2014 3386
575 335 643 368 DE
674 333 856 367 AMORE
887 331 1312 375 CONJUGIAL1.—N.
1342 323 1437 375 380.
1667 332 1751 376 297

251 451 354 487 'dum
379 449 490 497 quod
516 459 598 484 non
623 448 764 484 credis.
815 446 986 483 Nostine
1007 446 1116 493 quod
1143 456 1256 481 mens
1277 445 1453 480 humana
1473 444 1525 480 sit
1550 444 1753 480 elevabilis

247 514 378 550 ,supra
393 501 600 542 sensualia,
620 512 723 547 quae
740 507 834 537 sunt
855 511 957 547 quae
982 499 1023 535 in
1048 499 1359 545 cogitationibus
1379 504 1474 534 sunt
1498 508 1548 533 ex
1573 498 1753 533 sensibus

255 556 446 603 corporis,
464 562 505 591 et
525 554 632 601 quod
653 565 744 589 cum
766 554 945 589 elevatur
960 553 1095 588 videat
1115 552 1183 587 illa
1203 563 1306 597 quae
1322 551 1429 587 vitae
1448 557 1544 586 sunt
1564 562 1691 596 supra,
1713 558 1755 586 et

254 610 323 645 illa
331 620 432 656 quae
445 615 607 644 naturae
620 614 714 642 sunt
728 606 855 642 infra?
886 605 993 653 Quid
1004 605 1088 641 vita
1099 605 1208 640 aliud
1222 615 1341 651 quam
1353 615 1466 640 arnor
1477 610 1518 639 et
1530 603 1754 649 sapientia?

253 670 295 698 et
311 662 407 709 quid
420 669 563 697 natura
574 661 684 696 aliud
702 671 822 706 quam
837 659 994 694 illorum
1010 658 1316 704 receptaculum,
1332 668 1402 703 per
1414 657 1523 703 quod
1538 663 1755 703 operentur

252 726 348 752 suos
365 713 529 750 effeetus
550 724 620 749 seu
641 713 761 749 usus?
812 712 918 747 Num
940 712 1039 748 haec
1059 717 1229 758 possunt
1245 722 1370 746 unum
1392 721 1490 751 esse,
1509 721 1628 756 quam
1650 710 1754 745 sicut

252 767 471 814 principale
485 774 525 803 et
539 765 869 802 instrumentale?
917 765 1022 800 Num
1037 771 1171 811 potest
1185 764 1253 799 lux
1266 774 1389 798 unum
1404 774 1490 798 esse
1504 774 1594 798 cum
1609 762 1754 798 oculo?

253 832 349 856 num
367 831 490 856 sonus
506 831 597 855 cum
615 819 738 855 aure?
789 818 907 854 Unde
925 818 1068 853 horum
1086 828 1228 853 sensus
1249 816 1325 852 nisi
1347 827 1396 852 ex
1417 816 1510 857 vita,
1529 823 1570 852 et
1592 815 1751 851 illorum

251 873 403 910 formae
421 873 496 909 nisi
514 884 563 910 ex
581 871 751 908 natura?
801 871 908 919 Quid
926 882 1070 917 corpus
1083 870 1316 911 humanum,
1330 869 1406 905 nisi
1424 880 1544 915 quam
1558 879 1752 915 organum

250 927 387 963 vitae?
436 927 586 962 Annon
608 926 744 961 omnia
764 931 806 960 et
826 925 983 971 singula
1004 924 1057 959 ibi
1078 923 1264 970 organice
1281 923 1452 958 formata
1473 929 1567 958 sunt
1587 922 1638 957 ad
1661 933 1752 968 pro-

246 980 480 1016 ducendum
496 980 563 1014 illa
575 989 677 1025 quae
690 989 803 1014 amor
817 978 902 1014 vult
916 988 962 1013 ac
976 975 1202 1012 intellectus
1215 975 1393 1022 cogitat?
1432 975 1588 1011 Suntne
1602 985 1754 1021 organa

254 1033 434 1080 corporis
451 1044 499 1068 ex
518 1039 670 1072 natura,
688 1042 735 1067 ac
752 1042 865 1066 arnor
881 1037 923 1066 et
942 1030 1137 1077 cogitatio
1158 1040 1207 1066 ex
1228 1028 1336 1065 vita?
1388 1028 1543 1065 Suntne
1565 1029 1631 1064 illa
1649 1028 1753 1063 inter

248 1097 294 1123 se
319 1097 480 1133 prorsus
501 1083 719 1120 distincta?
771 1084 893 1119 Eleva
917 1084 1042 1119 aciem
1070 1082 1218 1130 ingenii
1244 1083 1377 1118 adhuc
1402 1093 1540 1128 parum
1561 1081 1692 1122 altius,
1711 1088 1752 1117 et

250 1139 416 1180 videbis,
435 1139 543 1185 quod
564 1138 672 1173 vitae
691 1137 743 1173 sit
760 1137 863 1173 affici
882 1143 923 1172 et
940 1136 1127 1183 cogitare,
1146 1142 1188 1171 et
1208 1136 1317 1182 quod
1335 1135 1438 1171 affici
1460 1135 1512 1170 sit
1533 1146 1582 1170 ex
1602 1141 1758 1175 amore,¹

251 1199 293 1228 et
312 1192 489 1239 cogitare
514 1203 563 1227 ex
588 1191 794 1237 sapientia,
812 1200 859 1226 ac
883 1196 1096 1236 utrumque
1121 1200 1171 1225 ex
1195 1189 1288 1230 vita,
1308 1200 1411 1229 nam,
1433 1195 1479 1224 ut
1504 1187 1656 1223 dictum
1678 1194 1750 1228 est,

255 1256 369 1282 amor
380 1252 420 1281 et
437 1244 634 1291 sapientia
647 1250 742 1280 sunt
758 1243 852 1279 vita.
903 1242 945 1278 Si
963 1242 1095 1278 adhuc
1109 1243 1240 1278 elevas
1254 1242 1484 1278 facultatem
1501 1241 1750 1288 intelligendi

251 1310 391 1345 parum
408 1298 540 1339 altius,
557 1297 723 1337 videbis,
741 1297 850 1342 quod
869 1307 949 1331 non
968 1296 1086 1331 detur
1103 1306 1216 1331 amor
1233 1302 1275 1331 et
1292 1295 1496 1341 sapientia,
1512 1294 1585 1330 nisi
1605 1294 1750 1330 alicubi

250 1352 304 1388 sit
320 1352 408 1398 ejus
425 1350 561 1397 Origo,
573 1357 614 1386 et
631 1350 739 1396 quod
755 1349 879 1396 Origo
893 1349 980 1395 ejus
998 1349 1050 1385 sit
1070 1348 1205 1395 [1¹¹ipse
1220 1349 1348 1384 Amor
1361 1349 1415 1393 et]
1438 1348 1530 1394 Ipsa
1542 1347 1749 1394 sapientia,

250 1411 292 1441 et
313 1405 406 1440 inde
427 1404 513 1450 ipsa
530 1403 632 1444 Vita,
651 1409 693 1438 et
714 1402 812 1438 haec
829 1409 924 1438 sunt
946 1402 1054 1438 Deus
1075 1413 1099 1437 a
1119 1413 1201 1448 quo
1218 1401 1393 1437 natura.'’

326 1457 473 1493 Postea
490 1456 614 1492 locuti
632 1467 770 1492 sumus
784 1466 874 1491 cum
890 1455 958 1491 illo
977 1455 1027 1490 de
1044 1455 1182 1496 altero,
1194 1456 1303 1490 Num
1316 1458 1490 1490 centrum
1504 1456 1558 1489 sz‘t
1573 1455 1749 1500 expansi,

248 1511 314 1546 vel
325 1521 418 1545 num
431 1513 643 1555 expansum
661 1511 714 1544 sit
730 1510 884 1550 centrz',·
903 1515 945 1544 et
962 1508 1243 1554 quaesivimus,
1258 1518 1329 1543 cur
1342 1508 1419 1543 hoc
1436 1507 1616 1543 ventilat.
1668 1506 1747 1542 Re-

248 1564 421 1610 spondit,
437 1570 600 1609 propter
618 1563 738 1598 finem
756 1569 801 1597 ut
819 1562 1033 1598 concludat
1046 1562 1096 1597 de
1114 1568 1254 1597 centro
1272 1568 1313 1597 et
1330 1571 1508 1607 expanso
1522 1567 1687 1596 naturae
1705 1566 1746 1596 et

247 1617 366 1658 vitae,
385 1617 441 1652 ita
461 1617 511 1652 de
531 1616 686 1662 origine
705 1615 823 1651 unius
845 1622 886 1651 et
906 1615 1090 1650 alterius:
1111 1621 1152 1650 et
1173 1625 1263 1650 cum
1283 1614 1625 1660 interrogavimus,
1644 1624 1748 1659 quae

249 1671 337 1716 ejus
352 1681 476 1710 mens,
491 1669 699 1715 respondit
717 1668 767 1704 de
785 1668 847 1704 his
862 1668 1046 1704 similiter
1062 1675 1108 1703 ut
1126 1668 1246 1714 prius,
1262 1668 1370 1714 quod
1389 1675 1603 1713 utrumque
1621 1666 1750 1712 possit

248 1723 493 1763 confirmare,
506 1723 575 1758 sed
589 1722 698 1768 quod
713 1732 763 1757 ex
776 1721 920 1757 timore
930 1720 1106 1767 jacturae
1117 1720 1246 1756 famae
1258 1720 1466 1756 confirmet
1478 1720 1587 1766 quod
1601 1730 1749 1765 expan-

249 1787 336 1812 sum
355 1776 406 1811 sit
423 1775 561 1816 centri,
577 1774 655 1811 hoc
672 1781 743 1815 est,
761 1785 785 1810 a
801 1780 963 1815 centro;
989 1779 1010 1792 “
1022 1774 1182 1810 tametsi
1195 1774 1278 1809 scio
1290 1774 1397 1820 quod
1412 1780 1506 1808 ante
1520 1773 1646 1808 solem
1661 1772 1747 1808 fue-

248 1829 300 1864 rit
316 1829 478 1875 aliquid,
497 1835 538 1864 et
558 1828 636 1864 hoc
654 1828 783 1864 ubivis
805 1827 844 1863 in
866 1827 1066 1868 universo,
1084 1834 1126 1863 et
1145 1827 1253 1874 quod
1276 1827 1375 1862 haec
1396 1827 1436 1862 in
1452 1826 1637 1862 vordinem
1649 1837 1684 1862 a
1703 1836 1747 1862 se

248 1882 523 1922 confluxerint,
544 1881 600 1916 ita
618 1881 658 1916 in
676 1880 850 1917 centra.’'

319 1935 398 1972 Sed
416 1942 512 1970 tunc
531 1934 673 1970 iterum
692 1933 856 1970 allocuti
873 1944 1010 1970 sumus
1029 1933 1139 1968 illum
1157 1944 1206 1969 ex
1223 1933 1308 1969 zelo
1328 1932 1573 1979 indignante,
1587 1938 1629 1968 et
1646 1931 1747 1967 dixi-

251 1999 350 2029 mus,
365 1993 386 2007 “
398 1988 550 2029 Amice,
566 1987 716 2023 insanis
730 1987 763 2028 ;”
789 1993 831 2022 et
843 1997 935 2023 cum
950 1987 1026 2023 hoc
1040 1986 1204 2027 audivit,
1220 1987 1385 2022 retraxit
1399 1987 1543 2021 solium
1562 1997 1586 2021 a
1599 1996 1747 2026 mensa,

247 2048 289 2077 et
305 2040 446 2077 timide
463 2052 536 2077 nos
554 2040 720 2086 aspexit,
738 2046 779 2076 et
795 2046 893 2075 tunc
909 2040 1084 2075 attendit
1100 2050 1248 2080 aurem,
1266 2040 1336 2075 sed
1354 2040 1499 2075 ridens.
1545 2039 1603 2074 At
1619 2039 1748 2074 conti-

251 2094 461 2130 nuavimus
482 2094 665 2134 dicendo,
685 2092 826 2140 “Quid
848 2093 1025 2129 insanius
1047 2099 1110 2128 est
1130 2093 1275 2134 dicere,
1293 2103 1413 2139 quam
1434 2092 1542 2138 quod
1563 2098 1748 2127 centrum

251 2148 304 2185 sit
320 2148 369 2183 ab
387 2158 574 2193 expanso,
595 2149 682 2193 (per
698 2153 879 2183 centrum
895 2153 1009 2182 tuum
1029 2146 1286 2193 intelligimus
1304 2146 1439 2186 solem,
1455 2153 1494 2181 et
1513 2157 1583 2191 per
1599 2156 1747 2191 expan-

249 2211 337 2236 sum
354 2207 467 2236 tuum
487 2199 744 2246 intelligimus
762 2199 1019 2244 universum)
1038 2206 1080 2235 et
1097 2199 1154 2235 sic
1171 2199 1281 2245 quod
1300 2199 1529 2235 universum
1549 2199 1747 2234 exstiterit

248 2255 398 2300 absque
417 2251 529 2288 sole?
559 2252 722 2288 Facitne
742 2253 802 2288 sol
824 2259 1006 2288 naturam
1025 2259 1066 2288 et
1083 2263 1224 2288 omnes
1244 2253 1331 2298 ejus
1353 2252 1626 2298 proprietates,
1645 2262 1750 2297 quae

248 2307 364 2343 unice
376 2307 607 2352 dependent
620 2317 644 2342 a
656 2307 788 2342 calore
802 2313 843 2342 et
856 2306 944 2342 luce
955 2306 1264 2352 procedentibus
1278 2317 1302 2341 a
1314 2306 1398 2342 sole
1413 2317 1482 2351 per
1492 2306 1746 2351 atmosphae-

253 2359 347 2396 ras?
382 2359 556 2396 Ubinam
575 2359 674 2395 haec
691 2358 827 2405 prius?
862 2358 941 2395 Sed
960 2359 1067 2395 unde
1084 2359 1193 2400 haec,
1213 2359 1253 2394 in
1275 2366 1468 2405 sequente
1484 2358 1746 2394 ventilatione

252 2413 441 2449 dicemus.
491 2412 648 2448 Suntne
665 2412 979 2458 atmosphaerae,
998 2419 1038 2448 et
1056 2411 1192 2447 omnia
1209 2423 1312 2457 quae
1333 2422 1452 2457 super
1469 2411 1622 2451 tellure,
1642 2411 1746 2446 sicut

250 2466 487 2512 superficies,
509 2473 549 2502 et
570 2466 629 2502 sol
652 2466 807 2501 illorum
829 2466 1041 2502 centrum?
1091 2465 1200 2512 Quid
1224 2466 1289 2501 illa
1309 2466 1444 2500 omnia
1464 2466 1612 2510 absque
1634 2463 1745 2500 sole?

250 2518 356 2554 Num
379 2520 535 2565 possint
554 2530 636 2555 uno
655 2526 860 2555 momento
877 2518 1119 2555 subsistere?
1171 2518 1269 2554 Inde
1290 2518 1386 2564 quid
1409 2518 1476 2553 illa
1496 2518 1631 2553 omnia
1651 2523 1745 2552 ante

249 2571 403 2608 solem?
453 2571 560 2607 Num
593 2572 797 2618 potuerint
821 2571 1068 2608 subsistere?
1120 2572 1242 2607 Estne
1267 2571 1526 2606 subsistentia
1551 2577 1746 2616 perpetua

249 2624 491 2663 existentia?
533 2624 634 2661 Cum
662 2624 795 2670 itaque
820 2625 1001 2661 omnium
1029 2631 1194 2660 naturae
1218 2624 1477 2660 subsistentia
1502 2631 1562 2659 est
1596 2634 1618 2658 e
1647 2623 1743 2663 sole.

250 2677 428 2723 sequitur
448 2678 556 2723 quod
582 2677 702 2712 etiam
729 2678 908 2713 omnium
927 2677 1157 2718 existentia:
1179 2677 1257 2712 hoc
1281 2677 1392 2712 videt
1418 2683 1459 2712 et
1486 2688 1534 2711 ex
1560 2676 1746 2721 autopsia

249 2730 431 2776 agnoscit
448 2730 732 2776 unusquisque.
782 2730 930 2766 Annon
946 2730 1143 2776 posterius
1157 2730 1259 2765 sicut
1277 2730 1412 2765 existit
1427 2730 1547 2765 etiam
1562 2728 1745 2764 subsistit

249 2792 298 2818 ex
311 2782 457 2828 prlori?
483 2782 523 2818 Si
536 2783 763 2828 superficies
775 2782 877 2819 foret
889 2783 1009 2829 prius,
1021 2790 1061 2819 et
1071 2789 1253 2818 centrum
1266 2783 1475 2828 posterius,
1487 2792 1620 2816 annon
1634 2781 1745 2826 prius

249 2835 482 2872 subsisteret
494 2847 544 2871 ex
558 2835 779 2882 posteriori,
793 2837 901 2882 quod
915 2842 1050 2872 tamen
1065 2842 1126 2871 est
1139 2842 1280 2871 contra
1292 2836 1400 2881 leges
1414 2833 1592 2870 ordinis?
1633 2832 1744 2880 Quo-

251 2888 372 2923 modo
394 2895 562 2934 possunt
583 2888 806 2935 posteriora
826 2889 1046 2935 producere
1067 2889 1210 2934 priora,
1228 2895 1299 2924 aut
1324 2888 1522 2924 exteriora
1542 2887 1742 2927 interiora,

250 2946 319 2975 aut
329 2941 521 2976 crassiora
533 2941 718 2987 puriora?
757 2941 855 2977 Inde
865 2942 1069 2987 quomodo
1081 2941 1310 2987 superficies
1321 2952 1422 2987 quae
1435 2940 1585 2975 faciunt
1596 2950 1743 2985 expan-

250 3002 338 3031 sum
353 3002 520 3041 possunt
534 2995 750 3041 producere
764 2994 927 3032 centra?
977 2994 1076 3043 Quis
1089 3006 1169 3031 non
1182 2995 1302 3036 videt,
1317 2994 1425 3041 quod
1444 2995 1521 3029 hoc
1538 2993 1591 3029 sit
1604 3000 1745 3030 contra
