2014 3386
562 345 630 379 DE
663 343 842 378 AMORE
872 342 1299 386 CONJUGIAL1.—N.
1318 314 1379 374 '28
1386 341 1421 386 5.
1653 343 1736 385 223

237 462 355 505 sicut
378 461 499 503 salus
521 459 760 502 societatis
783 472 979 512 magnae
997 457 1230 511 dependet
1253 471 1313 498 ex
1332 456 1506 504 ordine,
1526 455 1591 497 ita
1614 455 1737 496 salus
1771 475 1773 478 ⁴

235 526 472 568 societatis
502 523 633 577 hujus
665 537 832 577 parvae
864 536 925 564 ex
956 521 1141 563 ordine:
1180 534 1317 574 quare
1349 519 1737 574 quemadmodum

235 591 430 632 interest
461 588 668 643 personis
701 587 1000 640 magistratus
1032 585 1256 639 dispicere
1297 590 1344 625 et
1379 584 1653 637 prospicere,
1687 590 1738 624 ut

235 653 296 694 sit
319 659 367 694 et
393 656 600 692 servetur
622 650 736 691 ordo
762 650 807 690 in
831 649 1056 690 societate
1083 647 1355 701 composita,
1380 647 1446 687 ita
1468 645 1738 699 conjugibus

234 717 280 758 in
307 715 525 768 singulari
552 728 646 755 sua.
707 712 798 755 Sed
825 713 896 754 hic
920 713 1032 754 ordo
1059 725 1151 753 non
1178 711 1342 752 dabilis
1369 717 1455 760 est,
1485 711 1520 751 si
1548 711 1738 751 maritus

234 786 282 822 et
315 793 432 820 uxor
462 778 625 819 animis
657 778 897 826 dissident,
930 790 1010 831 per
1040 775 1086 817 id
1122 776 1243 817 enim
1275 781 1433 816 mutua
1463 773 1657 815 consilia
1689 779 1736 814 et

235 843 406 884 auxilia
432 843 476 883 in
503 842 731 882 diversum
765 841 1023 889 trahuntur,
1051 853 1104 881 ac
1136 840 1402 880 dividuntur
1432 838 1550 879 sicut
1582 837 1735 885 animi,

236 914 284 949 et
310 907 373 948 sic
406 906 678 946 discinditur
708 905 852 946 forma
883 918 1051 959 parvae
1083 903 1348 953 societatis;
1382 916 1519 957 quare
1547 901 1604 942 ad
1642 915 1736 942 ser-

235 971 435 1012 vandum
468 970 688 1018 ordinem,
722 975 769 1010 et
802 982 882 1022 per
912 967 1039 1009 illum
1071 967 1128 1008 ad
1169 966 1536 1021 prospiciendum
1574 965 1658 1006 sibi
1689 970 1737 1005 et

235 1034 368 1076 simul
395 1034 564 1082 domui,
593 1039 672 1074 aut
699 1032 853 1073 domui
875 1038 922 1073 et
946 1030 1078 1073 simul
1110 1031 1210 1079 sibi,
1238 1044 1295 1072 ne
1327 1031 1371 1071 in
1403 1042 1585 1084 pessum
1610 1035 1734 1077 eant,

235 1104 283 1140 et
309 1098 354 1139 in
380 1097 630 1151 perniciem
656 1091 805 1145 ruant,
837 1096 1091 1136 necessitas
1123 1093 1332 1148 postulat
1364 1100 1414 1134 ut
1447 1093 1658 1134 dominus
1688 1099 1736 1134 et

235 1162 421 1202 domina
448 1159 748 1208 concordent,
772 1172 824 1200 ac
852 1172 989 1199 unum
1020 1158 1218 1208 faciant;
1252 1158 1373 1211 quod
1402 1157 1438 1197 si
1462 1171 1551 1197 non
1581 1162 1737 1209 potest

234 1224 329 1266 fieri
355 1230 543 1278 propter
569 1224 813 1264 discrimen
841 1222 1078 1270 mentium,
1107 1235 1247 1275 usque
1274 1227 1323 1262 ut
1355 1220 1472 1261 bene
1499 1221 1573 1269 sit,
1602 1234 1735 1273 opor-

234 1295 306 1330 tet
333 1295 380 1330 et
407 1302 587 1342 quoque
613 1288 749 1328 decet
775 1293 824 1328 ut
856 1287 899 1327 id
932 1285 1011 1327 fiat
1045 1299 1124 1339 per
1154 1285 1596 1338 repraesentativam
1623 1284 1736 1325 ami-

235 1353 391 1394 citiam
433 1350 768 1405 conjugialem;
815 1350 936 1404 quod
976 1350 1082 1391 inde
1127 1349 1401 1390 concordiae
1442 1349 1486 1389 in
1527 1347 1737 1388 domibus

236 1416 575 1457 confarciantur
592 1421 781 1469 propter
799 1414 1103 1455 necessitates
1122 1419 1168 1455 et
1191 1413 1295 1454 inde
1318 1412 1554 1462 utilitates,
1574 1418 1735 1453 notum

235 1485 318 1520 est.

319 1543 450 1597 284.
493 1540 628 1596 (xiii.)
666 1539 794 1591 Quod
810 1540 903 1582 sint
918 1546 1106 1594 propter
1127 1554 1279 1581 curam
1300 1539 1539 1592 infantum,
1559 1545 1602 1580 et
1620 1553 1736 1592 erga

235 1606 409 1655 liberos,
442 1604 904 1657 unicordem—Quod
942 1604 1258 1646 simulationes
1290 1603 1586 1657 conjugiales,
1621 1617 1736 1657 quae

235 1676 340 1711 sunt
364 1670 663 1723 apparentiae
689 1670 856 1710 amoris
883 1675 930 1710 et
957 1669 1200 1716 amicitiae,
1229 1669 1373 1709 instar
1398 1682 1504 1709 vere
1531 1667 1735 1720 conjugi-

234 1734 386 1782 alium,
411 1740 597 1787 propter
622 1733 818 1774 infantes
845 1738 892 1773 et
920 1731 1086 1773 liberos
1109 1732 1228 1772 inter
1254 1731 1471 1784 conjuges
1498 1731 1604 1779 sint,
1632 1744 1734 1784 per-

234 1810 369 1851 quam
396 1803 555 1838 notum
583 1802 681 1846 est;
715 1795 970 1837 communis
996 1794 1157 1835 horum
1183 1807 1312 1835 amor
1341 1794 1464 1842 facit,
1489 1799 1538 1834 ut
1565 1793 1734 1846 conjux

233 1859 414 1914 spectet
433 1860 675 1913 conjugem
698 1860 898 1912 benigne
921 1864 968 1900 et
990 1858 1211 1899 faventer.
1272 1857 1420 1898 Amor
1437 1857 1662 1898 infantum
1686 1864 1734 1899 et

234 1924 479 1966 liberorum
511 1924 631 1977 apud
664 1930 860 1964 matrem
892 1929 940 1965 et
972 1930 1150 1977 patrem
1192 1936 1241 1963 se
1283 1922 1582 1975 conjungunt,
1617 1923 1734 1964 sicut

233 2001 312 2029 cor
337 1994 383 2029 et
407 1987 562 2041 pulmo
587 1988 632 2028 in
659 1985 871 2040 pedor&
905 2000 1033 2028 amor
1064 1986 1243 2027 illorum
1276 1987 1396 2040 apud
1429 1992 1624 2027 matrem
1662 1992 1733 2027 est

234 2052 350 2092 sicut
383 2065 461 2092 cor
492 2051 567 2099 ibi,
601 2056 648 2092 et
679 2064 808 2091 amor
839 2064 949 2104 erga
980 2050 1083 2091 illos
1122 2050 1242 2104 apud
1283 2056 1462 2104 patrem
1504 2056 1576 2091 est
1614 2050 1733 2091 sicut

233 2114 388 2169 pulmo
410 2115 496 2155 ibi:
531 2127 668 2155 causa
691 2115 1048 2167 comparationis
1070 2120 1156 2163 est,
1177 2114 1280 2167 quia
1302 2127 1379 2155 cor
1402 2113 1731 2167 correspondet

233 2179 390 2226 amori,
411 2184 457 2219 et
481 2178 637 2231 pulmo
663 2176 929 2226 intellectui,
950 2184 997 2218 et
1020 2190 1148 2218 amor
1169 2191 1229 2218 ex
1251 2176 1495 2218 voluntate
1517 2183 1588 2217 est
1611 2176 1730 2230 apud

234 2248 444 2290 matrem,
473 2248 519 2282 et
551 2254 679 2282 amor
710 2255 769 2282 ex
802 2239 1042 2282 intellectu
1073 2247 1144 2282 est
1179 2240 1298 2293 apud
1336 2246 1530 2294 patrem.
1592 2239 1732 2293 Apud

232 2303 440 2346 homines
478 2304 737 2358 spirituales
775 2310 846 2345 est
887 2302 1147 2357 conjumffio
1183 2303 1452 2356 conjugialis
1489 2316 1568 2357 per
1603 2303 1731 2343 illum

233 2381 435 2409 amorem
458 2382 517 2409 ex
540 2367 714 2421 justitia
737 2374 784 2409 et
806 2367 1001 2421 judicio;
1035 2381 1095 2409 ex
1117 2367 1305 2421 justitia,
1329 2367 1434 2420 quia
1456 2373 1604 2416 mater
1626 2380 1731 2419 ges·

183 2461 186 2469 .
234 2437 413 2472 taverat
440 2431 544 2472 illos
576 2438 721 2480 utero,
750 2444 852 2472 cum
880 2430 1040 2472 dolore
1072 2437 1312 2484 pepererat
1343 2430 1461 2478 illos,
1490 2436 1536 2471 et
1570 2436 1733 2483 postea

233 2507 338 2535 cura
355 2494 582 2535 indefessa
600 2493 754 2543 lactat,
774 2495 932 2543 nutrit,
953 2495 1159 2543 mundat,
1179 2495 1335 2535 amicit
1359 2500 1406 2535 et
1425 2493 1590 2534 educat
1613 2492 1729 2533 illos.

317 2558 446 2612 285·
490 2557 626 2612 (xiv.)
663 2556 791 2607 Quod
810 2558 903 2599 sint
920 2564 1112 2610 propter
1129 2564 1283 2611 pacem
1308 2557 1354 2598 in
1380 2555 1728 2598 doma—Simu-

233 2618 431 2661 lationes
457 2621 738 2674 conjugiales
761 2635 840 2662 seu
862 2622 1089 2662 amicitiae
1113 2627 1336 2662 externae
1360 2627 1547 2674 propter
1569 2633 1728 2673 pacem

233 2690 280 2725 et
304 2684 688 2738 tranquillitatem
716 2685 855 2734 domi,
883 2691 990 2726 sunt
1017 2685 1259 2738 praecipue
1285 2685 1406 2734 viris,
1436 2685 1494 2725 ob
1521 2683 1730 2725 naturale

233 2746 637 2789 characteristicon
674 2747 870 2796 illorum,
903 2748 1024 2801 quod
1057 2762 1117 2788 ex
1149 2746 1389 2788 intellectu
1430 2753 1573 2800 agant
1606 2745 1728 2799 quod

233 2817 404 2863 agunt;
436 2824 488 2852 ac
511 2809 787 2860 intelleeffls,
807 2811 911 2865 quia
933 2817 1003 2852 est
1029 2811 1256 2863 cogitans,
1274 2817 1428 2852 versat
1452 2810 1588 2857 varia,
1613 2822 1728 2862 quae

232 2874 432 2915 animum
454 2874 652 2916 reddunt
679 2875 944 2928 inquietum,
969 2874 1245 2923 distrahunt,
1270 2881 1316 2916 et
1339 2875 1555 2923 turbant;
1589 2885 1727 2926 quare

233 2937 269 2977 si
308 2937 431 2978 domi
461 2937 578 2979 foret
610 2938 980 2992 intranquillitas,
1015 2937 1159 2987 fieret,
1193 2938 1313 2992 quod
1345 2937 1509 2978 vitales
1546 2935 1726 2977 illorum

234 3001 414 3054 spiritus
440 3002 832 3055 elanguescerent‚
856 3015 908 3043 ac
936 3003 1123 3044 interior
1148 3001 1328 3043 illorum
1355 3002 1449 3042 vita
1475 3000 1603 3054 quasi
1629 2998 1726 3041 leto
