2014 3386
571 325 639 358 DE
671 323 853 357 AMORE
876 323 1304 367 CONJUGIAL1.—N.
1328 314 1399 369 ¹59.
1680 324 1728 369 55

460 438 531 484 (v.)
564 437 678 484 Quod
692 439 811 472 etiam
835 438 889 472 sit
908 444 1018 472 amor
1030 437 1349 484 fundamentalis
1364 438 1534 472 omnium
1553 448 1729 472 amorum

656 485 872 520 caelestium
890 489 926 519 et
941 485 1227 531 spiritualium,
1249 489 1287 519 et
1302 485 1392 519 inde
1408 485 1667 520 naturalium.

439 532 524 579 (vi.)
560 532 741 579 Quodque
757 534 800 567 in
814 533 925 567 illum
943 543 1110 567 amorem
1128 532 1266 567 collata
1283 533 1365 566 sint
1380 534 1509 566 omnia
1520 531 1677 578 gaudia
1694 535 1733 566 et

300 600 313 620 ς
657 591 782 614 omnes
797 580 958 614 deliciae
974 591 998 614 a
1012 581 1162 625 primis
1182 580 1238 614 ad
1252 580 1404 614 ultima.

423 626 522 673 (vii.)
559 626 636 662 Sed
654 627 758 672 quod
769 638 843 662 non
865 627 943 662 alii
965 629 1007 661 in
1028 627 1139 661 illum
1165 626 1332 661 amorem
1349 627 1522 666 veniant,
1540 629 1576 660 et
1595 627 1639 660 in
1665 626 1730 660 illo

656 686 730 709 esse
746 676 907 719 possint,
930 685 1046 719 quam
1073 675 1146 718 qui
1165 674 1309 708 adeunt
1334 674 1556 714 Dominum,
1575 684 1621 707 ac
1636 684 1729 707 vera

656 722 827 756 ecclesiae
843 726 989 762 amant,
1008 725 1045 755 et
1064 722 1158 755 bona
1177 722 1259 766 ejus
1267 721 1446 766 saczQunt

405 768 518 814 (viii.)
554 769 669 815 Quod
683 769 748 803 lzz'c
759 780 869 803 amor
873 769 1012 815 suerzt
1025 779 1136 802 amor
1149 779 1322 802 amorum
1337 767 1447 812 apud
1458 768 1647 812 antzquos,
1662 777 1729 811 qut

656 818 699 850 in
723 816 869 850 saeculo
889 827 1016 855 aureo,
1038 819 1218 861 argenteo
1238 819 1275 849 et
1298 818 1435 860 cupreo
1451 817 1648 854 vixerant,
1665 813 1734 849 sed

655 863 758 908 quod
769 866 899 909 postea
916 863 1348 909 successivefacesserit.

230 956 499 1010 Explicatio
524 955 685 997 horum
712 969 829 997 nunc
857 956 1070 1009 sequitur.

313 1020 409 1075 58.
442 1019 554 1074 [(ἰ.)]
592 1017 720 1068 Quod
743 1019 874 1061 detur
902 1033 1030 1069 amor
1057 1032 1159 1060 vere
1186 1018 1464 1073 conjugz'alz's,
1497 1018 1577 1072 qui
1602 1017 1731 1059 hodie

230 1090 324 1126 tam
345 1098 482 1125 rarus
503 1090 582 1133 est,
608 1089 657 1124 ut
685 1097 768 1123 non
799 1083 970 1124 sciatur
989 1082 1137 1136 qualis
1168 1089 1247 1131 est,
1271 1088 1314 1123 et
1342 1082 1423 1122 vix
1452 1082 1572 1135 quod
1596 1081 1730 1122 sit.—

231 1146 368 1201 Quod
405 1147 538 1205 detur
576 1146 681 1188 talis
721 1160 848 1187 amor
886 1146 1168 1199 conjugialis‚
1202 1145 1345 1199 qualis
1382 1145 1652 1186 describitur
1681 1145 1727 1185 in

228 1210 298 1252 his
330 1211 641 1265 sequentibus,
675 1210 858 1264 quidem
895 1216 1051 1263 potest
1083 1210 1273 1262 agnosci
1314 1223 1374 1250 ex
1415 1209 1562 1262 primo
1603 1214 1728 1249 statu

229 1273 349 1315 illius
371 1274 552 1323 amoris,
580 1274 762 1328 quando
789 1287 836 1314 se
862 1274 907 1313 in
934 1287 1012 1314 cor
1038 1272 1215 1326 juvenis
1241 1278 1288 1313 et
1314 1272 1503 1325 virginis
1530 1272 1728 1312 insinuat

229 1351 282 1380 ac
308 1338 478 1389 intrat3
510 1338 575 1379 ita
601 1338 720 1390 apud
747 1337 864 1386 illos,
889 1337 962 1390 qui
984 1349 1119 1377 unam
1143 1335 1289 1377 solam
1316 1349 1340 1376 e
1367 1349 1481 1376 sexu
1506 1335 1727 1388 incipiunt

228 1414 397 1451 amare,
424 1414 477 1442 ac
504 1401 760 1442 desiderare
785 1401 829 1441 in
862 1413 1104 1454 sponsam;
1138 1405 1185 1440 et
1211 1398 1359 1440 adhuc
1394 1398 1494 1452 plus
1520 1404 1728 1451 ternpore

228 1465 612 1518 desponsationi5‚
647 1465 754 1505 dum
795 1463 882 1504 hoc
923 1462 1217 1517 protrahitur,
1258 1468 1304 1503 et
1346 1461 1639 1516 progreditur
1669 1460 1726 1501 ad

229 1527 440 1581 nuptias3
473 1533 520 1568 et
547 1527 736 1568 tandem
759 1528 803 1567 in
831 1527 1013 1580 nuptiiS,
1040 1532 1088 1567 et
1114 1525 1268 1579 primis
1294 1525 1453 1565 diebus
1479 1530 1584 1577 post
1611 1523 1726 1564 illas.

230 1589 342 1644 Quis
373 1596 481 1632 tunc
515 1604 605 1631 non
638 1591 865 1644 agnoscit,
893 1596 940 1631 et
973 1589 1204 1630 consentit
1235 1589 1293 1629 ad
1325 1589 1562 1642 sequentia
1594 1587 1724 1636 haec,

229 1654 350 1708 quod
381 1653 457 1695 ille
488 1667 614 1694 amor
644 1654 703 1695 sit
734 1653 1089 1694 fundamentalis
1120 1652 1322 1693 omnium
1354 1651 1592 1692 amorum?
1628 1656 1724 1691 tum

228 1716 350 1770 quod
377 1717 421 1757 in
447 1716 573 1757 illum
597 1716 770 1757 collata
795 1717 887 1757 sint
909 1716 1061 1756 omnia
1087 1715 1254 1769 gaudia
1279 1721 1325 1756 et
1352 1727 1511 1755 omnes
1535 1713 1724 1755 deliciae

228 1794 255 1821 a
281 1780 435 1835 primis
466 1780 523 1821 ad
555 1780 745 1821 ultima?
804 1779 867 1820 Et
895 1780 992 1833 quis
1025 1793 1115 1820 non
1148 1780 1249 1828 scit,
1278 1778 1399 1832 qu‘od
1431 1783 1536 1831 post
1567 1790 1722 1818 amoe-

228 1857 335 1884 num
356 1844 444 1885 hoc
466 1849 645 1897 tempus
663 1844 919 1884 successive
938 1849 1177 1884 transeant
1195 1848 1243 1883 et
1264 1842 1494 1882 facessant
1518 1840 1724 1881 laetitiae

228 1905 349 1956 illae,
383 1921 522 1960 usque
562 1907 752 1948 tandem
783 1913 833 1947 ut
863 1907 943 1947 vix
983 1906 1184 1946 sentiant
1225 1904 1358 1946 illas?
1419 1903 1464 1945 Si
1496 1910 1604 1945 tunc
1637 1903 1725 1944 illis

228 1970 392 2012 dicitur
417 1970 537 2011 idem
564 1970 684 2024 quod
712 1970 847 2023 prius,
876 1969 996 2023 quod
1019 1982 1147 2010 amor
1172 1968 1247 2009 ille
1280 1969 1338 2009 sit
1368 1966 1725 2008 fundamentalis

228 2034 431 2074 omnium
470 2046 689 2082 amorum,
728 2038 776 2074 et
816 2032 936 2086 quod
977 2033 1021 2072 in
1061 2031 1188 2072 illum
1227 2031 1399 2072 collata
1439 2031 1530 2071 sint
1572 2030 1726 2070 omnia

228 2097 395 2149 gaudia
432 2102 479 2138 et
518 2096 735 2145 laetitiae,
770 2109 861 2137 non
902 2095 1196 2136 consentiunt
1233 2108 1316 2135 nec
1349 2099 1636 2147 agnoscunt;
1678 2099 1724 2134 et

228 2158 346 2202 forte
371 2160 542 2208 dicent,
566 2159 686 2213 quod
714 2160 804 2200 sint
832 2172 996 2211 nugae,
1021 2164 1098 2199 aut
1126 2158 1247 2212 quod
1274 2158 1364 2198 sint
1392 2157 1587 2209 mystica
1609 2169 1724 2210 quae

228 2223 573 2270 transcendunt.
635 2222 710 2263 Ex
742 2222 811 2263 his
843 2228 988 2276 patet,
1016 2221 1136 2275 quod
1168 2234 1296 2262 amor
1327 2220 1579 2273 primitivus
1612 2232 1723 2259 con-

225 2285 335 2340 jugii
367 2285 618 2327 aemuletur
644 2299 846 2327 amorem
871 2291 978 2326 vere
1005 2283 1322 2337 conjugialem,
1350 2289 1397 2324 et
1429 2283 1564 2323 sistat
1596 2281 1722 2322 illurn

229 2349 473 2390 videndum
500 2349 544 2389 in
571 2348 766 2402 quadam
789 2348 1018 2401 imagine;
1051 2347 1171 2401 quod
1197 2346 1261 2395 fit,
1286 2347 1388 2400 quia
1410 2352 1518 2386 tunc
1546 2344 1724 2398 projec-

229 2418 303 2453 tus
334 2418 405 2453 est
442 2425 570 2452 amor
601 2425 754 2460 sexus,
782 2411 856 2464 qui
893 2417 964 2452 est
1002 2411 1220 2459 incastus,
1249 2423 1300 2451 ac
1339 2409 1441 2450 loco
1473 2408 1566 2461 ejus
1597 2421 1724 2448 amor

230 2475 358 2515 unius
398 2489 422 2516 e
462 2488 590 2522 sexu,
624 2475 697 2527 qui
736 2479 806 2515 est
845 2487 972 2514 amor
1002 2487 1108 2514 vere
1148 2471 1428 2525 conjugialis,
1463 2478 1510 2512 et
1551 2477 1720 2519 castus,

230 2537 398 2579 insidet
424 2537 733 2590 implantatus.
790 2536 902 2590 Quis
925 2543 1034 2577 tunc
1061 2549 1152 2576 non
1178 2534 1356 2590 spectat
1378 2535 1490 2576 alias
1512 2534 1723 2575 mulieres

231 2606 343 2642 nutu
369 2601 587 2648 inamato,
612 2614 664 2641 ac
692 2613 819 2640 suam
846 2600 1024 2640 unicam
1047 2598 1234 2639 amato?

314 2672 412 2716 59.
453 2662 587 2716 Quod
614 2670 769 2704 tamen
797 2676 923 2704 arnor
949 2676 1054 2703 vere
1081 2660 1347 2714 conjugialis
1369 2667 1465 2702 tam
1492 2673 1617 2701 rarus
1649 2659 1721 2707 sit,

234 2731 284 2766 ut
314 2739 404 2766 non
437 2727 606 2767 sciatur
631 2726 776 2780 qualis
807 2732 892 2775 est,
921 2731 967 2767 et
991 2726 1070 2766 vix
1096 2724 1217 2778 quod
1250 2725 1323 2773 sit,
1351 2730 1421 2765 est
1449 2724 1551 2776 quia
1576 2727 1723 2761 status

234 2788 563 2829 amoenitatum
597 2796 705 2830 ante
740 2790 934 2842 nuptias,
963 2794 1067 2842 post
1105 2787 1207 2828 illas
1240 2793 1443 2827 mutatur
1474 2786 1517 2826 in
1550 2790 1723 2825 statum

233 2849 559 2892 indifferentiae
577 2865 635 2892 ex
655 2851 1006 2892 insensibilitate
1023 2850 1215 2891 illarum.
1264 2849 1438 2891 Causae
1457 2846 1723 2888 mutationis

234 2912 351 2953 illius
391 2918 535 2954 status
576 2920 680 2955 sunt
718 2914 867 2967 plures
907 2926 1041 2967 quam
1081 2913 1153 2954 hic
1196 2918 1387 2966 possunt
1428 2910 1602 2959 afferri;
1643 2908 1724 2950 sed

235 2974 476 3017 afferentur
500 2976 545 3016 in
576 2977 885 3030 sequentibus,
913 2977 987 3017 ubi
1019 2989 1181 3017 causae
1212 2975 1442 3028 frigorum,
1469 2972 1723 3026 separatio-
