2014 3386
302 339 380 386 188
761 348 1003 382 DELICIAE
1033 348 1340 382 SAPIENTIAE

370 460 420 496 Et
445 460 714 506 quaesivimus
741 461 862 501 illum,
889 472 983 496 num
1009 461 1130 497 etiam
1157 462 1283 508 possit
1308 462 1544 499 confirmare
1569 463 1792 506 contraria:

296 512 419 554 Dixit,
443 515 551 560 quod
573 520 655 549 tam
678 515 778 550 bene
800 515 904 550 sicut
925 514 1081 561 priora:
1110 514 1211 550 dixit
1230 522 1327 551 ωηο
1347 523 1495 562 aperte,
1517 522 1559 552 et
1583 527 1633 552 ex
1658 517 1791 558 corde,

295 566 437 613 “Quid
458 567 626 603 verum?
659 578 754 602 num
777 567 929 603 1¹Jdatur
949 567 1111 613 aliquod
1133 579 1271 603 verum
1294 568 1333 604 in
1355 580 1486 604 rerum
1509 575 1652 604 natura
1671 569 1791 611 aliud,

294 630 414 666 quam
428 620 537 666 quod
555 620 679 656 homo
691 620 788 656 facit
805 620 974 656 verum?
1017 620 1093 656 Dic
1111 621 1209 656 mihi
1223 621 1413 668 quicquid
1432 622 1573 668 placet,
1587 628 1630 658 et
1645 621 1790 658 faciam

295 672 336 708 id
355 679 400 708 ut
417 673 470 709 sit
486 673 662 709 verum.''

367 725 418 761 Et
436 725 530 766 dixi,
550 730 570 744 ‘¹
585 725 664 761 Fac
681 726 760 761 hoc
777 736 929 767 verum,
949 725 1068 773 Quod
1087 726 1186 762 fides
1205 726 1258 762 sit
1274 738 1395 762 omne
1411 726 1640 764 ecelesiae.”

369 778 420 814 Et
437 778 531 814 fecit
549 779 627 814 hoc
645 779 702 814 ita
718 779 857 815 dextre
875 786 917 814 et
934 779 1111 820 solerter,
1126 786 1171 814 ut
1187 780 1333 815 eruditi
1347 780 1651 816 circumstantes
1664 779 1792 816 admi-

293 831 368 867 rati
386 831 476 872 sint,
495 838 536 867 et
553 832 838 877 adplauserint.
890 832 1037 868 Postea
1057 832 1154 878 petii
1173 839 1217 867 ut
1234 832 1384 868 faceret
1399 844 1550 874 verum,
1565 833 1676 879 quod
1697 833 1791 868 cha-

293 885 388 920 ritas
409 884 461 920 sit
481 895 601 920 omne
622 885 824 925 ecclesiae,
846 895 892 920 ac
912 884 1028 926 fecit;
1057 891 1098 921 et
1120 892 1270 931 postea,
1292 886 1401 932 quod
1421 885 1593 922 charitas
1615 886 1669 921 sit
1690 885 1791 921 nihil

292 937 503 979 ecclesiae:
528 948 575 973 ac
593 937 799 973 investivit
816 944 1041 984 utrumque,
1060 945 1102 973 et
1119 938 1279 974 ornavit
1296 939 1550 984 apparentiis,
1566 945 1612 974 ut
1628 939 1792 974 adstan-

292 997 355 1027 tes
373 991 615 1037 inspicerent
632 1002 674 1026 se
692 998 844 1031 mutuo,
863 997 904 1026 et
922 991 1111 1031 dicerent,
1132 996 1152 1010 “
1165 991 1286 1027 Estne
1303 991 1369 1027 hic
1385 991 1541 1037 sapiens
1551 991 1591 1027 ?’'

364 1043 422 1079 At
439 1044 532 1085 dixi,
552 1049 572 1062 ⁴‘
586 1043 730 1079 Nonne
744 1043 833 1084 scis,
848 1044 957 1089 quod
976 1045 1076 1079 bene
1090 1044 1224 1080 vivere
1242 1044 1294 1080 sit
1306 1044 1488 1084 charitas,
1502 1051 1543 1079 et
1559 1044 1669 1090 quod
1688 1044 1791 1079 bene

291 1097 452 1132 credere
470 1096 522 1132 sit
539 1096 667 1133 fides?
718 1096 877 1132 Numne
894 1097 962 1143 qui
984 1098 1085 1133 bene
1103 1097 1212 1138 vivit,
1230 1097 1352 1132 etiam
1370 1098 1471 1132 bene
1488 1097 1615 1132 credit
1630 1097 1646 1133 ?
1672 1103 1713 1132 et
1733 1096 1791 1132 sic

291 1150 399 1195 quod
414 1149 514 1186 fides
527 1150 580 1186 sit
593 1150 810 1191 charitatis,
825 1157 866 1186 et
884 1150 1056 1186 charitas
1070 1149 1190 1186 fidei?
1239 1150 1418 1186 Videsne
1431 1150 1540 1196 quod
1558 1149 1637 1185 hoc
1649 1160 1788 1186 verum

291 1203 344 1239 sit
356 1202 397 1239 ?”

365 1255 601 1302 Respondit,
628 1255 821 1291 “Faciam
856 1256 896 1291 id
929 1267 1079 1297 verum,
1106 1262 1147 1292 et
1179 1256 1325 1292 videbo
1338 1255 1370 1298 ;’'
1404 1267 1451 1291 ac
1476 1255 1582 1296 feeit,
1608 1261 1649 1290 et
1674 1255 1788 1296 dixit,

292 1308 444 1344 “Nunc
469 1310 589 1344 video
602 1309 635 1350 ;'’
668 1315 710 1345 at
737 1320 831 1344 mox
856 1309 951 1345 fecit
977 1309 1222 1345 contrarium
1249 1310 1346 1355 ejus,
1374 1315 1418 1344 ut
1442 1315 1549 1345 esset
1569 1319 1720 1350 verum,
1747 1314 1790 1344 et

289 1368 390 1398 tunc
407 1362 520 1402 dixit,
540 1368 560 1381 ‘⁴
573 1362 703 1397 Video
721 1362 842 1397 etiam
861 1363 970 1408 quod
990 1362 1067 1397 hoc
1084 1373 1224 1397 verum
1242 1362 1330 1398 sit.”

361 1415 427 1450 Ad
454 1415 553 1450 haec
573 1415 817 1456 subrisimus,
841 1422 881 1450 et
907 1415 1091 1455 diximus,
1114 1414 1302 1451 “Suntne
1323 1413 1550 1450 contraria?
1581 1414 1787 1461 quomodo

290 1474 406 1514 potes
424 1468 505 1503 duo
523 1468 723 1503 contraria
739 1468 865 1503 videri
885 1475 929 1503 ut
946 1479 1040 1503 vera
1051 1468 1091 1503 ?’'

362 1521 428 1556 Ad
455 1521 554 1557 haec
576 1521 806 1567 indignatus
828 1521 1045 1566 respondit,
1070 1526 1090 1540 ‘⁴
1107 1520 1278 1561 Erratis;
1312 1526 1374 1556 est
1398 1526 1614 1565 utrumque
1634 1530 1786 1561 verum,

289 1575 478 1621 quoniam
499 1585 580 1609 non
599 1574 706 1609 aliud
724 1581 786 1609 est
803 1585 951 1615 verum,
970 1585 1090 1620 quam
1108 1574 1217 1620 quod
1236 1574 1359 1609 homo
1378 1572 1473 1608 facit
1491 1572 1667 1608 verum.”

361 1627 501 1663 Stabat
523 1638 646 1673 prope
666 1627 809 1672 aliquis
830 1627 898 1672 qui
921 1627 960 1662 in
983 1627 1133 1662 mundo
1155 1626 1285 1662 fuerat
1306 1626 1460 1672 legatus
1482 1625 1597 1671 primi
1617 1625 1786 1672 gradus;

289 1681 355 1716 ille
369 1681 446 1716 hoc
460 1681 626 1716 miratus
639 1686 711 1720 est,
726 1686 767 1715 et
781 1680 893 1720 dixit,
909 1684 930 1698 “
945 1680 1136 1726 Agnosco
1150 1679 1258 1726 quod
1273 1678 1422 1725 aliquid
1435 1678 1564 1714 simile
1580 1678 1619 1712 in
1634 1677 1786 1713 mundo

289 1734 353 1774 sit,
375 1734 445 1769 sed
472 1744 598 1779 usque
623 1739 667 1767 tu
695 1733 867 1775 insanis;
899 1732 960 1768 fac
986 1732 1019 1769 si
1046 1739 1161 1779 potes
1187 1738 1232 1767 ut
1257 1732 1310 1768 sit
1334 1742 1484 1772 verum,
1505 1731 1614 1777 quod
1640 1730 1710 1766 lux
1733 1729 1786 1766 sit

288 1787 437 1833 caligo;
463 1794 503 1822 et
521 1786 651 1832 caligo
668 1786 772 1821 lux.'¹

361 1839 412 1875 Et
433 1839 651 1885 respondit,
670 1844 690 1857 '⁶
706 1838 796 1874 Hoc
813 1837 956 1874 faciam
975 1837 1112 1878 facile:
1137 1837 1234 1884 quid
1255 1837 1322 1872 lux
1343 1843 1385 1872 et
1405 1836 1536 1882 caligo
1557 1835 1632 1871 nisi
1653 1841 1783 1871 status

288 1893 394 1928 oculi
410 1891 426 1928 Ρ
476 1892 621 1927 Nonne
636 1898 814 1926 mutatur
828 1891 894 1926 lux
914 1891 953 1926 in
972 1892 1152 1926 umbram
1168 1891 1262 1925 dum
1277 1890 1417 1925 oculus
1435 1900 1484 1924 ex
1500 1889 1635 1934 aprico
1649 1888 1783 1929 venit:

288 1952 333 1981 ut
351 1951 392 1981 et
410 1946 506 1980 dum
525 1945 680 1980 intense
695 1944 873 1979 intuetur
886 1943 1039 1979 solem?
1089 1943 1189 1990 Quis
1208 1954 1288 1978 non
1307 1942 1394 1982 scit,
1407 1941 1515 1988 quod
1534 1948 1662 1976 status
1675 1941 1782 1977 oculi

287 2005 384 2033 tunc
399 2004 585 2037 mutetur,
600 2004 641 2032 et
659 1998 767 2042 quod
786 1997 853 2031 lux
873 1996 964 2031 inde
978 2002 1166 2042 appareat
1183 2002 1228 2030 ut
1245 1996 1384 2030 umbra
1399 2006 1406 2035 ;
1432 2005 1479 2029 ac
1491 1994 1667 2029 vicissim
1685 1994 1782 2029 dum

287 2058 418 2087 status
443 2050 549 2086 oculi
581 2050 694 2090 redit,
721 2050 828 2095 quod
855 2050 996 2084 umbra
1021 2055 1210 2094 appareat
1240 2055 1284 2083 ut
1318 2047 1415 2082 lux?
1466 2046 1610 2082 Nonne
1637 2045 1784 2082 uotiua

286 2104 399 2139 videt
425 2103 634 2149 caliginem
662 2101 791 2137 noctis
817 2109 862 2137 ut
888 2102 1016 2136 lucem
1043 2101 1133 2141 diei,
1160 2111 1206 2136 ac
1232 2101 1360 2136 lucem
1390 2099 1469 2135 diei
1497 2107 1542 2134 ut
1571 2099 1782 2146 caliginem

287 2155 426 2197 nociis,
449 2163 534 2191 tum
562 2156 692 2201 ipsum
715 2155 839 2191 solem
866 2161 910 2189 ut
935 2155 1099 2200 globum
1121 2165 1291 2199 opacum
1317 2160 1358 2189 et
1388 2152 1574 2188 furvum?
1625 2152 1666 2188 Si
1691 2153 1783 2199 quis

287 2210 411 2245 homo
425 2209 590 2246 haberet
607 2209 746 2244 oculos
764 2208 867 2244 sicut
885 2206 1042 2247 noema,
1065 2207 1161 2252 quid
1183 2213 1345 2241 vocaret
1358 2206 1486 2241 lucem
1508 2212 1550 2241 et
1574 2205 1670 2252 quid
1688 2206 1782 2241 cali-

285 2262 449 2309 ginem?
511 2261 618 2309 Quid
645 2269 742 2296 tunc
767 2261 836 2296 lux
861 2260 936 2296 nisi
963 2267 1092 2295 status
1118 2259 1253 2294 oculi?
1290 2265 1331 2294 et
1363 2259 1396 2294 si
1427 2265 1488 2293 est
1513 2266 1642 2294 status
1663 2258 1781 2301 oculi,

286 2326 435 2350 numne
452 2315 522 2350 lux
536 2322 597 2350 est
614 2315 754 2361 caligo,
768 2320 810 2349 et
827 2313 954 2360 caligo
968 2312 1063 2348 lux?
1105 2311 1236 2359 Quare
1250 2323 1373 2346 unum
1387 2318 1448 2347 est
1461 2322 1609 2353 verum,
1624 2317 1664 2346 et
1681 2311 1780 2348 alte·

287 2379 374 2403 rum
394 2374 456 2403 est
473 2367 649 2403 verum.’'

359 2421 507 2456 Postea
524 2421 679 2467 legatus
697 2419 864 2466 rogavit,
881 2425 927 2454 ut
944 2418 1093 2454 faceret
1113 2417 1191 2453 hoc
1208 2423 1254 2452 ut
1271 2416 1323 2452 sit
1339 2428 1488 2458 verum,
1504 2415 1623 2464 Quod
1638 2427 1781 2453 corvus

286 2474 340 2510 sit
357 2474 471 2509 albus
486 2481 527 2508 et
546 2485 625 2508 non
646 2473 768 2519 niger.

283 2564 285 2567 ,
360 2527 410 2562 Et
431 2526 647 2572 respondit,
667 2526 830 2561 “Etiam
852 2524 930 2560 hoc
950 2523 1089 2559 faciam
1114 2522 1227 2558 facile
1241 2522 1273 2563 ;’'
1299 2528 1340 2557 et
1358 2522 1469 2563 dixit,
1489 2527 1510 2541 “
1523 2521 1643 2558 Sume
1663 2533 1779 2558 acum

286 2591 355 2616 seu
375 2579 621 2619 novaculam,
637 2585 677 2613 et
694 2578 801 2624 aperi
820 2578 973 2624 plumas
987 2587 1055 2612 seu
1072 2587 1222 2621 pennas
1240 2575 1371 2616 corvi:
1398 2586 1531 2611 nonne
1546 2575 1652 2611 intus
1666 2575 1778 2611 albae

285 2631 407 2669 sunt?
457 2632 559 2666 Tum
587 2642 748 2666 remove
774 2642 924 2676 pennas
950 2637 991 2666 et
1017 2629 1183 2675 plumas,
1202 2634 1243 2663 et
1268 2626 1405 2674 specta
1429 2639 1593 2663 corvum
1619 2638 1644 2663 a
1667 2634 1780 2669 cute;

285 2696 420 2721 nonne
438 2691 499 2720 est
520 2684 661 2720 albus?
710 2683 816 2731 Quid
837 2683 995 2730 nigrum
1016 2682 1123 2728 quod
1143 2681 1290 2716 circum
1313 2687 1374 2716 est
1396 2681 1471 2716 nisi
1489 2681 1640 2721 umbra,
1658 2691 1680 2716 e
1700 2691 1780 2727 qua

286 2749 366 2774 non
380 2738 638 2784 judicandum
654 2743 715 2772 est
730 2737 780 2772 de
794 2737 927 2772 colore
940 2734 1078 2771 corvi?
1126 2733 1245 2781 Quod
1261 2734 1417 2780 nigrum
1432 2733 1483 2769 sit
1495 2734 1616 2769 modo
1628 2733 1779 2774 umbra,

284 2791 448 2827 consule
460 2800 606 2836 gnaros
619 2789 809 2825 scientiae
820 2789 984 2835 optices,
997 2794 1038 2824 et
1052 2787 1187 2822 dicent
1200 2798 1208 2827 ;
1233 2793 1302 2822 aut
1317 2787 1421 2822 mole
1435 2786 1590 2832 nigrum
1605 2785 1778 2831 lapidem

284 2850 355 2879 aut
372 2844 519 2879 vitrum
539 2842 577 2877 in
592 2849 753 2877 tenuem
773 2843 987 2888 pulverem,
1006 2847 1047 2876 et
1063 2839 1219 2875 videbis
1237 2840 1346 2885 quod
1365 2839 1494 2885 pulvis
1512 2839 1565 2874 sit
1581 2837 1731 2874 albus.”

357 2895 436 2931 Sed
455 2895 663 2941 respondit
679 2896 843 2940 legatus,
864 2894 1125 2940 “Apparetne
1142 2903 1286 2927 corvus
1304 2892 1415 2938 niger
1431 2902 1563 2927 coram
1583 2891 1671 2927 visu
1682 2890 1723 2927 ?”

282 2991 284 2995 .
357 2949 413 2984 At
430 2949 689 2984 confirmator
708 2948 772 2983 ille
791 2947 1007 2993 respondit,
1020 2951 1040 2965 ‘⁴
1056 2946 1127 2981 Vis
1146 2952 1200 2986 tu,
1220 2944 1288 2991 qui
1306 2956 1349 2980 es
1367 2945 1500 2984 horno,
1516 2943 1692 2990 cogitare
1706 2942 1778 2979 ali-

285 3001 382 3048 quid
403 3013 452 3037 ex
472 3000 732 3048 apparentia?
785 3000 906 3036 Potes
928 2999 1087 3047 quidem
1110 2997 1219 3044 loqui
1241 3009 1290 3033 ex
1310 2997 1543 3044 apparentia
1562 2996 1670 3043 quod
1692 3006 1779 3032 cor-
