2014 3386
537 346 604 380 DE
636 344 815 379 AMORE
845 344 1274 388 CONJUGIAL1.—N.
1303 314 1398 377 έιι.
1634 346 1709 389 173

216 459 430 503 audiendi
465 473 524 501 ex
566 471 721 500 amore
752 457 1041 500 auscultandi
1073 463 1120 499 et
1157 455 1414 506 obediendi,
1448 461 1520 497 est
1551 469 1712 497 sensus

215 525 411 573 auditus,
435 529 482 565 et
503 522 632 576 hujus
653 522 959 563 amoenitates
981 527 1087 561 sunt
1109 520 1373 561 harmoniae
1393 533 1403 571 ;
1436 520 1712 572 amori‘cog-

215 587 438 629 noscendi
468 585 548 627 illa
579 599 693 639 quae
731 584 1046 626 circumfluunt
1078 584 1122 624 in
1154 597 1256 624 aere
1288 597 1348 624 ex
1379 596 1534 624 amore
1566 583 1713 636 perci-

216 650 383 704 piendi,
411 655 483 691 est
506 662 666 689 sensus
693 646 899 696 olfactus,
928 653 975 688 et
1001 645 1131 700 hujus
1157 647 1466 687 amoenitates
1492 652 1598 687 sunt
1623 646 1712 687 sra-

216 713 453 767 grantiae3
486 712 629 753 amori
654 725 703 752 se
726 710 956 751 nutriendi
982 723 1041 751 ex
1068 722 1222 750 amore
1249 709 1481 750 imbuendi
1507 723 1556 750 se
1581 709 1714 750 bonis

215 783 263 818 et
289 776 419 825 veris,
448 781 520 816 est
547 788 704 816 sensus
727 780 904 828 gustus,
932 779 980 815 et
1003 773 1132 826 hujus
1150 772 1461 826 jucunditates
1483 778 1589 815 sunt
1616 772 1712 814 lau-

214 840 374 881 titiae:
408 839 551 880 amori
577 837 889 891 cognoscendi
915 834 1108 890 objecta,
1136 850 1196 877 ex
1223 836 1713 889 amore'circumspici-

215 903 321 944 endi
347 908 394 944 et
421 902 605 943 tutandi
627 915 690 951 se,
715 907 788 942 est
811 914 969 941 sensus
991 898 1156 948 tactus,
1181 905 1228 941 et
1253 898 1383 952 hujus
1405 900 1712 940 amoenitates

215 972 322 1007 sunt
348 965 656 1007 titillationes.
718 964 855 1018 Quod
881 964 1024 1004 amori
1050 962 1357 1016 conjungendi
1383 976 1432 1003 se
1458 976 1560 1003 cum
1587 975 1714 1003 com-

215 1029 326 1083 pari,
352 1043 412 1070 ex
435 1042 591 1070 amore
613 1028 798 1069 uniendi
819 1028 990 1068 bonum
1013 1032 1061 1068 et
1085 1039 1258 1075 verum,
1283 1027 1340 1067 sit
1362 1034 1521 1067 sensus
1544 1025 1710 1074 tactus,

215 1098 287 1133 est
319 1092 423 1146 quia
458 1091 535 1132 ille
568 1105 728 1132 sensus
770 1097 842 1132 est
883 1090 1137 1131 communis
1169 1090 1370 1130 omnium
1402 1102 1631 1138 sensuum,
1665 1096 1713 1131 et

214 1155 321 1197 inde
347 1170 407 1197 ex
434 1155 524 1196 illis
551 1154 693 1196 trahit
719 1160 924 1207 spartas;
957 1152 1078 1207 quod
1105 1152 1176 1194 hic
1203 1166 1332 1194 amor
1356 1154 1402 1193 in
1428 1153 1712 1194 communio-

216 1232 321 1260 nem
353 1231 507 1260 secum
546 1218 662 1259 ferat
699 1231 858 1258 omnes
890 1214 1174 1270 supradictos
1212 1229 1387 1265 sensus,
1425 1223 1472 1258 et
1508 1216 1712 1257 amoeni-

215 1282 541 1324 tates‘illorum
565 1282 648 1322 sibi
670 1281 871 1330 addicet,
891 1287 1052 1321 notum
1076 1285 1163 1321 est.
1224 1279 1359 1333 Quod
1382 1293 1543 1321 sensus
1564 1278 1715 1321 tactus

216 1347 459 1388 addicatus
485 1347 545 1387 sit
571 1346 713 1386 amori
740 1344 1000 1398 conjugiali,
1028 1350 1075 1385 et
1102 1343 1224 1398 quod
1250 1345 1309 1385 sit
1336 1343 1465 1397 hujus
1492 1343 1712 1397 proprius,

216 1416 348 1464 patet
381 1424 440 1450 ex
474 1410 597 1450 omni
629 1409 738 1450 ludo
769 1408 876 1462 ejus,
911 1414 958 1449 et
996 1408 1053 1448 ab
1089 1406 1378 1448 exaltatione
1410 1406 1714 1448 subtilitatum

217 1473 313 1527 ejus
345 1474 403 1514 ad
436 1486 611 1514 summe
643 1473 950 1526 exquisitum:
997 1471 1078 1513 sed
1108 1470 1222 1512 haec
1254 1470 1447 1524 amplius
1474 1470 1714 1518 deducere,

217 1537 485 1590 relinquitur
510 1537 805 1577 amatoribus.

303 1610 422 1642 211.
466 1597 549 1653 (ii.)
587 1597 716 1649 Quod
730 1598 857 1651 apud
875 1596 990 1646 illes,
1015 1596 1095 1651 qui
1115 1596 1161 1638 in
1182 1610 1333 1638 amore
1356 1610 1458 1637 vere
1480 1595 1720 1651 conjugz'ali

217 1670 335 1712 sunt,
363 1668 534 1703 crescat
551 1661 757 1714 facultas
788 1660 1023 1714 sapiendi,·
1064 1660 1147 1702 sed
1171 1660 1291 1713 quod
1314 1659 1420 1700 llaec
1448 1658 1579 1712 apud
1598 1658 1712 1706 illos,

217 1727 299 1782 qui
319 1740 403 1767 non
428 1726 475 1769 in
497 1740 646 1767 amore
665 1725 905 1780 conjugialz‘
921 1731 1038 1774 sunt,
1066 1722 1496 1776 decrescat.-—Quod
1520 1721 1714 1764 facultas

217 1791 424 1845 sapiendi
447 1790 566 1843 apud
590 1789 709 1838 illos,
729 1790 803 1843 qui
825 1789 869 1830 in
888 1802 1042 1829 amore
1059 1801 1165 1828 vere
1185 1786 1429 1840 conjugiali
1452 1792 1572 1835 sunt,
1593 1799 1713 1826 cres-

217 1861 310 1903 cat,
339 1860 409 1895 est
443 1854 546 1908 quia
578 1853 651 1894 hic
683 1865 811 1893 amor
842 1866 902 1893 ex
934 1851 1175 1905 sapientia,
1210 1856 1257 1892 et
1290 1850 1538 1891 secundum
1572 1848 1713 1898 illam,

219 1924 290 1960 est
316 1917 434 1971 apud
458 1916 690 1970 conjuges,
714 1921 762 1957 ut
786 1915 830 1956 in
853 1913 1254 1964 transactionibus,
1278 1927 1392 1968 quae
1415 1913 1712 1965 praecedunt,

219 1983 367 2037 plenis
398 1981 681 2035 argumentis
713 1986 950 2021 ostensum
983 1985 1080 2029 est;
1127 1984 1225 2019 tum
1262 1978 1366 2031 quia
1397 1976 1515 2017 illius
1547 1976 1714 2017 amoris

219 2059 380 2087 sensus
407 2051 478 2086 est
506 2043 670 2093 taetus,
698 2049 746 2085 et
773 2042 845 2084 hic
873 2042 1129 2083 communis
1156 2047 1228 2082 est
1255 2040 1464 2081 omnibus
1491 2039 1713 2088 sensibus,

219 2116 267 2151 et
299 2122 478 2163 quoque
510 2108 671 2162 plenus
698 2106 886 2155 deliciis,
913 2105 1020 2146 inde
1051 2104 1128 2146 ille
1160 2104 1305 2157 aperit
1338 2103 1555 2144 interiora
1586 2115 1714 2143 men-

220 2174 347 2222 tium,
372 2173 488 2213 sicut
516 2171 662 2225 aperit
688 2170 905 2211 interiora
928 2181 1157 2216 sensuum,
1182 2173 1229 2208 et
1257 2180 1359 2208 cum
1387 2167 1476 2207 illis
1499 2165 1716 2219 organica

218 2237 364 2278 totius
396 2236 623 2289 corporis:
673 2233 842 2275 exinde
874 2232 1090 2286 sequitur,
1119 2230 1239 2285 quod
1272 2230 1337 2271 illi
1368 2231 1443 2284 qui
1483 2229 1528 2270 in
1560 2242 1715 2270 amore

219 2302 300 2344 illo
337 2306 458 2348 sunt,
487 2298 598 2339 nihil
639 2298 792 2352 potius
832 2302 1003 2344 ament,
1032 2308 1166 2349 quam
1204 2308 1389 2348 sapere3
1431 2306 1535 2334 nam
1575 2292 1715 2333 homo

221 2365 354 2419 sapit,
375 2369 595 2418 quantum
622 2361 840 2402 interiora
866 2359 1034 2400 mentis
1061 2358 1155 2411 ejus
1181 2358 1468 2411 aperiuntur;
1501 2370 1580 2410 per
1606 2369 1714 2409 ape-

220 2429 432 2470 ritionem
450 2426 570 2467 enim
588 2424 828 2466 elevantur
845 2422 1154 2476 cogitationes
1172 2418 1432 2462 intellectus
1450 2420 1494 2460 in
1513 2419 1715 2472 superio-

220 2504 316 2533 rem
335 2490 496 2537 lucem,
516 2494 562 2529 et
586 2485 847 2528 affectiones
861 2485 1114 2526 voluntatis
1136 2485 1180 2524 in
1199 2483 1475 2536 superiorem
1494 2481 1712 2528 calorem,

222 2561 269 2596 et
301 2553 504 2606 superior
535 2550 616 2591 lux
647 2557 718 2591 est
751 2549 988 2603 sapientia,
1022 2554 1068 2589 et
1101 2547 1301 2601 superior
1332 2545 1457 2587 calor
1487 2550 1556 2586 est
1587 2557 1715 2585 amor

222 2617 345 2671 ejus:
393 2614 582 2656 deliciae
614 2612 869 2667 spirituales
908 2609 1176 2664 conjunecae
1208 2609 1380 2651 deliciis
1414 2607 1711 2654 naturalibus,

223 2693 337 2735 quae
364 2685 469 2719 sunt
502 2677 604 2726 illis,
632 2677 706 2730 qui
737 2677 780 2716 in
813 2688 967 2716 amore
992 2687 1097 2715 vere
1122 2671 1365 2726 conjugiali
1396 2677 1516 2720 sunt,
1543 2670 1714 2711 faciunt

223 2742 571 2790 amabilitatem,
591 2746 637 2781 et
661 2739 765 2780 inde
786 2738 1054 2779 facultatem
1073 2736 1289 2790 sapiendi.
1352 2735 1465 2775 Inde
1487 2739 1572 2781 est,
1592 2730 1713 2785 quod

224 2805 400 2859 angelis
449 2805 509 2845 sit
558 2816 685 2844 amor
733 2801 1002 2855 conjugialis
1043 2799 1290 2841 secundum
1331 2797 1616 2851 sapientiam,
1659 2806 1712 2835 ac

225 2869 390 2910 amoris
408 2867 526 2909 illius
552 2873 599 2907 et
626 2865 756 2906 simul
774 2865 1034 2906 deliciarum
1054 2862 1147 2916 ejus
1165 2863 1446 2903 incrementa
1464 2856 1712 2899 secundum

226 2932 478 2986 sapientiae
509 2926 818 2978 incrementa;
865 2933 912 2968 et
948 2926 1069 2980 quod
1106 2925 1256 2978 proles
1292 2921 1562 2977 spiritualeS,
1595 2932 1711 2973 quae

227 3008 288 3036 ex
320 2993 540 3049 conjugiis
565 2991 742 3034 illorum
766 2996 1027 3038 nascuntur,
1055 2989 1145 3030 sint
1178 2987 1288 3030 talia
1320 2999 1433 3040 quae
1459 2982 1709 3037 sapientiae
