2014 3386
567 339 634 371 DE
665 338 846 372 AMORE
876 314 1428 381 CONJUGIAL1.-—N.'235.
1664 339 1739 381 191

393 452 533 498 (xviii.)
572 453 609 487 T
603 453 718 491 ertia.
737 455 793 487 est
811 452 1040 498 impotentia
1059 454 1151 486 ante
1167 450 1407 496 conjugium.

423 500 531 545 (xix.)
570 499 684 545 Quod
695 500 933 534 adulterium
951 501 1005 534 sit
1020 510 1137 534 causa
1155 498 1332 533 diwrtii.
1586 532 1589 536 ,

437 547 531 592 (xx.)
568 547 682 593 Quod
701 558 839 582 causae
864 546 1117 582 accidentales
1144 547 1264 580 etiam
1289 546 1370 579 sint
1387 543 1549 589 plures:
1579 547 1616 578 et
1640 543 1746 589 quod

662 593 807 629 lzarum
820 595 958 639 prima
975 595 1029 628 sit
1045 603 1240 628 commune
1255 603 1303 627 ex
1311 592 1416 638 jugi
1431 592 1549 626 licito.

424 640 533 687 (xxi.)
571 640 757 682 Secunda,
778 641 884 686 quod
903 641 1138 676 cohabitatio
1161 651 1248 674 cum
1273 640 1436 685 conjuge
1459 649 1509 673 ex
1521 638 1685 686 foedere
1703 642 1741 674 et

662 689 743 735 lege
758 688 944 723 videatur
959 689 1097 729 coatia,
1116 691 1153 722 et
1170 698 1244 722 non
1261 687 1394 721 libera.

409 734 533 780 (xxii.)
575 735 720 776 Tertia,
739 736 951 780 affirmatio
971 735 1018 770 ab
1043 746 1174 775 uxore,
1193 738 1231 769 et
1252 734 1522 768 sermocinatio
1547 732 1593 768 de
1611 744 1742 768 amore

661 783 708 817 ab
725 783 808 818 illa.

390 829 530 875 (xxiii.)
570 829 736 875 Quarta,
755 831 940 876 cogitatio
954 831 1044 864 viri
1056 829 1233 864 interdiu
1250 833 1287 863 et
1303 828 1411 863 nodu
1426 828 1474 863 de
1490 839 1621 868 uxore,
1640 828 1745 873 quod

662 878 757 912 velit
767 891 784 918 ,·
809 882 845 912 et
857 879 1029 912 vz'cz'ssim
1043 878 1227 924 cogitatio
1241 877 1378 911 uxoris
1393 875 1439 910 de
1451 877 1538 910 viro
1551 876 1656 921 quod
1664 886 1738 910 non

659 925 766 960 velit.

394 971 530 1016 (xxiv.)
569 972 683 1018 Quod
702 974 804 1007 sti-ut
816 972 962 1019 frigus
977 975 1032 1006 est
1058 972 1100 1006 in
1121 974 1252 1010 mente,
1275 972 1391 1005 etiam
1416 972 1469 1005 sit
1493 971 1536 1004 in
1556 972 1712 1015 corpore
1721 982 1740 1011 ,·

660 1023 697 1054 et
713 1020 816 1064 quod
827 1019 1033 1054 secundum
1040 1019 1222 1065 frigoris
1237 1018 1349 1053 illius
1365 1020 1615 1057 incrementa,
1629 1017 1738 1052 clau-

659 1067 809 1101 dantur
824 1068 942 1101 etiam
961 1070 1122 1101 externa
1140 1067 1323 1111 corporis.

237 1152 449 1208 Sequitur
471 1166 589 1195 nunc
616 1153 776 1194 horum
800 1152 1065 1207 explicatio.

321 1226 449 1270 235.
484 1215 550 1271 (i.)
589 1216 717 1267 Quod
741 1217 803 1258 sit
831 1217 954 1258 calor
982 1216 1254 1270 spiritualis,
1281 1223 1325 1258 et
1347 1217 1468 1271 quod
1492 1216 1554 1258 sit
1567 1217 1735 1270 frzgus

234 1279 475 1333 spirituale
487 1295 508 1329 ,·
539 1287 581 1321 et
604 1281 725 1334 quod
738 1279 860 1322 calor
880 1280 1137 1334 spiritualis·
1159 1280 1222 1321 sit
1241 1294 1380 1330 amor,
1399 1287 1441 1322 et
1448 1280 1618 1334 frigus
1640 1281 1735 1334 spi—

234 1343 400 1384 rituale
431 1343 636 1396 privatio
674 1343 980 1399 ejus.-Calor
1019 1344 1264 1398 spiritualis
1305 1357 1397 1385 non
1437 1344 1620 1386 aliunde
1662 1351 1734 1386 est

234 1420 370 1460 quam
397 1421 457 1447 ex
489 1406 587 1448 sole
619 1407 775 1448 mundi
806 1406 1083 1461 spiritualis;
1117 1414 1188 1449 est
1221 1408 1342 1448 enim
1374 1407 1434 1448 ibi
1466 1407 1535 1448 sol
1573 1422 1735 1462 proce-

234 1470 349 1510 dens
375 1483 402 1510 a
428 1470 642 1519 Domino,
670 1471 743 1524 qui
769 1477 841 1511 est
872 1471 916 1511 in
949 1471 1100 1511 medio
1122 1470 1244 1524 ejus;
1277 1477 1325 1512 et
1352 1472 1455 1524 quia
1482 1477 1553 1512 est
1580 1485 1606 1512 a
1638 1471 1735 1512 Do-

234 1533 374 1582 mino,
408 1539 479 1574 est
512 1533 582 1574 sol
619 1533 696 1575 ille
736 1534 779 1574 in
813 1548 894 1575 sua
925 1534 1176 1575 existentia
1207 1548 1342 1588 purus
1373 1547 1525 1575 amor:
1559 1534 1631 1576 hic
1665 1535 1734 1576 sol

233 1603 426 1650 apparet
458 1610 613 1637 coram
653 1597 830 1650 angelis
862 1598 1037 1651 igneus,
1071 1611 1253 1651 prorsus
1285 1598 1402 1639 sicut
1434 1604 1626 1651 apparet
1663 1599 1734 1639 sol

233 1660 377 1701 nostri
401 1661 559 1701 mundi
581 1674 735 1701 coram
759 1661 1016 1702 hominibus
1037 1675 1047 1712 ;
1079 1661 1199 1714 quod
1223 1668 1442 1715 appareat
1466 1663 1641 1715 ignem,
1661 1668 1733 1704 est

231 1723 335 1777 quia
366 1737 495 1764 amor
526 1730 598 1765 est
628 1725 747 1778 ignis
779 1724 1038 1778 spiritualis.
1099 1724 1175 1765 Ex
1207 1724 1288 1766 illo
1319 1724 1416 1766 sole
1445 1726 1651 1778 procedit
1684 1732 1732 1767 et

230 1786 356 1827 calor
387 1793 434 1828 et
467 1787 574 1839 lux;
608 1788 689 1829 sed
721 1788 825 1842 quia
856 1787 925 1829 sol
957 1787 1035 1829 ille
1066 1795 1138 1829 est
1170 1802 1306 1842 purus
1337 1802 1478 1838 amor,
1504 1795 1575 1830 est
1607 1789 1733 1831 calor

231 1849 335 1890 inde
375 1850 420 1891 in
462 1864 542 1892 sua
582 1852 783 1892 essentia
823 1865 963 1901 amor,
997 1857 1044 1893 et
1086 1851 1166 1892 lux
1204 1852 1310 1894 inde
1342 1853 1386 1893 in
1419 1867 1499 1894 sua
1531 1854 1758 1904 essentia,

223 1913 484 1966 -sapientia;
516 1915 622 1956 inde
653 1921 798 1968 patet,
833 1915 952 1956 unde
985 1914 1111 1956 calor
1141 1916 1402 1970 spiritualiS,
1437 1922 1484 1958 et
1517 1917 1638 1970 quod
1671 1918 1730 1958 sit

230 1989 371 2017 amor.
433 1977 570 2019 Unde
610 1985 765 2019 autem
807 1985 877 2020 est
917 1978 1058 2032 frigus
1098 1979 1349 2033 spirituale,
1393 1981 1548 2034 paucis
1589 1981 1730 2022 etiam

224 2041 544 2094 evulgabitur:
578 2048 649 2083 est
676 2042 786 2083 illud
813 2056 872 2084 ex
899 2042 996 2084 sole
1022 2043 1177 2084 mundi
1204 2043 1439 2092 naturalis,
1459 2058 1608 2098 exque
1635 2043 1730 2097 ejus

230 2103 382 2145 calore
424 2111 470 2146 et
503 2105 631 2156 luce;
669 2105 738 2146 sol
769 2106 926 2147 mundi
957 2106 1176 2148 naturalis
1217 2113 1288 2148 est
1325 2113 1520 2155 creatus,
1555 2113 1604 2149 ut
1636 2107 1730 2161 ejus

223 2167 357 2208 calor
382 2174 429 2209 et
454 2167 533 2209 lux
561 2169 604 2209 in
632 2183 681 2210 se
707 2170 929 2223 recipiant
956 2169 1156 2211 calorem
1183 2176 1229 2211 et
1257 2169 1404 2211 lucem
1430 2171 1728 2224 spiritualem,

230 2236 277 2272 et
305 2231 463 2272 mediis
490 2233 823 2286 atmosphaeris
846 2233 992 2275 ferant
1019 2233 1103 2277 hos
1131 2248 1270 2288 usque
1297 2234 1354 2275 ad
1381 2234 1542 2275 ultima
1569 2236 1612 2275 in
1640 2235 1727 2276 tel—

230 2293 341 2342 lure,
375 2301 424 2336 ut
456 2294 658 2337 efficiant
690 2294 875 2337 effeetus
906 2296 1076 2347 finium,
1106 2298 1180 2351 qui
1211 2304 1318 2339 sunt
1352 2298 1536 2339 Domini
1569 2299 1614 2339 in
1646 2313 1728 2339 suo

226 2357 343 2406 sole,
363 2364 410 2399 et
434 2372 612 2413 quoque
634 2365 684 2401 ut
706 2360 923 2401 amiciant
945 2361 1193 2414 spiritualia
1214 2361 1419 2402 vestibus
1442 2362 1725 2416 adaequatis,

229 2421 317 2462 hoc
343 2428 429 2470 est,
458 2423 674 2472 materiis,
703 2423 760 2463 ad
787 2424 1070 2477 operandum
1102 2423 1213 2465 fines
1246 2425 1431 2466 ultimos
1462 2426 1507 2466 in
1540 2431 1726 2476 natura;

229 2483 342 2526 haec
369 2483 496 2534 fiunt,
525 2498 625 2526 cum
652 2485 779 2527 calor
804 2486 1050 2540 spiritualis
1076 2486 1301 2541 injunctus
1327 2494 1399 2529 est
1426 2488 1566 2530 calori
1593 2495 1726 2529 natu-

229 2547 337 2589 rali:
386 2554 434 2589 at
467 2549 745 2590 contrarium
781 2548 846 2598 fit,
879 2550 987 2591 dum
1024 2558 1262 2604 separatur
1294 2551 1419 2593 calor
1450 2552 1669 2593 naturalis
1701 2565 1728 2593 a

229 2611 382 2652 calore
409 2611 645 2665 spirituali,
673 2612 794 2667 quod
825 2612 875 2654 fit
906 2613 1162 2667 apudxillos
1188 2615 1262 2668 qui
1293 2621 1450 2656 amant
1483 2615 1723 2664 naturalia,

228 2687 281 2715 ac
299 2673 507 2727 rejiciunt
529 2676 806 2729 spiritualia;
838 2677 957 2731 apud
980 2677 1065 2718 hos
1088 2677 1136 2719 fit
1155 2678 1280 2719 calor
1297 2678 1542 2732 spiritualis
1560 2679 1723 2731 frigus:

230 2738 352 2791 quod
393 2737 486 2778 bini
522 2738 586 2779 illi
625 2752 805 2781 amores
845 2754 906 2781 ex
946 2741 1181 2782 creatione
1219 2743 1486 2790 concordes,
1521 2741 1630 2782 fiant
1660 2742 1726 2783 ita

229 2801 444 2854 oppositi,
472 2807 543 2842 est
569 2815 719 2851 causa,
748 2803 851 2857 quia
876 2810 986 2845 tunc
1014 2803 1138 2845 calor
1163 2804 1372 2846 dominus
1403 2804 1453 2846 fit
1480 2804 1604 2845 calor
1629 2818 1724 2845 ser·

226 2875 327 2912 vus,
353 2877 406 2905 ac
433 2865 659 2916 vicissim;
692 2871 740 2907 et
771 2879 828 2907 ne
859 2865 946 2907 hoc
978 2866 1071 2916 fiat,
1100 2868 1274 2909 recedit
1307 2867 1431 2908 calor
1462 2867 1721 2920 spiritualis,

227 2926 303 2979 qui
340 2940 400 2967 ex
432 2940 512 2968 sua
548 2928 689 2982 stirpe
721 2935 792 2970 est
824 2929 1059 2980 dominus;
1092 2937 1139 2972 et
1171 2937 1279 2972 tunc
1312 2931 1357 2971 in
1390 2929 1600 2983 subjeffls
1632 2930 1722 2972 illis

230 2987 356 3030 calor
380 2990 627 3043 spiritualis
657 2991 807 3045 friget,
835 2993 939 3047 quia
969 2992 1019 3034 fit
1052 2994 1304 3048 oppositus.
1365 2993 1440 3034 Ex
1472 2993 1540 3035 his
1572 2999 1720 3047 patet,
