<?xml version="1.0" encoding="UTF-8"?>
<!DOCTYPE html PUBLIC "-//W3C//DTD XHTML 1.0 Transitional//EN"
    "http://www.w3.org/TR/xhtml1/DTD/xhtml1-transitional.dtd">
<html xmlns="http://www.w3.org/1999/xhtml" xml:lang="en" lang="en">
 <head>
  <title>
</title>
<meta http-equiv="Content-Type" content="text/html;charset=utf-8" />
  <meta name='ocr-system' content='tesseract 3.04.00' />
  <meta name='ocr-capabilities' content='ocr_page ocr_carea ocr_par ocr_line ocrx_word'/>
</head>
<body>
  <div class='ocr_page' id='page_1' title='image "./deliciaesapienti00sweduoft_0354.png"; bbox 0 0 2014 3386; ppageno 0'>
   <div class='ocr_carea' id='block_1_1' title="bbox 323 312 1366 362">
    <p class='ocr_par' dir='ltr' id='par_1_1' title="bbox 323 312 1366 362">
     <span class='ocr_line' id='line_1_1' title="bbox 323 312 1366 362; baseline 0.005 -10"><span class='ocrx_word' id='word_1_1' title='bbox 323 312 403 362; x_wconf 83' lang='lat'>348</span> <span class='ocrx_word' id='word_1_2' title='bbox 765 321 1091 356; x_wconf 83' lang='lat' dir='ltr'>VOLUPTATES</span> <span class='ocrx_word' id='word_1_3' title='bbox 1123 324 1366 357; x_wconf 85' lang='lat' dir='ltr'>INSANIAE</span> 
     </span>
    </p>
   </div>
   <div class='ocr_carea' id='block_1_2' title="bbox 292 430 1807 3018">
    <p class='ocr_par' dir='ltr' id='par_1_2' title="bbox 303 430 1807 1816">
     <span class='ocr_line' id='line_1_2' title="bbox 311 430 1805 494; baseline 0.007 -20"><span class='ocrx_word' id='word_1_4' title='bbox 311 440 398 487; x_wconf 80' lang='lat' dir='ltr'>per</span> <span class='ocrx_word' id='word_1_5' title='bbox 420 430 742 487; x_wconf 67' lang='lat' dir='ltr'><em>fornicationes</em></span> <span class='ocrx_word' id='word_1_6' title='bbox 772 436 1086 479; x_wconf 84' lang='lat' dir='ltr'>immoderatas</span> <span class='ocrx_word' id='word_1_7' title='bbox 1125 444 1168 479; x_wconf 86' lang='lat' dir='ltr'>et</span> <span class='ocrx_word' id='word_1_8' title='bbox 1204 438 1484 481; x_wconf 82' lang='lat' dir='ltr'>inordinatas</span> <span class='ocrx_word' id='word_1_9' title='bbox 1508 442 1805 494; x_wconf 82' lang='lat' dir='ltr'>perdatur.—</span> 
     </span>
     <span class='ocr_line' id='line_1_3' title="bbox 317 498 1807 558; baseline 0.006 -20"><span class='ocrx_word' id='word_1_10' title='bbox 317 498 400 538; x_wconf 87' lang='lat' dir='ltr'>Per</span> <span class='ocrx_word' id='word_1_11' title='bbox 420 498 741 541; x_wconf 85' lang='lat' dir='ltr'>fornicationes</span> <span class='ocrx_word' id='word_1_12' title='bbox 763 500 1085 542; x_wconf 88' lang='lat' dir='ltr'>immoderatas</span> <span class='ocrx_word' id='word_1_13' title='bbox 1107 507 1154 543; x_wconf 94' lang='lat' dir='ltr'>et</span> <span class='ocrx_word' id='word_1_14' title='bbox 1176 502 1467 553; x_wconf 87' lang='lat' dir='ltr'>inordinatas,</span> <span class='ocrx_word' id='word_1_15' title='bbox 1490 518 1518 545; x_wconf 90' lang='lat' dir='ltr'>a</span> <span class='ocrx_word' id='word_1_16' title='bbox 1542 505 1702 558; x_wconf 87' lang='lat' dir='ltr'>quibus</span> <span class='ocrx_word' id='word_1_17' title='bbox 1722 507 1807 548; x_wconf 92' lang='lat' dir='ltr'>de—</span> 
     </span>
     <span class='ocr_line' id='line_1_4' title="bbox 315 561 1807 619; baseline 0.006 -18"><span class='ocrx_word' id='word_1_18' title='bbox 315 561 520 614; x_wconf 88' lang='lat' dir='ltr'><strong>perditur</strong></span> <span class='ocrx_word' id='word_1_19' title='bbox 563 575 689 602; x_wconf 89' lang='lat' dir='ltr'>amor</span> <span class='ocrx_word' id='word_1_20' title='bbox 730 562 1011 617; x_wconf 86' lang='lat' dir='ltr'>conjugialis,</span> <span class='ocrx_word' id='word_1_21' title='bbox 1051 565 1370 619; x_wconf 85' lang='lat' dir='ltr'>intelliguntur</span> <span class='ocrx_word' id='word_1_22' title='bbox 1409 566 1743 618; x_wconf 84' lang='lat' dir='ltr'>fornicationes,</span> <span class='ocrx_word' id='word_1_23' title='bbox 1778 582 1807 611; x_wconf 90' lang='lat' dir='ltr'>a</span> 
     </span>
     <span class='ocr_line' id='line_1_5' title="bbox 315 624 1807 678; baseline 0.006 -14"><span class='ocrx_word' id='word_1_24' title='bbox 315 624 475 677; x_wconf 86' lang='lat' dir='ltr'>quibus</span> <span class='ocrx_word' id='word_1_25' title='bbox 507 638 597 665; x_wconf 90' lang='lat' dir='ltr'>non</span> <span class='ocrx_word' id='word_1_26' title='bbox 630 626 767 666; x_wconf 93' lang='lat' dir='ltr'>modo</span> <span class='ocrx_word' id='word_1_27' title='bbox 798 634 1072 668; x_wconf 85' lang='lat' dir='ltr'><strong>enervantur</strong></span> <span class='ocrx_word' id='word_1_28' title='bbox 1095 628 1225 678; x_wconf 83' lang='lat' dir='ltr'>vires,</span> <span class='ocrx_word' id='word_1_29' title='bbox 1258 630 1340 671; x_wconf 89' lang='lat' dir='ltr'>sed</span> <span class='ocrx_word' id='word_1_30' title='bbox 1374 629 1512 670; x_wconf 89' lang='lat' dir='ltr'>etiam</span> <span class='ocrx_word' id='word_1_31' title='bbox 1542 631 1807 673; x_wconf 85' lang='lat' dir='ltr'>auferuntur</span> 
     </span>
     <span class='ocr_line' id='line_1_6' title="bbox 315 688 1804 742; baseline 0.006 -15"><span class='ocrx_word' id='word_1_32' title='bbox 315 700 472 728; x_wconf 90' lang='lat' dir='ltr'>omnes</span> <span class='ocrx_word' id='word_1_33' title='bbox 503 689 668 728; x_wconf 86' lang='lat' dir='ltr'>amoris</span> <span class='ocrx_word' id='word_1_34' title='bbox 691 688 955 742; x_wconf 86' lang='lat' dir='ltr'>conjugialis</span> <span class='ocrx_word' id='word_1_35' title='bbox 981 690 1214 742; x_wconf 89' lang='lat' dir='ltr'>lautitiae;</span> <span class='ocrx_word' id='word_1_36' title='bbox 1246 705 1305 732; x_wconf 87' lang='lat' dir='ltr'>ex</span> <span class='ocrx_word' id='word_1_37' title='bbox 1332 691 1517 733; x_wconf 92' lang='lat' dir='ltr'>licentia</span> <span class='ocrx_word' id='word_1_38' title='bbox 1542 694 1661 734; x_wconf 89' lang='lat' dir='ltr'>enim</span> <span class='ocrx_word' id='word_1_39' title='bbox 1693 694 1804 736; x_wconf 85' lang='lat' dir='ltr'>irre-</span> 
     </span>
     <span class='ocr_line' id='line_1_7' title="bbox 312 749 1805 809; baseline 0.006 -19"><span class='ocrx_word' id='word_1_40' title='bbox 312 749 489 791; x_wconf 88' lang='lat' dir='ltr'>frenata</span> <span class='ocrx_word' id='word_1_41' title='bbox 510 750 700 800; x_wconf 84' lang='lat' dir='ltr'>illarum,</span> <span class='ocrx_word' id='word_1_42' title='bbox 725 765 814 793; x_wconf 88' lang='lat' dir='ltr'>non</span> <span class='ocrx_word' id='word_1_43' title='bbox 838 753 975 793; x_wconf 90' lang='lat' dir='ltr'>modo</span> <span class='ocrx_word' id='word_1_44' title='bbox 996 753 1281 795; x_wconf 87' lang='lat' dir='ltr'>infirmitates</span> <span class='ocrx_word' id='word_1_45' title='bbox 1306 761 1353 796; x_wconf 95' lang='lat' dir='ltr'>et</span> <span class='ocrx_word' id='word_1_46' title='bbox 1379 755 1483 796; x_wconf 90' lang='lat' dir='ltr'>inde</span> <span class='ocrx_word' id='word_1_47' title='bbox 1504 756 1697 809; x_wconf 85' lang='lat' dir='ltr'>inopiae,</span> <span class='ocrx_word' id='word_1_48' title='bbox 1723 758 1805 799; x_wconf 89' lang='lat' dir='ltr'>sed</span> 
     </span>
     <span class='ocr_line' id='line_1_8' title="bbox 313 814 1803 874; baseline 0.005 -21"><span class='ocrx_word' id='word_1_49' title='bbox 313 814 452 854; x_wconf 89' lang='lat' dir='ltr'>etiam</span> <span class='ocrx_word' id='word_1_50' title='bbox 478 814 790 856; x_wconf 83' lang='lat' dir='ltr'>immunditiae</span> <span class='ocrx_word' id='word_1_51' title='bbox 817 822 863 857; x_wconf 93' lang='lat' dir='ltr'>et</span> <span class='ocrx_word' id='word_1_52' title='bbox 895 817 1216 869; x_wconf 85' lang='lat' dir='ltr'>impudicitiae,</span> <span class='ocrx_word' id='word_1_53' title='bbox 1244 818 1524 868; x_wconf 87' lang='lat' dir='ltr'>oboriuntur,</span> <span class='ocrx_word' id='word_1_54' title='bbox 1550 833 1610 860; x_wconf 87' lang='lat' dir='ltr'>ex</span> <span class='ocrx_word' id='word_1_55' title='bbox 1643 821 1803 874; x_wconf 88' lang='lat' dir='ltr'>quibus</span> 
     </span>
     <span class='ocr_line' id='line_1_9' title="bbox 313 877 1800 933; baseline 0.006 -17"><span class='ocrx_word' id='word_1_56' title='bbox 313 889 440 917; x_wconf 90' lang='lat' dir='ltr'>amor</span> <span class='ocrx_word' id='word_1_57' title='bbox 465 877 731 931; x_wconf 83' lang='lat' dir='ltr'>conjugialis</span> <span class='ocrx_word' id='word_1_58' title='bbox 757 892 847 919; x_wconf 89' lang='lat' dir='ltr'>non</span> <span class='ocrx_word' id='word_1_59' title='bbox 874 886 1028 932; x_wconf 92' lang='lat' dir='ltr'>potest</span> <span class='ocrx_word' id='word_1_60' title='bbox 1059 881 1104 921; x_wconf 90' lang='lat' dir='ltr'>in</span> <span class='ocrx_word' id='word_1_61' title='bbox 1136 894 1215 922; x_wconf 90' lang='lat' dir='ltr'>sua</span> <span class='ocrx_word' id='word_1_62' title='bbox 1240 881 1460 923; x_wconf 89' lang='lat' dir='ltr'>munditie</span> <span class='ocrx_word' id='word_1_63' title='bbox 1491 888 1539 923; x_wconf 90' lang='lat' dir='ltr'>et</span> <span class='ocrx_word' id='word_1_64' title='bbox 1570 884 1800 933; x_wconf 89' lang='lat' dir='ltr'>castitate,</span> 
     </span>
     <span class='ocr_line' id='line_1_10' title="bbox 314 940 1802 1000; baseline 0.005 -20"><span class='ocrx_word' id='word_1_65' title='bbox 314 945 361 980; x_wconf 91' lang='lat' dir='ltr'>et</span> <span class='ocrx_word' id='word_1_66' title='bbox 388 940 450 981; x_wconf 85' lang='lat' dir='ltr'>sic</span> <span class='ocrx_word' id='word_1_67' title='bbox 478 954 560 982; x_wconf 91' lang='lat' dir='ltr'>nec</span> <span class='ocrx_word' id='word_1_68' title='bbox 588 942 632 982; x_wconf 92' lang='lat' dir='ltr'>in</span> <span class='ocrx_word' id='word_1_69' title='bbox 658 956 738 983; x_wconf 90' lang='lat' dir='ltr'>sua</span> <span class='ocrx_word' id='word_1_70' title='bbox 763 942 1004 984; x_wconf 89' lang='lat' dir='ltr'>dulcedine</span> <span class='ocrx_word' id='word_1_71' title='bbox 1030 949 1077 985; x_wconf 92' lang='lat' dir='ltr'>et</span> <span class='ocrx_word' id='word_1_72' title='bbox 1104 945 1148 985; x_wconf 90' lang='lat' dir='ltr'>in</span> <span class='ocrx_word' id='word_1_73' title='bbox 1175 945 1242 985; x_wconf 89' lang='lat' dir='ltr'>sui</span> <span class='ocrx_word' id='word_1_74' title='bbox 1268 944 1390 985; x_wconf 85' lang='lat' dir='ltr'>floris</span> <span class='ocrx_word' id='word_1_75' title='bbox 1415 945 1603 995; x_wconf 86' lang='lat' dir='ltr'>deliciis,</span> <span class='ocrx_word' id='word_1_76' title='bbox 1631 948 1802 1000; x_wconf 87' lang='lat' dir='ltr'>percipi</span> 
     </span>
     <span class='ocr_line' id='line_1_11' title="bbox 312 1005 1802 1060; baseline 0.006 -18"><span class='ocrx_word' id='word_1_77' title='bbox 312 1008 359 1043; x_wconf 88' lang='lat' dir='ltr'>et</span> <span class='ocrx_word' id='word_1_78' title='bbox 391 1005 575 1045; x_wconf 86' lang='lat' dir='ltr'>sentiri:</span> <span class='ocrx_word' id='word_1_79' title='bbox 622 1011 670 1046; x_wconf 92' lang='lat' dir='ltr'>ut</span> <span class='ocrx_word' id='word_1_80' title='bbox 702 1011 943 1047; x_wconf 81' lang='lat' dir='ltr'>taceantur</span> <span class='ocrx_word' id='word_1_81' title='bbox 976 1006 1142 1047; x_wconf 88' lang='lat' dir='ltr'>damna</span> <span class='ocrx_word' id='word_1_82' title='bbox 1174 1009 1375 1060; x_wconf 87' lang='lat' dir='ltr'>corporis</span> <span class='ocrx_word' id='word_1_83' title='bbox 1406 1014 1453 1050; x_wconf 90' lang='lat' dir='ltr'>et</span> <span class='ocrx_word' id='word_1_84' title='bbox 1490 1010 1670 1059; x_wconf 89' lang='lat' dir='ltr'>mentis,</span> <span class='ocrx_word' id='word_1_85' title='bbox 1703 1015 1802 1052; x_wconf 89' lang='lat' dir='ltr'>tum</span> 
     </span>
     <span class='ocr_line' id='line_1_12' title="bbox 309 1066 1800 1126; baseline 0.005 -20"><span class='ocrx_word' id='word_1_86' title='bbox 309 1066 604 1108; x_wconf 86' lang='lat' dir='ltr'>inconcessae</span> <span class='ocrx_word' id='word_1_87' title='bbox 629 1067 886 1117; x_wconf 83' lang='lat' dir='ltr'>illecebrae,</span> <span class='ocrx_word' id='word_1_88' title='bbox 914 1084 1028 1124; x_wconf 90' lang='lat' dir='ltr'>quae</span> <span class='ocrx_word' id='word_1_89' title='bbox 1055 1083 1144 1111; x_wconf 92' lang='lat' dir='ltr'>non</span> <span class='ocrx_word' id='word_1_90' title='bbox 1168 1071 1306 1113; x_wconf 90' lang='lat' dir='ltr'>modo</span> <span class='ocrx_word' id='word_1_91' title='bbox 1332 1072 1572 1126; x_wconf 89' lang='lat' dir='ltr'>deprivant</span> <span class='ocrx_word' id='word_1_92' title='bbox 1598 1086 1800 1115; x_wconf 87' lang='lat' dir='ltr'>amorem</span> 
     </span>
     <span class='ocr_line' id='line_1_13' title="bbox 310 1129 1801 1186; baseline 0.005 -16"><span class='ocrx_word' id='word_1_93' title='bbox 310 1129 613 1184; x_wconf 82' lang='lat' dir='ltr'>conjugialem</span> <span class='ocrx_word' id='word_1_94' title='bbox 645 1133 734 1172; x_wconf 89' lang='lat' dir='ltr'>suis</span> <span class='ocrx_word' id='word_1_95' title='bbox 766 1132 914 1174; x_wconf 89' lang='lat' dir='ltr'>beatis</span> <span class='ocrx_word' id='word_1_96' title='bbox 933 1133 1157 1186; x_wconf 88' lang='lat' dir='ltr'>jucundis,</span> <span class='ocrx_word' id='word_1_97' title='bbox 1184 1135 1264 1176; x_wconf 88' lang='lat' dir='ltr'>sed</span> <span class='ocrx_word' id='word_1_98' title='bbox 1296 1135 1435 1176; x_wconf 87' lang='lat' dir='ltr'>etiam</span> <span class='ocrx_word' id='word_1_99' title='bbox 1462 1135 1634 1177; x_wconf 88' lang='lat' dir='ltr'>tollunt</span> <span class='ocrx_word' id='word_1_100' title='bbox 1659 1136 1801 1185; x_wconf 87' lang='lat' dir='ltr'>illurn,</span> 
     </span>
     <span class='ocr_line' id='line_1_14' title="bbox 309 1189 1801 1248; baseline 0.005 -15"><span class='ocrx_word' id='word_1_101' title='bbox 309 1206 362 1234; x_wconf 93' lang='lat' dir='ltr'>ac</span> <span class='ocrx_word' id='word_1_102' title='bbox 389 1199 573 1235; x_wconf 89' lang='lat' dir='ltr'>vertunt</span> <span class='ocrx_word' id='word_1_103' title='bbox 595 1195 639 1235; x_wconf 89' lang='lat' dir='ltr'>in</span> <span class='ocrx_word' id='word_1_104' title='bbox 665 1195 818 1248; x_wconf 85' lang='lat' dir='ltr'>frigus,</span> <span class='ocrx_word' id='word_1_105' title='bbox 835 1189 888 1237; x_wconf 48' lang='lat' dir='ltr'>‘et</span> <span class='ocrx_word' id='word_1_106' title='bbox 915 1197 977 1237; x_wconf 89' lang='lat' dir='ltr'>sic</span> <span class='ocrx_word' id='word_1_107' title='bbox 1004 1197 1047 1237; x_wconf 88' lang='lat' dir='ltr'>in</span> <span class='ocrx_word' id='word_1_108' title='bbox 1074 1197 1317 1239; x_wconf 82' lang='lat' dir='ltr'>fastidium.</span> <span class='ocrx_word' id='word_1_109' title='bbox 1379 1198 1516 1239; x_wconf 88' lang='lat' dir='ltr'>Tales</span> <span class='ocrx_word' id='word_1_110' title='bbox 1538 1199 1801 1240; x_wconf 85' lang='lat' dir='ltr'>fornicatio-</span> 
     </span>
     <span class='ocr_line' id='line_1_15' title="bbox 309 1259 1801 1315; baseline 0.004 -18"><span class='ocrx_word' id='word_1_111' title='bbox 309 1270 389 1298; x_wconf 89' lang='lat' dir='ltr'>nes</span> <span class='ocrx_word' id='word_1_112' title='bbox 423 1264 528 1298; x_wconf 87' lang='lat' dir='ltr'>sunt</span> <span class='ocrx_word' id='word_1_113' title='bbox 561 1259 972 1311; x_wconf 70' lang='lat' dir='ltr'>pergraecaffiones,</span> <span class='ocrx_word' id='word_1_114' title='bbox 1007 1273 1086 1312; x_wconf 90' lang='lat' dir='ltr'>per</span> <span class='ocrx_word' id='word_1_115' title='bbox 1117 1274 1227 1314; x_wconf 89' lang='lat' dir='ltr'>quas</span> <span class='ocrx_word' id='word_1_116' title='bbox 1258 1260 1352 1302; x_wconf 92' lang='lat' dir='ltr'>ludi</span> <span class='ocrx_word' id='word_1_117' title='bbox 1383 1261 1662 1315; x_wconf 87' lang='lat' dir='ltr'>conjugiales</span> <span class='ocrx_word' id='word_1_118' title='bbox 1693 1261 1801 1303; x_wconf 88' lang='lat' dir='ltr'>flec-</span> 
     </span>
     <span class='ocr_line' id='line_1_16' title="bbox 306 1321 1803 1374; baseline 0.005 -14"><span class='ocrx_word' id='word_1_119' title='bbox 306 1326 467 1361; x_wconf 86' lang='lat' dir='ltr'>tuntur</span> <span class='ocrx_word' id='word_1_120' title='bbox 488 1321 532 1361; x_wconf 90' lang='lat' dir='ltr'>in</span> <span class='ocrx_word' id='word_1_121' title='bbox 555 1322 753 1374; x_wconf 83' lang='lat' dir='ltr'>tragicas</span> <span class='ocrx_word' id='word_1_122' title='bbox 776 1335 960 1363; x_wconf 88' lang='lat' dir='ltr'>scenas:</span> <span class='ocrx_word' id='word_1_123' title='bbox 993 1322 1316 1364; x_wconf 85' lang='lat' dir='ltr'>fornicationes</span> <span class='ocrx_word' id='word_1_124' title='bbox 1334 1324 1452 1365; x_wconf 92' lang='lat' dir='ltr'>enim</span> <span class='ocrx_word' id='word_1_125' title='bbox 1470 1325 1803 1367; x_wconf 43' lang='lat' dir='ltr'>immoderatae*</span> 
     </span>
     <span class='ocr_line' id='line_1_17' title="bbox 309 1383 1799 1440; baseline 0.005 -17"><span class='ocrx_word' id='word_1_126' title='bbox 309 1390 356 1424; x_wconf 90' lang='lat' dir='ltr'>et</span> <span class='ocrx_word' id='word_1_127' title='bbox 383 1383 680 1432; x_wconf 85' lang='lat' dir='ltr'>inordinatae,</span> <span class='ocrx_word' id='word_1_128' title='bbox 705 1391 810 1425; x_wconf 89' lang='lat' dir='ltr'>sunt</span> <span class='ocrx_word' id='word_1_129' title='bbox 837 1385 952 1426; x_wconf 87' lang='lat' dir='ltr'>sicut</span> <span class='ocrx_word' id='word_1_130' title='bbox 975 1386 1196 1435; x_wconf 88' lang='lat' dir='ltr'>incendia,</span> <span class='ocrx_word' id='word_1_131' title='bbox 1221 1401 1334 1440; x_wconf 92' lang='lat' dir='ltr'>quae</span> <span class='ocrx_word' id='word_1_132' title='bbox 1361 1401 1421 1428; x_wconf 88' lang='lat' dir='ltr'>ex</span> <span class='ocrx_word' id='word_1_133' title='bbox 1448 1387 1616 1429; x_wconf 88' lang='lat' dir='ltr'>ultimis</span> <span class='ocrx_word' id='word_1_134' title='bbox 1638 1402 1799 1430; x_wconf 84' lang='lat' dir='ltr'>exsur-</span> 
     </span>
     <span class='ocr_line' id='line_1_18' title="bbox 308 1449 1801 1504; baseline 0.005 -18"><span class='ocrx_word' id='word_1_135' title='bbox 308 1453 441 1499; x_wconf 87' lang='lat' dir='ltr'>gunt,</span> <span class='ocrx_word' id='word_1_136' title='bbox 475 1453 522 1487; x_wconf 92' lang='lat' dir='ltr'>et</span> <span class='ocrx_word' id='word_1_137' title='bbox 553 1453 749 1488; x_wconf 84' lang='lat' dir='ltr'>exurunt</span> <span class='ocrx_word' id='word_1_138' title='bbox 782 1461 959 1501; x_wconf 83' lang='lat' dir='ltr'>corpuS,</span> <span class='ocrx_word' id='word_1_139' title='bbox 989 1449 1283 1491; x_wconf 89' lang='lat' dir='ltr'>torrefaciunt</span> <span class='ocrx_word' id='word_1_140' title='bbox 1315 1449 1464 1500; x_wconf 88' lang='lat' dir='ltr'>fibras,</span> <span class='ocrx_word' id='word_1_141' title='bbox 1491 1458 1801 1504; x_wconf 86' lang='lat' dir='ltr'>conspurcant</span> 
     </span>
     <span class='ocr_line' id='line_1_19' title="bbox 307 1510 1797 1567; baseline 0.005 -18"><span class='ocrx_word' id='word_1_142' title='bbox 307 1510 590 1562; x_wconf 86' lang='lat' dir='ltr'>sanguinem,</span> <span class='ocrx_word' id='word_1_143' title='bbox 619 1523 670 1551; x_wconf 95' lang='lat' dir='ltr'>ac</span> <span class='ocrx_word' id='word_1_144' title='bbox 703 1511 867 1552; x_wconf 88' lang='lat' dir='ltr'>vitiant</span> <span class='ocrx_word' id='word_1_145' title='bbox 899 1513 1067 1553; x_wconf 89' lang='lat' dir='ltr'>mentis</span> <span class='ocrx_word' id='word_1_146' title='bbox 1098 1513 1364 1564; x_wconf 87' lang='lat' dir='ltr'>rationalia;</span> <span class='ocrx_word' id='word_1_147' title='bbox 1405 1521 1645 1567; x_wconf 90' lang='lat' dir='ltr'>erumpunt</span> <span class='ocrx_word' id='word_1_148' title='bbox 1677 1515 1797 1556; x_wconf 90' lang='lat' dir='ltr'>enim</span> 
     </span>
     <span class='ocr_line' id='line_1_20' title="bbox 306 1573 1796 1625; baseline 0.005 -13"><span class='ocrx_word' id='word_1_149' title='bbox 306 1573 424 1613; x_wconf 88' lang='lat' dir='ltr'>sicut</span> <span class='ocrx_word' id='word_1_150' title='bbox 455 1573 572 1625; x_wconf 88' lang='lat' dir='ltr'>ignis</span> <span class='ocrx_word' id='word_1_151' title='bbox 604 1587 628 1614; x_wconf 92' lang='lat' dir='ltr'>e</span> <span class='ocrx_word' id='word_1_152' title='bbox 659 1573 955 1615; x_wconf 85' lang='lat' dir='ltr'>fundamento</span> <span class='ocrx_word' id='word_1_153' title='bbox 987 1576 1031 1615; x_wconf 86' lang='lat' dir='ltr'>in</span> <span class='ocrx_word' id='word_1_154' title='bbox 1063 1575 1263 1624; x_wconf 89' lang='lat' dir='ltr'>domurn,</span> <span class='ocrx_word' id='word_1_155' title='bbox 1291 1582 1338 1617; x_wconf 90' lang='lat' dir='ltr'>et</span> <span class='ocrx_word' id='word_1_156' title='bbox 1375 1582 1524 1618; x_wconf 92' lang='lat' dir='ltr'>totam</span> <span class='ocrx_word' id='word_1_157' title='bbox 1556 1578 1796 1620; x_wconf 88' lang='lat' dir='ltr'>consumit.</span> 
     </span>
     <span class='ocr_line' id='line_1_21' title="bbox 306 1635 1798 1694; baseline 0.005 -19"><span class='ocrx_word' id='word_1_158' title='bbox 306 1635 377 1676; x_wconf 91' lang='lat' dir='ltr'>Ne</span> <span class='ocrx_word' id='word_1_159' title='bbox 419 1636 485 1676; x_wconf 90' lang='lat' dir='ltr'>ita</span> <span class='ocrx_word' id='word_1_160' title='bbox 523 1636 615 1684; x_wconf 88' lang='lat' dir='ltr'>fiat,</span> <span class='ocrx_word' id='word_1_161' title='bbox 649 1638 1126 1690; x_wconf 83' lang='lat' dir='ltr'>prospiciendumest</span> <span class='ocrx_word' id='word_1_162' title='bbox 1166 1652 1192 1679; x_wconf 92' lang='lat' dir='ltr'>a</span> <span class='ocrx_word' id='word_1_163' title='bbox 1233 1640 1511 1692; x_wconf 89' lang='lat' dir='ltr'>parentibus,</span> <span class='ocrx_word' id='word_1_164' title='bbox 1544 1640 1647 1694; x_wconf 89' lang='lat' dir='ltr'>quia</span> <span class='ocrx_word' id='word_1_165' title='bbox 1686 1654 1798 1694; x_wconf 89' lang='lat' dir='ltr'>puer</span> 
     </span>
     <span class='ocr_line' id='line_1_22' title="bbox 304 1698 1796 1757; baseline 0.005 -19"><span class='ocrx_word' id='word_1_166' title='bbox 304 1698 572 1740; x_wconf 87' lang='lat' dir='ltr'>adolescens</span> <span class='ocrx_word' id='word_1_167' title='bbox 613 1700 797 1741; x_wconf 89' lang='lat' dir='ltr'>libidine</span> <span class='ocrx_word' id='word_1_168' title='bbox 838 1702 1050 1754; x_wconf 90' lang='lat' dir='ltr'>percitus,</span> <span class='ocrx_word' id='word_1_169' title='bbox 1083 1702 1286 1743; x_wconf 89' lang='lat' dir='ltr'>nondum</span> <span class='ocrx_word' id='word_1_170' title='bbox 1326 1716 1385 1744; x_wconf 85' lang='lat' dir='ltr'>ex</span> <span class='ocrx_word' id='word_1_171' title='bbox 1420 1704 1598 1744; x_wconf 87' lang='lat' dir='ltr'>ratione</span> <span class='ocrx_word' id='word_1_172' title='bbox 1637 1710 1796 1757; x_wconf 90' lang='lat' dir='ltr'>potest</span> 
     </span>
     <span class='ocr_line' id='line_1_23' title="bbox 303 1761 854 1816; baseline 0.005 -14"><span class='ocrx_word' id='word_1_173' title='bbox 303 1761 477 1803; x_wconf 88' lang='lat' dir='ltr'>frenum</span> <span class='ocrx_word' id='word_1_174' title='bbox 500 1763 583 1803; x_wconf 91' lang='lat' dir='ltr'>sibi</span> <span class='ocrx_word' id='word_1_175' title='bbox 608 1764 854 1816; x_wconf 88' lang='lat' dir='ltr'>imponere.</span> 
     </span>
    </p>

    <p class='ocr_par' dir='ltr' id='par_1_3' title="bbox 292 1825 1794 3018">
     <span class='ocr_line' id='line_1_24' title="bbox 387 1825 1794 1882; baseline 0.004 -17"><span class='ocrx_word' id='word_1_176' title='bbox 387 1834 516 1879; x_wconf 83' lang='lat'><strong>457.</strong></span> <span class='ocrx_word' id='word_1_177' title='bbox 550 1825 669 1879; x_wconf 83' lang='lat' dir='ltr'>(xii.)</span> <span class='ocrx_word' id='word_1_178' title='bbox 706 1826 919 1877; x_wconf 74' lang='lat' dir='ltr'>Quoniam</span> <span class='ocrx_word' id='word_1_179' title='bbox 934 1828 1179 1882; x_wconf 84' lang='lat' dir='ltr'>conjugiale</span> <span class='ocrx_word' id='word_1_180' title='bbox 1198 1828 1327 1870; x_wconf 81' lang='lat' dir='ltr'>unius</span> <span class='ocrx_word' id='word_1_181' title='bbox 1343 1829 1439 1870; x_wconf 81' lang='lat' dir='ltr'>viri</span> <span class='ocrx_word' id='word_1_182' title='bbox 1448 1843 1543 1870; x_wconf 87' lang='lat' dir='ltr'>cum</span> <span class='ocrx_word' id='word_1_183' title='bbox 1556 1843 1643 1870; x_wconf 84' lang='lat' dir='ltr'>una</span> <span class='ocrx_word' id='word_1_184' title='bbox 1660 1843 1794 1871; x_wconf 81' lang='lat' dir='ltr'>uxore</span> 
     </span>
     <span class='ocr_line' id='line_1_25' title="bbox 302 1888 1790 1945; baseline 0.004 -18"><span class='ocrx_word' id='word_1_185' title='bbox 302 1894 370 1928; x_wconf 83' lang='lat' dir='ltr'>est</span> <span class='ocrx_word' id='word_1_186' title='bbox 407 1888 647 1929; x_wconf 85' lang='lat' dir='ltr'>clenodium</span> <span class='ocrx_word' id='word_1_187' title='bbox 685 1890 804 1930; x_wconf 85' lang='lat' dir='ltr'>vitae</span> <span class='ocrx_word' id='word_1_188' title='bbox 837 1889 1068 1940; x_wconf 76' lang='lat' dir='ltr'>humanae,</span> <span class='ocrx_word' id='word_1_189' title='bbox 1101 1898 1144 1932; x_wconf 85' lang='lat' dir='ltr'>et</span> <span class='ocrx_word' id='word_1_190' title='bbox 1181 1892 1524 1933; x_wconf 85' lang='lat' dir='ltr'>reconditorium</span> <span class='ocrx_word' id='word_1_191' title='bbox 1559 1892 1790 1945; x_wconf 57' lang='lat' dir='ltr'>relegionis</span> 
     </span>
     <span class='ocr_line' id='line_1_26' title="bbox 306 1949 1790 2008; baseline 0.003 -17"><span class='ocrx_word' id='word_1_192' title='bbox 306 1949 345 1992; x_wconf 87' lang='lat' dir='ltr'><em>C</em></span> <span class='ocrx_word' id='word_1_193' title='bbox 345 1950 798 1993; x_wconf 79' lang='lat' dir='ltr'>lzristianae.——Haec</span> <span class='ocrx_word' id='word_1_194' title='bbox 817 1952 907 1993; x_wconf 91' lang='lat' dir='ltr'>duo</span> <span class='ocrx_word' id='word_1_195' title='bbox 925 1960 1045 2001; x_wconf 93' lang='lat' dir='ltr'>sunt,</span> <span class='ocrx_word' id='word_1_196' title='bbox 1065 1967 1179 2007; x_wconf 88' lang='lat' dir='ltr'>quae</span> <span class='ocrx_word' id='word_1_197' title='bbox 1198 1955 1437 1995; x_wconf 89' lang='lat' dir='ltr'>universim</span> <span class='ocrx_word' id='word_1_198' title='bbox 1455 1961 1502 1995; x_wconf 93' lang='lat' dir='ltr'>et</span> <span class='ocrx_word' id='word_1_199' title='bbox 1525 1955 1790 2008; x_wconf 83' lang='lat' dir='ltr'>singillatim</span> 
     </span>
     <span class='ocr_line' id='line_1_27' title="bbox 302 2014 1790 2072; baseline 0.004 -18"><span class='ocrx_word' id='word_1_200' title='bbox 302 2014 347 2054; x_wconf 92' lang='lat' dir='ltr'>in</span> <span class='ocrx_word' id='word_1_201' title='bbox 378 2020 479 2055; x_wconf 89' lang='lat' dir='ltr'>tota</span> <span class='ocrx_word' id='word_1_202' title='bbox 510 2021 639 2067; x_wconf 86' lang='lat' dir='ltr'>parte</span> <span class='ocrx_word' id='word_1_203' title='bbox 670 2017 976 2058; x_wconf 90' lang='lat' dir='ltr'>antecedente</span> <span class='ocrx_word' id='word_1_204' title='bbox 1013 2017 1082 2058; x_wconf 93' lang='lat' dir='ltr'>De</span> <span class='ocrx_word' id='word_1_205' title='bbox 1113 2017 1285 2059; x_wconf 89' lang='lat' dir='ltr'>Amore</span> <span class='ocrx_word' id='word_1_206' title='bbox 1323 2017 1577 2071; x_wconf 85' lang='lat' dir='ltr'>Conjugiali</span> <span class='ocrx_word' id='word_1_207' title='bbox 1612 2025 1660 2059; x_wconf 92' lang='lat' dir='ltr'>et</span> <span class='ocrx_word' id='word_1_208' title='bbox 1697 2018 1790 2072; x_wconf 90' lang='lat' dir='ltr'>ejus</span> 
     </span>
     <span class='ocr_line' id='line_1_28' title="bbox 302 2076 1790 2134; baseline 0.003 -17"><span class='ocrx_word' id='word_1_209' title='bbox 302 2076 562 2131; x_wconf 86' lang='lat' dir='ltr'>Sapientiae</span> <span class='ocrx_word' id='word_1_210' title='bbox 601 2078 801 2128; x_wconf 89' lang='lat' dir='ltr'>Deliciis,</span> <span class='ocrx_word' id='word_1_211' title='bbox 835 2079 1150 2121; x_wconf 86' lang='lat' dir='ltr'>demonstrata</span> <span class='ocrx_word' id='word_1_212' title='bbox 1186 2087 1305 2122; x_wconf 90' lang='lat' dir='ltr'>sunt.</span> <span class='ocrx_word' id='word_1_213' title='bbox 1365 2080 1500 2134; x_wconf 80' lang='lat' dir='ltr'>Quod</span> <span class='ocrx_word' id='word_1_214' title='bbox 1539 2082 1597 2122; x_wconf 88' lang='lat' dir='ltr'>sit</span> <span class='ocrx_word' id='word_1_215' title='bbox 1634 2081 1790 2123; x_wconf 90' lang='lat' dir='ltr'>cleno-</span> 
     </span>
     <span class='ocr_line' id='line_1_29' title="bbox 300 2141 1790 2199; baseline 0.003 -18"><span class='ocrx_word' id='word_1_216' title='bbox 300 2141 424 2181; x_wconf 91' lang='lat' dir='ltr'>dium</span> <span class='ocrx_word' id='word_1_217' title='bbox 446 2142 567 2182; x_wconf 86' lang='lat' dir='ltr'>vitae</span> <span class='ocrx_word' id='word_1_218' title='bbox 590 2141 827 2191; x_wconf 88' lang='lat' dir='ltr'>humanae,</span> <span class='ocrx_word' id='word_1_219' title='bbox 852 2149 922 2183; x_wconf 86' lang='lat' dir='ltr'>est</span> <span class='ocrx_word' id='word_1_220' title='bbox 945 2144 1049 2197; x_wconf 92' lang='lat' dir='ltr'>quia</span> <span class='ocrx_word' id='word_1_221' title='bbox 1069 2143 1266 2185; x_wconf 91' lang='lat' dir='ltr'>hominis</span> <span class='ocrx_word' id='word_1_222' title='bbox 1288 2145 1384 2185; x_wconf 88' lang='lat' dir='ltr'>vita</span> <span class='ocrx_word' id='word_1_223' title='bbox 1405 2144 1510 2185; x_wconf 88' lang='lat' dir='ltr'>talis</span> <span class='ocrx_word' id='word_1_224' title='bbox 1535 2151 1620 2194; x_wconf 90' lang='lat' dir='ltr'>est,</span> <span class='ocrx_word' id='word_1_225' title='bbox 1644 2144 1790 2199; x_wconf 90' lang='lat' dir='ltr'>qualis</span> 
     </span>
     <span class='ocr_line' id='line_1_30' title="bbox 301 2203 1787 2261; baseline 0.003 -17"><span class='ocrx_word' id='word_1_226' title='bbox 301 2209 372 2244; x_wconf 89' lang='lat' dir='ltr'>est</span> <span class='ocrx_word' id='word_1_227' title='bbox 413 2203 488 2245; x_wconf 90' lang='lat' dir='ltr'>ille</span> <span class='ocrx_word' id='word_1_228' title='bbox 525 2218 652 2245; x_wconf 91' lang='lat' dir='ltr'>amor</span> <span class='ocrx_word' id='word_1_229' title='bbox 683 2205 801 2259; x_wconf 91' lang='lat' dir='ltr'>apud</span> <span class='ocrx_word' id='word_1_230' title='bbox 833 2205 974 2254; x_wconf 91' lang='lat' dir='ltr'>illum,</span> <span class='ocrx_word' id='word_1_231' title='bbox 1002 2206 1108 2247; x_wconf 89' lang='lat' dir='ltr'>facit</span> <span class='ocrx_word' id='word_1_232' title='bbox 1135 2208 1254 2247; x_wconf 90' lang='lat' dir='ltr'>enim</span> <span class='ocrx_word' id='word_1_233' title='bbox 1281 2208 1489 2248; x_wconf 83' lang='lat' dir='ltr'>intimum</span> <span class='ocrx_word' id='word_1_234' title='bbox 1516 2209 1637 2248; x_wconf 90' lang='lat' dir='ltr'>vitae</span> <span class='ocrx_word' id='word_1_235' title='bbox 1663 2208 1787 2261; x_wconf 86' lang='lat' dir='ltr'>ejus;</span> 
     </span>
     <span class='ocr_line' id='line_1_31' title="bbox 300 2268 1786 2321; baseline 0.003 -14"><span class='ocrx_word' id='word_1_236' title='bbox 300 2273 372 2308; x_wconf 90' lang='lat' dir='ltr'>est</span> <span class='ocrx_word' id='word_1_237' title='bbox 399 2280 592 2321; x_wconf 90' lang='lat' dir='ltr'>namque</span> <span class='ocrx_word' id='word_1_238' title='bbox 618 2268 713 2308; x_wconf 89' lang='lat' dir='ltr'>vita</span> <span class='ocrx_word' id='word_1_239' title='bbox 747 2269 998 2321; x_wconf 88' lang='lat' dir='ltr'>sapientiae</span> <span class='ocrx_word' id='word_1_240' title='bbox 1024 2269 1332 2311; x_wconf 87' lang='lat' dir='ltr'>cohabitantis</span> <span class='ocrx_word' id='word_1_241' title='bbox 1358 2283 1459 2311; x_wconf 91' lang='lat' dir='ltr'>cum</span> <span class='ocrx_word' id='word_1_242' title='bbox 1498 2284 1578 2311; x_wconf 87' lang='lat' dir='ltr'>suo</span> <span class='ocrx_word' id='word_1_243' title='bbox 1618 2284 1786 2321; x_wconf 88' lang='lat' dir='ltr'>amore,</span> 
     </span>
     <span class='ocr_line' id='line_1_32' title="bbox 302 2331 1790 2386; baseline 0.003 -16"><span class='ocrx_word' id='word_1_244' title='bbox 302 2336 349 2371; x_wconf 91' lang='lat' dir='ltr'>et</span> <span class='ocrx_word' id='word_1_245' title='bbox 375 2331 540 2371; x_wconf 88' lang='lat' dir='ltr'>amoris</span> <span class='ocrx_word' id='word_1_246' title='bbox 567 2331 877 2372; x_wconf 89' lang='lat' dir='ltr'>cohabitantis</span> <span class='ocrx_word' id='word_1_247' title='bbox 901 2344 1002 2372; x_wconf 90' lang='lat' dir='ltr'>cum</span> <span class='ocrx_word' id='word_1_248' title='bbox 1029 2346 1109 2372; x_wconf 91' lang='lat' dir='ltr'>sua</span> <span class='ocrx_word' id='word_1_249' title='bbox 1134 2334 1371 2386; x_wconf 88' lang='lat' dir='ltr'>sapientia,</span> <span class='ocrx_word' id='word_1_250' title='bbox 1399 2339 1445 2374; x_wconf 91' lang='lat' dir='ltr'>et</span> <span class='ocrx_word' id='word_1_251' title='bbox 1470 2334 1575 2374; x_wconf 92' lang='lat' dir='ltr'>inde</span> <span class='ocrx_word' id='word_1_252' title='bbox 1601 2339 1672 2374; x_wconf 85' lang='lat' dir='ltr'>est</span> <span class='ocrx_word' id='word_1_253' title='bbox 1695 2335 1790 2376; x_wconf 89' lang='lat' dir='ltr'>vita</span> 
     </span>
     <span class='ocr_line' id='line_1_33' title="bbox 298 2392 1788 2450; baseline 0.003 -17"><span class='ocrx_word' id='word_1_254' title='bbox 298 2392 561 2434; x_wconf 90' lang='lat' dir='ltr'>deliciarum</span> <span class='ocrx_word' id='word_1_255' title='bbox 590 2394 846 2448; x_wconf 82' lang='lat' dir='ltr'>utriusque3</span> <span class='ocrx_word' id='word_1_256' title='bbox 887 2395 1041 2444; x_wconf 89' lang='lat' dir='ltr'>verbo,</span> <span class='ocrx_word' id='word_1_257' title='bbox 1069 2395 1207 2436; x_wconf 89' lang='lat' dir='ltr'>homo</span> <span class='ocrx_word' id='word_1_258' title='bbox 1232 2403 1303 2438; x_wconf 88' lang='lat' dir='ltr'>est</span> <span class='ocrx_word' id='word_1_259' title='bbox 1336 2397 1490 2437; x_wconf 90' lang='lat' dir='ltr'>anima</span> <span class='ocrx_word' id='word_1_260' title='bbox 1514 2397 1671 2437; x_wconf 89' lang='lat' dir='ltr'>vivens</span> <span class='ocrx_word' id='word_1_261' title='bbox 1709 2410 1788 2450; x_wconf 90' lang='lat' dir='ltr'>per</span> 
     </span>
     <span class='ocr_line' id='line_1_34' title="bbox 298 2455 1785 2512; baseline 0.003 -16"><span class='ocrx_word' id='word_1_262' title='bbox 298 2455 424 2497; x_wconf 92' lang='lat' dir='ltr'>illum</span> <span class='ocrx_word' id='word_1_263' title='bbox 451 2470 678 2507; x_wconf 89' lang='lat' dir='ltr'>amorem;</span> <span class='ocrx_word' id='word_1_264' title='bbox 716 2458 821 2499; x_wconf 88' lang='lat' dir='ltr'>inde</span> <span class='ocrx_word' id='word_1_265' title='bbox 853 2464 939 2502; x_wconf 87' lang='lat' dir='ltr'>est.</span> <span class='ocrx_word' id='word_1_266' title='bbox 967 2458 1088 2511; x_wconf 90' lang='lat' dir='ltr'>quod</span> <span class='ocrx_word' id='word_1_267' title='bbox 1115 2458 1367 2512; x_wconf 89' lang='lat' dir='ltr'>conjugiale</span> <span class='ocrx_word' id='word_1_268' title='bbox 1393 2460 1523 2500; x_wconf 89' lang='lat' dir='ltr'>unius</span> <span class='ocrx_word' id='word_1_269' title='bbox 1563 2460 1644 2500; x_wconf 88' lang='lat' dir='ltr'>viri</span> <span class='ocrx_word' id='word_1_270' title='bbox 1684 2472 1785 2501; x_wconf 91' lang='lat' dir='ltr'>cum</span> 
     </span>
     <span class='ocr_line' id='line_1_35' title="bbox 298 2520 1784 2564; baseline 0.003 -5"><span class='ocrx_word' id='word_1_271' title='bbox 298 2532 388 2559; x_wconf 90' lang='lat' dir='ltr'>una</span> <span class='ocrx_word' id='word_1_272' title='bbox 424 2533 565 2561; x_wconf 86' lang='lat' dir='ltr'>uxore</span> <span class='ocrx_word' id='word_1_273' title='bbox 592 2520 768 2562; x_wconf 89' lang='lat' dir='ltr'>dicatur</span> <span class='ocrx_word' id='word_1_274' title='bbox 794 2520 1052 2562; x_wconf 87' lang='lat' dir='ltr'>clenodium</span> <span class='ocrx_word' id='word_1_275' title='bbox 1088 2522 1208 2562; x_wconf 91' lang='lat' dir='ltr'>vitae</span> <span class='ocrx_word' id='word_1_276' title='bbox 1234 2522 1472 2563; x_wconf 87' lang='lat' dir='ltr'>humanae.</span> <span class='ocrx_word' id='word_1_277' title='bbox 1535 2522 1636 2564; x_wconf 95' lang='lat' dir='ltr'>Hoc</span> <span class='ocrx_word' id='word_1_278' title='bbox 1674 2535 1784 2563; x_wconf 90' lang='lat' dir='ltr'>con-</span> 
     </span>
     <span class='ocr_line' id='line_1_36' title="bbox 297 2581 1784 2638; baseline 0.003 -16"><span class='ocrx_word' id='word_1_279' title='bbox 297 2581 502 2623; x_wconf 86' lang='lat' dir='ltr'>firmatur</span> <span class='ocrx_word' id='word_1_280' title='bbox 532 2597 592 2624; x_wconf 85' lang='lat' dir='ltr'>ex</span> <span class='ocrx_word' id='word_1_281' title='bbox 623 2584 692 2624; x_wconf 89' lang='lat' dir='ltr'>his</span> <span class='ocrx_word' id='word_1_282' title='bbox 717 2598 852 2638; x_wconf 89' lang='lat' dir='ltr'>supra</span> <span class='ocrx_word' id='word_1_283' title='bbox 867 2584 1075 2638; x_wconf 78' lang='lat' dir='ltr'>z—Quod</span> <span class='ocrx_word' id='word_1_284' title='bbox 1101 2598 1203 2625; x_wconf 91' lang='lat' dir='ltr'>cum</span> <span class='ocrx_word' id='word_1_285' title='bbox 1235 2598 1323 2626; x_wconf 92' lang='lat' dir='ltr'>una</span> <span class='ocrx_word' id='word_1_286' title='bbox 1348 2600 1490 2626; x_wconf 86' lang='lat' dir='ltr'>uxore</span> <span class='ocrx_word' id='word_1_287' title='bbox 1515 2586 1647 2626; x_wconf 88' lang='lat' dir='ltr'>detur</span> <span class='ocrx_word' id='word_1_288' title='bbox 1677 2599 1784 2626; x_wconf 87' lang='lat' dir='ltr'>vere</span> 
     </span>
     <span class='ocr_line' id='line_1_37' title="bbox 296 2646 1783 2704; baseline 0.003 -18"><span class='ocrx_word' id='word_1_289' title='bbox 296 2646 564 2699; x_wconf 88' lang='lat' dir='ltr'>conjugialis</span> <span class='ocrx_word' id='word_1_290' title='bbox 594 2649 809 2697; x_wconf 88' lang='lat' dir='ltr'>amicitia,</span> <span class='ocrx_word' id='word_1_291' title='bbox 843 2649 1135 2697; x_wconf 87' lang='lat' dir='ltr'>confidentia,</span> <span class='ocrx_word' id='word_1_292' title='bbox 1168 2651 1394 2702; x_wconf 89' lang='lat' dir='ltr'>potentia,</span> <span class='ocrx_word' id='word_1_293' title='bbox 1428 2650 1531 2704; x_wconf 89' lang='lat' dir='ltr'>quia</span> <span class='ocrx_word' id='word_1_294' title='bbox 1562 2650 1783 2691; x_wconf 89' lang='lat' dir='ltr'>mentium</span> 
     </span>
     <span class='ocr_line' id='line_1_38' title="bbox 296 2709 1788 2765; baseline 0.003 -15"><span class='ocrx_word' id='word_1_295' title='bbox 296 2710 402 2750; x_wconf 91' lang='lat' dir='ltr'>unio</span> <span class='ocrx_word' id='word_1_296' title='bbox 431 2709 494 2763; x_wconf 88' lang='lat' dir='ltr'>(n.</span> <span class='ocrx_word' id='word_1_297' title='bbox 523 2721 617 2763; x_wconf 87' lang='lat'>333,</span> <span class='ocrx_word' id='word_1_298' title='bbox 647 2710 746 2765; x_wconf 89' lang='lat'>334)</span> <span class='ocrx_word' id='word_1_299' title='bbox 769 2724 778 2751; x_wconf 93' lang='lat'><strong>:</strong></span> <span class='ocrx_word' id='word_1_300' title='bbox 841 2711 976 2765; x_wconf 85' lang='lat' dir='ltr'>Quod</span> <span class='ocrx_word' id='word_1_301' title='bbox 1002 2713 1047 2753; x_wconf 92' lang='lat' dir='ltr'>in</span> <span class='ocrx_word' id='word_1_302' title='bbox 1073 2711 1152 2753; x_wconf 93' lang='lat' dir='ltr'>illo</span> <span class='ocrx_word' id='word_1_303' title='bbox 1177 2718 1223 2753; x_wconf 90' lang='lat' dir='ltr'>et</span> <span class='ocrx_word' id='word_1_304' title='bbox 1253 2726 1313 2753; x_wconf 88' lang='lat' dir='ltr'>ex</span> <span class='ocrx_word' id='word_1_305' title='bbox 1339 2713 1418 2754; x_wconf 91' lang='lat' dir='ltr'>illo</span> <span class='ocrx_word' id='word_1_306' title='bbox 1444 2713 1610 2754; x_wconf 89' lang='lat' dir='ltr'>dentur</span> <span class='ocrx_word' id='word_1_307' title='bbox 1634 2713 1788 2754; x_wconf 78' lang='lat' dir='ltr'>beati·&#39;</span> 
     </span>
     <span class='ocr_line' id='line_1_39' title="bbox 295 2774 1784 2829; baseline 0.002 -15"><span class='ocrx_word' id='word_1_308' title='bbox 295 2774 477 2815; x_wconf 90' lang='lat' dir='ltr'>tudines</span> <span class='ocrx_word' id='word_1_309' title='bbox 508 2774 747 2822; x_wconf 81' lang='lat' dir='ltr'>caelestes,</span> <span class='ocrx_word' id='word_1_310' title='bbox 774 2774 1036 2816; x_wconf 88' lang='lat' dir='ltr'>faustitates</span> <span class='ocrx_word' id='word_1_311' title='bbox 1066 2775 1338 2828; x_wconf 88' lang='lat' dir='ltr'>spirituales,</span> <span class='ocrx_word' id='word_1_312' title='bbox 1365 2782 1413 2817; x_wconf 92' lang='lat' dir='ltr'>et</span> <span class='ocrx_word' id='word_1_313' title='bbox 1444 2776 1548 2817; x_wconf 89' lang='lat' dir='ltr'>inde</span> <span class='ocrx_word' id='word_1_314' title='bbox 1575 2775 1784 2829; x_wconf 88' lang='lat' dir='ltr'>jucundi-</span> 
     </span>
     <span class='ocr_line' id='line_1_40' title="bbox 294 2837 1784 2893; baseline 0.002 -16"><span class='ocrx_word' id='word_1_315' title='bbox 294 2842 418 2877; x_wconf 89' lang='lat' dir='ltr'>tates</span> <span class='ocrx_word' id='word_1_316' title='bbox 449 2837 696 2885; x_wconf 86' lang='lat' dir='ltr'>naturales,</span> <span class='ocrx_word' id='word_1_317' title='bbox 729 2851 844 2891; x_wconf 87' lang='lat' dir='ltr'>quae</span> <span class='ocrx_word' id='word_1_318' title='bbox 875 2839 932 2879; x_wconf 90' lang='lat' dir='ltr'>ab</span> <span class='ocrx_word' id='word_1_319' title='bbox 963 2838 1092 2879; x_wconf 91' lang='lat' dir='ltr'>initio</span> <span class='ocrx_word' id='word_1_320' title='bbox 1122 2839 1331 2891; x_wconf 91' lang='lat' dir='ltr'>provisae</span> <span class='ocrx_word' id='word_1_321' title='bbox 1363 2845 1468 2880; x_wconf 90' lang='lat' dir='ltr'>sunt</span> <span class='ocrx_word' id='word_1_322' title='bbox 1500 2839 1602 2887; x_wconf 88' lang='lat' dir='ltr'>illis,</span> <span class='ocrx_word' id='word_1_323' title='bbox 1631 2839 1705 2893; x_wconf 89' lang='lat' dir='ltr'>qui</span> <span class='ocrx_word' id='word_1_324' title='bbox 1739 2841 1784 2882; x_wconf 87' lang='lat' dir='ltr'>in</span> 
     </span>
     <span class='ocr_line' id='line_1_41' title="bbox 293 2899 1780 2954; baseline 0.003 -15"><span class='ocrx_word' id='word_1_325' title='bbox 293 2912 448 2941; x_wconf 90' lang='lat' dir='ltr'>amore</span> <span class='ocrx_word' id='word_1_326' title='bbox 474 2914 579 2941; x_wconf 89' lang='lat' dir='ltr'>vere</span> <span class='ocrx_word' id='word_1_327' title='bbox 606 2899 849 2952; x_wconf 84' lang='lat' dir='ltr'>conjugiali</span> <span class='ocrx_word' id='word_1_328' title='bbox 874 2907 979 2943; x_wconf 90' lang='lat' dir='ltr'>sunt</span> <span class='ocrx_word' id='word_1_329' title='bbox 1010 2899 1072 2953; x_wconf 90' lang='lat' dir='ltr'>(n.</span> <span class='ocrx_word' id='word_1_330' title='bbox 1100 2900 1231 2954; x_wconf 85' lang='lat'>335):</span> <span class='ocrx_word' id='word_1_331' title='bbox 1277 2900 1412 2954; x_wconf 83' lang='lat' dir='ltr'>Quod</span> <span class='ocrx_word' id='word_1_332' title='bbox 1445 2902 1503 2942; x_wconf 89' lang='lat' dir='ltr'>sit</span> <span class='ocrx_word' id='word_1_333' title='bbox 1529 2915 1656 2942; x_wconf 90' lang='lat' dir='ltr'>amor</span> <span class='ocrx_word' id='word_1_334' title='bbox 1683 2903 1780 2944; x_wconf 87' lang='lat' dir='ltr'>fun-</span> 
     </span>
     <span class='ocr_line' id='line_1_42' title="bbox 292 2963 1782 3018; baseline 0.001 -14"><span class='ocrx_word' id='word_1_335' title='bbox 292 2963 569 3005; x_wconf 89' lang='lat' dir='ltr'>damentalis</span> <span class='ocrx_word' id='word_1_336' title='bbox 601 2965 800 3005; x_wconf 89' lang='lat' dir='ltr'>omnium</span> <span class='ocrx_word' id='word_1_337' title='bbox 835 2977 1038 3005; x_wconf 88' lang='lat' dir='ltr'>amorum</span> <span class='ocrx_word' id='word_1_338' title='bbox 1070 2964 1352 3015; x_wconf 89' lang='lat' dir='ltr'>caelestium,</span> <span class='ocrx_word' id='word_1_339' title='bbox 1385 2965 1702 3018; x_wconf 90' lang='lat' dir='ltr'>spiritualium,</span> <span class='ocrx_word' id='word_1_340' title='bbox 1735 2973 1782 3007; x_wconf 88' lang='lat' dir='ltr'>et</span> 
     </span>
    </p>
   </div>
  </div>
 </body>
</html>
