2014 3386
516 331 584 365 m:
615 330 796 365 AMORE
826 330 1256 374 CONJUGIAL1.—N.
1290 314 1379 365 128.
1617 334 1692 379 105

195 445 534 495 absconditum,
555 445 662 500 quid
685 446 856 487 bonurn
874 445 1128 494 charitatiS,
1145 451 1192 488 et
1212 446 1316 500 quid
1336 444 1515 488 affectio
1533 446 1695 488 volun-

195 510 308 551 tatis
340 515 461 558 sunt,
489 515 536 551 et
568 523 748 563 quoque
779 509 848 550 his
880 523 907 551 a
938 509 1207 563 quibusdam
1234 507 1399 562 injecta
1430 516 1502 551 est
1534 510 1698 552 humus

195 574 312 614 sicut
330 573 535 622 mortuis,
556 586 613 614 ne
638 579 881 626 resurgant
902 586 912 624 ;
944 573 1066 627 quod
1090 579 1246 614 tamen
1270 573 1439 614 bonum
1458 573 1698 615 charitatis

195 636 255 677 sit
278 637 538 689 primarium
561 635 799 685 ecclesiae,
824 637 996 690 apertis
1019 636 1165 678 oculis
1183 637 1325 677 videri
1348 642 1508 690 potest
1529 638 1587 678 ab
1609 637 1698 678 illis

195 700 271 754 qui
311 714 403 741 non
435 700 728 742 occluserunt
759 694 880 742 viam
917 714 942 742 e
987 700 1119 742 caelo
1159 701 1204 741 in
1249 699 1536 742 intellectum
1569 714 1698 742 suum

195 777 276 817 per
300 762 673 805 confirmationes
699 778 781 817 pro
807 763 896 805 fide
923 763 1044 817 quod
1073 763 1172 805 sola
1198 763 1338 805 saciat
1365 764 1623 813 ecclesiam,
1651 771 1699 806 et

194 841 277 882 pro
314 828 600 881 cogitatione
638 827 760 882 quod
803 827 904 868 sola
944 827 1082 868 faciat
1114 827 1361 868 hominem.
1423 827 1556 869 Nunc
1598 828 1701 882 quia

193 892 366 933 bonum
391 891 631 933 charitatis
663 897 735 932 est
767 904 794 932 a
827 891 1041 939 Domino,
1070 897 1117 932 et
1149 904 1307 932 verum
1334 890 1440 932 fidei
1473 898 1544 933 est
1576 891 1698 950 apud

194 956 427 997 hominem
455 957 571 997 sicut
598 956 656 996 ab
681 955 775 1003 illo,
801 961 847 996 et
872 955 986 996 haec
1010 955 1100 996 duo
1122 954 1293 996 faciunt
1316 955 1459 996 talem
1483 954 1699 1008 conjunc-

195 1020 370 1060 tionem
411 1020 596 1061 Domini
634 1032 736 1060 cum
774 1019 974 1068 homine,
1019 1025 1066 1073 et
1106 1017 1303 1059 hominis
1338 1032 1441 1060 cum
1481 1019 1698 1069 Domino,

194 1083 341 1137 qualis
366 1083 641 1136 intelligitur
667 1096 747 1137 per
772 1082 959 1124 Domini
985 1083 1140 1131 verba,
1169 1081 1291 1136 quod

505 1172 588 1214 Ipse
605 1173 652 1205 sit
667 1172 704 1204 in
723 1172 804 1211 illis,
822 1177 858 1205 et
877 1172 927 1205 illi
944 1172 981 1204 in
1001 1171 1088 1213 Ipso
1105 1170 1206 1215 (Jolz.
1223 1181 1281 1204 xv.
1298 1179 1330 1212 4,
1350 1170 1392 1213 5),

195 1266 341 1316 patet,
370 1260 493 1315 quod
521 1260 635 1302 haec
663 1257 922 1312 conjunctio
949 1260 1007 1301 sit
1030 1258 1242 1301 ecclesia.

282 1333 402 1378 127.
436 1322 566 1378 (viii.)
602 1323 695 1365 Sed
707 1323 827 1377 quod
839 1323 901 1364 sit
915 1322 1304 1376 correspondentia
1320 1336 1416 1364 cum
1437 1335 1587 1364 amore
1600 1335 1699 1363 con-

182 1386 373 1441 jugiali,
402 1386 700 1436 seminatione,
723 1386 1061 1441 prolificatz'one‚
1089 1400 1240 1427 amore
1263 1386 1502 1438 infantum,
1530 1391 1573 1426 et
1601 1399 1698 1426 cnm

196 1451 418 1492 similibus
441 1465 553 1504 quae
572 1450 618 1491 in
639 1450 870 1506 conjugiis,
890 1455 931 1491 et
953 1463 1009 1490 ex
1029 1449 1121 1490 illis
1143 1448 1412 1491 sunt.—Sed
1435 1449 1548 1490 haec
1572 1462 1700 1490 arca-

197 1516 330 1556 niora
355 1521 477 1563 sunt,
506 1527 641 1568 quarn
674 1521 723 1555 ut
755 1514 934 1567 possint
961 1511 1250 1555 intellectum
1282 1526 1385 1554 cum
1416 1512 1568 1566 aliqua
1599 1512 1700 1553 luce

195 1579 381 1628 intrare,
429 1579 513 1619 nisi
559 1578 860 1632 praecesserit
906 1578 1113 1630 cognitio
1158 1577 1215 1618 de
1260 1576 1697 1630 correspondentia;

195 1656 314 1696 quae
346 1642 430 1682 nisi
456 1640 642 1684 detecta
667 1642 787 1683 inest
814 1639 1084 1689 intellectui,
1113 1639 1279 1681 frustra
1305 1639 1398 1687 illa,
1427 1653 1543 1693 quae
1569 1637 1699 1692 hujus

196 1705 376 1746 articuli
403 1711 524 1753 sunt,
550 1711 779 1758 utcunque
804 1703 1055 1757 explicata,
1085 1703 1559 1756 comprehenduntur:
1593 1701 1700 1756 quid

196 1775 352 1810 autem
394 1774 465 1809 est
497 1767 923 1821 correspondentia,
957 1773 1004 1808 et
1042 1766 1164 1820 quod
1197 1767 1255 1807 sit
1288 1765 1562 1807 naturalium
1596 1777 1698 1806 cum

196 1832 522 1886 spiritualibuS,
551 1831 708 1872 multis
735 1837 973 1872 ostensum
1000 1837 1072 1871 est
1105 1831 1150 1871 in
1181 1829 1430 1883 Apocaiysi
1449 1828 1699 1877 Revelata,·

196 1902 244 1937 et
269 1909 449 1949 quoque
475 1895 519 1936 in
541 1894 740 1935 Arcanis
762 1893 800 1936 C
801 1893 1036 1935 aelestibus
1047 1908 1068 1942 ‚·
1100 1899 1147 1934 et
1174 1893 1218 1934 in
1241 1893 1394 1947 specie
1416 1893 1461 1933 in
1482 1891 1700 1933 Doiirina

194 1959 351 2000 Novae
365 1957 702 2011 Hierosolymae
721 1957 774 1998 de
797 1956 1036 2010 Scriptura
1056 1956 1202 1998 Sacra
1216 1971 1233 2003 ,·
1265 1962 1313 1997 et
1340 1955 1632 2009 singulariter
1654 1955 1698 1995 in

196 2022 484 2063 Memorabili
516 2021 573 2062 de
616 2020 694 2062 illa
734 2021 779 2062 in
822 2020 1132 2074 sequentibus.
1193 2019 1460 2073 Antequam
1493 2018 1700 2072 cognitio

196 2086 253 2127 de
280 2085 358 2127 illa
383 2085 550 2126 hausta
577 2091 663 2134 est,
692 2083 841 2125 solum
868 2097 1024 2125 coram
1050 2081 1290 2124 intellectu
1315 2083 1360 2124 in
1387 2082 1560 2131 umbra,
1584 2081 1698 2123 haec

196 2163 342 2204 pauca
386 2149 625 2190 dicentur:
674 2149 797 2202 quod
846 2161 975 2188 amor
1019 2144 1299 2200 conjugialis
1335 2145 1699 2200 correspondeat

196 2211 423 2255 affectioni
447 2212 633 2265 genuini
654 2212 763 2260 veri,
787 2210 881 2264 ejus
905 2211 1128 2259 castitati,
1154 2210 1341 2264 puritati
1364 2216 1410 2251 et
1434 2207 1698 2259 sanctitat&

197 2277 319 2331 quod
346 2276 588 2317 seminatio
613 2274 975 2327 correspondeat
1003 2274 1242 2327 potentiae
1274 2273 1394 2314 veri:
1439 2272 1560 2326 quod
1594 2285 1698 2325 pro-

197 2339 386 2381 lificatio
418 2338 779 2392 correspondeat
812 2337 1137 2392 propagationi
1169 2336 1289 2386 veri3
1336 2342 1384 2377 et
1417 2335 1539 2390 quod
1570 2348 1699 2376 amor

196 2402 421 2445 infantum
444 2401 804 2455 correspondeat
827 2401 1046 2442 tutationi
1069 2400 1162 2441 veri
1185 2406 1232 2440 et
1255 2399 1375 2440 boni.
1438 2398 1570 2439 Nunc
1594 2399 1698 2452 quia

152 2463 155 2474 ²
197 2479 354 2508 verum
386 2465 507 2518 apud
538 2464 772 2506 hominem
804 2470 996 2518 apparet
1027 2464 1146 2504 sicut
1186 2462 1295 2516 ejus,
1329 2476 1381 2504 ac
1423 2462 1594 2503 bonum
1631 2461 1696 2502 illi

198 2529 459 2583 adjungitur
494 2542 521 2569 a
558 2528 772 2576 Domino,
807 2533 938 2581 patet
971 2527 1091 2581 quod
1124 2525 1560 2579 correspondentiae
1593 2524 1697 2565 illae

198 2593 289 2634 sint
308 2591 528 2633 naturalis
543 2605 622 2632 seu
639 2591 821 2632 externi
839 2591 1036 2631 hominis
1051 2603 1152 2631 cum
1171 2589 1395 2643 spirituali
1414 2603 1492 2629 seu
1514 2589 1697 2629 interno

198 2655 408 2696 homine:
448 2655 527 2696 sed
555 2655 667 2695 haec
695 2655 738 2695 in
767 2653 1157 2702 Memorabilibus,
1182 2666 1296 2706 quae
1323 2656 1587 2705 sequuntur,
1615 2649 1698 2690 ali-

199 2733 334 2773 quam
362 2718 511 2760 lucem
535 2718 903 2759 faenerabuntur.

284 2781 408 2823 128.
441 2780 545 2836 (ix.)
582 2781 710 2832 Quod
737 2779 925 2822 Verbum
949 2779 1011 2821 sit
1031 2778 1220 2820 medium
1240 2775 1565 2834 conjunfft'ionis,
1590 2773 1696 2828 quia

200 2843 319 2885 illud
351 2850 419 2884 est
456 2858 485 2885 a
526 2844 728 2893 Domino,
761 2850 803 2885 et
845 2844 913 2885 sic
939 2841 1368 2894 Dominus.—Quod
1401 2840 1606 2880 Verbum
1638 2838 1698 2879 sit

202 2907 399 2948 medium
440 2905 772 2960 conjunfflonis
813 2906 998 2948 Domini
1035 2918 1138 2946 cum
1178 2905 1378 2953 homine,
1412 2910 1460 2944 et
1501 2901 1697 2943 hominis

201 2982 304 3012 cum
338 2969 551 3020 Domino,
574 2977 646 3012 est
677 2971 780 3024 quia
811 2969 923 3011 illud
954 2969 999 3010 in
1031 2982 1112 3010 sua
1142 2968 1344 3010 essentia
1375 2972 1447 3007 est
1480 2965 1694 3006 Divinum
