2014 3386
521 352 589 385 DE
622 350 802 384 AMORE
833 349 1259 393 CONJUGIAL1.—N.
1294 349 1383 394 115.
1653 350 1709 393 97

207 476 310 507 runt,
329 465 590 502 “Permittite
617 471 663 500 ut
683 475 845 511 quoque
871 464 1014 511 aliquis
1041 475 1090 500 ex
1117 463 1233 500 nobis
1259 462 1435 510 proferat
1465 463 1708 498 sententiam

206 521 256 556 de
274 520 428 567 origine
445 519 592 555 amoris
610 518 858 565 conjugialis,
877 529 922 553 ac
940 518 990 553 de
1008 517 1157 553 virtute
1175 528 1245 553 seu
1265 517 1447 563 potentia
1464 515 1585 562 ejus?

279 573 330 608 Et
347 583 488 609 omnes
506 583 668 608 mensae
685 578 914 607 annuerunt
932 571 1127 611 manibus,
1147 571 1255 617 quod
1274 570 1425 606 liceret.

279 626 329 662 Et
346 633 443 662 tunc
461 637 563 661 unus
581 637 631 661 ex
649 625 726 660 illis
745 625 920 665 intravit,
940 631 980 660 et
1001 624 1185 660 constitit
1206 624 1256 659 ad
1280 635 1471 664 mensam,
1490 634 1611 669 super
1631 634 1711 669 qua

204 679 349 715 cidaris
375 680 507 715 locata
531 679 619 715 fuit.
671 679 750 714 Hic
771 678 885 719 dixit,
907 678 1021 714 “Vos
1048 677 1266 714 Christiani
1289 677 1489 713 deducitis
1511 677 1707 724 originem

204 733 350 768 amoris
370 732 608 779 conjugialis
634 743 683 767 ex
713 733 800 777 ipso
820 743 979 773 amore;
1009 742 1083 767 nos
1104 738 1240 766 autem
1263 731 1444 766 Africani
1471 731 1709 766 deducimus

205 786 312 821 illam
333 797 383 821 ex
405 785 492 821 Deo
513 786 611 821 caeli
637 793 678 821 et
699 793 840 821 terrae.
893 785 1015 821 Estne
1036 795 1150 820 amor
1169 784 1410 832 coniugialis
1432 795 1546 819 amor
1562 791 1708 824 castus,

206 850 328 885 purus
349 846 390 875 et
410 838 597 875 sanctus?
647 838 803 874 Suntne
829 838 959 885 angeli
986 838 1085 874 caeli
1113 838 1152 873 in
1180 838 1277 874 illo?
1331 838 1454 873 Estne
1477 838 1708 873 universum

205 903 332 939 genus
351 893 581 932 humanum,
599 899 640 927 et
659 892 752 927 inde
771 891 1000 927 universum
1020 892 1175 927 caelum
1192 891 1429 938 angelicum,
1448 902 1585 926 semen
1606 890 1711 926 illius

204 945 380 981 amoris?
432 945 537 980 Num
556 945 635 981 tale
653 945 954 992 supereminens
974 945 1136 980 aliunde
1153 956 1273 991 quam
1292 945 1342 980 ab
1366 944 1458 990 Ipso
1483 944 1569 979 Deo
1591 944 1710 980 Crea-

205 1005 292 1034 tore
313 1005 354 1034 et
380 995 540 1035 Statore
562 999 737 1034 universi
764 1006 900 1045 potest
920 998 1119 1034 existere?
1169 998 1253 1034 Vos
1276 997 1496 1034 Christiani
1518 997 1709 1033 virtutem

205 1063 275 1088 seu
294 1052 516 1098 potentiam
535 1052 802 1098 conjugialem
822 1052 1022 1087 deducitis
1040 1063 1089 1087 ex
1102 1051 1222 1087 variis
1237 1051 1367 1087 causis
1386 1051 1646 1086 rationalibus
1668 1056 1709 1086 et

206 1105 474 1146 naturalibus;
501 1116 574 1141 nos
592 1113 728 1140 autem
746 1105 925 1140 Africani
940 1105 1177 1140 deducimus
1197 1105 1303 1140 illam
1323 1116 1372 1140 ex
1390 1111 1498 1139 statu
1517 1104 1710 1149 conjunc-

205 1159 327 1194 tionis
353 1159 527 1194 hominis
553 1169 643 1194 cum
672 1158 760 1194 Deo
786 1159 982 1200 universi:
1009 1158 1117 1194 hunc
1141 1164 1291 1193 statum
1319 1168 1393 1193 nos
1415 1168 1605 1193 vocamus
1631 1163 1711 1192 sta-

206 1218 292 1248 tum
324 1212 538 1259 religionis,
564 1223 637 1247 vos
664 1219 797 1247 autem
823 1218 973 1247 statum
1005 1211 1216 1252 ecclesiae:
1244 1222 1335 1246 nam
1362 1221 1452 1246 cum
1479 1221 1594 1245 amor
1619 1210 1711 1245 inde

204 1272 277 1305 est,
297 1272 339 1301 et
364 1265 429 1300 hic
449 1265 603 1301 stabilis
624 1272 664 1300 et
686 1271 912 1311 perpetuus,
932 1276 1012 1300 non
1035 1271 1171 1311 potest
1198 1264 1263 1299 ille
1284 1264 1400 1300 aliter
1417 1274 1536 1310 quam
1556 1263 1708 1309 operari

206 1329 319 1354 suam
346 1318 549 1359 virtutem,
571 1329 673 1364 quae
701 1319 787 1364 ejus
816 1318 957 1354 similis
982 1325 1054 1359 est,
1075 1318 1131 1353 ita
1155 1328 1316 1364 quoque
1342 1317 1525 1353 stabilem
1554 1323 1595 1352 et
1623 1327 1711 1362 per-

208 1379 382 1418 petuam.
433 1372 562 1407 Amor
578 1383 671 1407 vere
692 1371 931 1418 conjugialis
950 1383 1030 1407 non
1053 1378 1115 1407 est
1137 1378 1257 1406 notus
1279 1370 1354 1406 nisi
1377 1370 1513 1416 paucis
1536 1370 1623 1411 illis,
1643 1370 1710 1416 qui

207 1424 420 1471 propinqui
441 1424 528 1460 Deo
546 1431 662 1460 sunt:
689 1425 781 1460 inde
800 1436 874 1460 nec
900 1425 1082 1470 potentia
1109 1424 1213 1459 illius
1234 1423 1382 1460 amoris
1405 1430 1501 1459 nota
1522 1430 1583 1459 est
1601 1423 1711 1458 aliis:

209 1478 307 1514 haec
324 1489 417 1513 cum
440 1478 508 1535 illo
529 1479 578 1513 ab
599 1477 750 1525 angelis
773 1478 812 1513 in
831 1477 951 1514 caelis
973 1478 1213 1513 describitur
1230 1484 1275 1513 ut
1293 1477 1480 1512 delicium
1500 1477 1602 1512 veris
1624 1487 1710 1523 per-

209 1531 357 1578 petui.”

283 1592 390 1632 114.
428 1583 503 1620 His
529 1583 647 1619 distis
669 1590 926 1619 surrexerunt
952 1594 1103 1624 omnes,
1123 1590 1164 1619 et
1189 1594 1281 1619 ecce
1303 1590 1395 1629 post
1416 1594 1577 1618 auream
1599 1593 1710 1618 men-

206 1648 303 1678 sam,
320 1648 440 1683 super
454 1648 533 1684 qua
551 1637 626 1672 fuit
644 1637 799 1678 cidaris,
815 1636 921 1672 fac‘ta
938 1644 998 1672 est
1013 1636 1188 1672 fenestra
1203 1648 1282 1672 non
1303 1636 1411 1682 prius
1429 1636 1525 1677 visa,
1541 1642 1581 1671 et
1598 1642 1710 1671 trans

209 1691 315 1726 illam
328 1690 466 1726 audita
483 1698 544 1726 est
556 1702 647 1731 vox,
663 1696 684 1709 ⁴⁸
697 1690 851 1726 Cidar1s
863 1691 939 1725 erit
955 1690 1129 1725 Africo.’'
1182 1690 1232 1725 Et
1249 1690 1299 1725 ab
1313 1690 1456 1736 angelo
1471 1690 1565 1724 data
1578 1696 1639 1725 est
1654 1689 1709 1724 illi

210 1744 249 1780 in
269 1754 443 1784 manum,
462 1754 541 1779 non
561 1751 695 1779 autem
714 1755 833 1789 supra
850 1750 981 1790 caput,
1000 1750 1042 1779 et
1061 1743 1126 1779 ille
1145 1754 1235 1778 cum
1257 1743 1323 1778 illa
1340 1743 1464 1778 abivit
1483 1743 1661 1794 domum.

281 1797 331 1832 Et
350 1798 503 1832 incolae
522 1808 735 1843 regnorum
757 1797 939 1844 Europae
957 1796 1105 1844 egressi
1124 1797 1376 1832 intraverunt
1393 1807 1545 1836 currus,
1564 1796 1604 1831 in
1621 1795 1710 1842 qui-

211 1851 284 1887 bus
303 1851 505 1886 redierunt
523 1851 572 1886 ad
591 1861 697 1886 suos.

210 1975 331 2020 115.
369 1965 585 2007 Alterum
613 1964 912 2006 Memorabile
933 1977 1000 2006 :—-

281 2053 326 2089 In
355 2054 488 2089 media
513 2060 632 2090 nocte
657 2053 913 2100 experrectus
938 2065 961 2090 e
986 2064 1142 2094 somno,
1162 2053 1245 2089 vidi
1273 2052 1312 2088 in
1338 2053 1471 2099 aliqua
1495 2052 1709 2088 altitudine

208 2118 347 2143 versus
364 2108 560 2143 orientem
582 2108 767 2154 angelum
794 2114 1001 2142 tenentem
1030 2107 1068 2142 in
1092 2118 1210 2142 manu
1234 2107 1376 2142 dextra
1396 2107 1589 2147 chartam,
1607 2117 1709 2152 quae

209 2171 259 2196 ex
276 2161 364 2196 luce
382 2171 404 2196 e
422 2161 505 2196 sole
529 2160 719 2196 influente
741 2160 925 2206 apparuit
952 2160 990 2195 in
1015 2160 1158 2196 illustri
1180 2160 1364 2200 candore,
1385 2160 1424 2195 in
1442 2160 1557 2205 cujus
1575 2159 1710 2194 medio

207 2221 293 2250 erat
311 2214 509 2260 scriptura
533 2225 582 2249 ex
616 2214 759 2249 litteris
776 2214 928 2254 aureis;
962 2221 1003 2249 et
1028 2214 1111 2249 vidi
1138 2214 1344 2259 scriptum,
1368 2214 1602 2259 Conjugium
1622 2213 1714 2248 boni

207 2272 244 2303 et
263 2269 374 2302 veri:
407 2278 456 2302 ex
476 2268 673 2313 scriptura
694 2267 858 2302 emicuit
880 2267 1080 2313 splendor,
1098 2267 1166 2313 qui
1188 2267 1286 2302 abiit
1308 2267 1346 2301 in
1370 2267 1494 2301 latum
1515 2266 1707 2301 circulum

208 2321 356 2357 circum
375 2321 552 2356 chartam
568 2332 576 2361 ;
601 2320 772 2355 circulus
792 2320 857 2356 ille
875 2331 944 2356 seu
963 2320 1137 2356 ambitus
1155 2320 1340 2366 apparuit
1359 2320 1451 2355 inde
1468 2320 1571 2355 sicut
1588 2329 1709 2365 appa-

209 2381 268 2410 ret
286 2384 430 2409 aurora
447 2384 570 2409 verno
589 2381 780 2419 tempore.

282 2427 379 2462 Post
406 2427 504 2462 haec
521 2427 603 2461 vidi
631 2427 930 2473 angelumcum
952 2426 1090 2461 charta
1109 2426 1147 2461 in
1168 2437 1286 2461 manu
1306 2426 1617 2461 descendentem
1635 2437 1642 2465 :
1668 2431 1709 2460 et

209 2479 312 2515 sicut
329 2480 548 2520 descendit,
567 2479 751 2525 apparuit
772 2479 912 2514 charta
930 2479 1061 2514 minus
1079 2486 1120 2514 et
1139 2479 1270 2514 minus
1292 2479 1434 2518 lucida,
1454 2485 1495 2514 et
1513 2478 1709 2524 scriptura

211 2533 286 2573 illa,
305 2544 408 2580 quae
434 2540 519 2569 erat
547 2534 779 2580 Conjugium
805 2534 894 2568 boni
915 2538 952 2568 et
976 2535 1072 2573 veri,
1094 2544 1287 2568 conversa
1312 2544 1335 2568 a
1360 2533 1494 2568 colore
1520 2543 1642 2567 aureo
1669 2532 1708 2566 in

210 2593 455 2633 argenteum,
478 2587 570 2622 dein
594 2587 632 2621 in
654 2597 856 2632 cupreum.
879 2594 1020 2632 postea
1046 2587 1084 2621 in
1107 2585 1290 2626 ferreum,
1314 2593 1354 2622 et
1376 2586 1538 2621 demum
1567 2585 1605 2620 in
1632 2584 1708 2620 fer-

211 2640 442 2686 ruginosum
461 2646 502 2675 et
527 2640 829 2686 aeruginosum;
855 2651 901 2675 ac
919 2640 1062 2675 ultimo
1080 2639 1188 2675 visus
1214 2647 1276 2675 est
1301 2639 1467 2685 angelus
1494 2639 1640 2673 intrare
1668 2638 1707 2672 in

213 2692 392 2727 nimbum
410 2693 635 2732 obscurum,
654 2699 695 2728 et
716 2704 787 2739 per
804 2693 983 2728 nimbum
1006 2704 1125 2739 super
1141 2700 1311 2734 terram;
1337 2699 1377 2728 et
1394 2692 1452 2727 ibi
1472 2692 1611 2729 charta.
1632 2691 1708 2730 illa,

211 2746 371 2781 tametsi
399 2746 437 2780 in
457 2757 576 2781 manu
597 2747 727 2792 angeli
746 2746 877 2782 adhuc
894 2747 1116 2787 tenebatur,
1135 2757 1216 2781 non
1235 2746 1320 2781 visa
1337 2752 1409 2781 est.
1463 2745 1554 2780 Fuit
1573 2745 1649 2779 hoc
1669 2744 1707 2778 in

214 2798 364 2833 mundo
390 2798 613 2844 spirituum,
634 2799 673 2834 in
701 2811 819 2846 quem
850 2810 989 2836 omnes
1017 2800 1200 2835 homines
1232 2806 1323 2845 post
1348 2799 1503 2835 obitum
1536 2798 1707 2843 primum

213 2858 469 2887 conveniunt.

287 2903 337 2939 Et
353 2911 450 2940 tunc
466 2905 630 2951 angelus
648 2905 805 2941 locutus
824 2913 885 2942 est
905 2906 955 2942 ad
978 2917 1040 2941 me
1062 2906 1209 2946 dicens,
1225 2904 1414 2952 “Quaere
1435 2905 1522 2939 illos
1540 2902 1607 2950 qui
1629 2902 1708 2938 huc

213 2958 390 2998 veniunt,
409 2970 502 2994 num
521 2959 682 2995 videant
701 2971 774 3001 me,
794 2961 856 2996 vel
874 2961 1023 3006 aliquid
1044 2961 1082 2995 in
1102 2971 1220 2995 manu
1241 2959 1362 2995 mea.'’

284 3012 405 3049 Venit
427 3012 654 3055 multitudo,
676 3022 816 3050 coetus
836 3015 886 3050 ab
908 3014 1072 3055 oriente,
1095 3021 1232 3050 coetus
1258 3025 1281 3049 a
1303 3013 1475 3053 meridie,
1498 3019 1637 3048 coetus
1657 3011 1708 3048 ab
