2014 3386
344 364 427 405 228
802 379 1044 411 DELICIAE
1076 379 1380 412 SAPIENTIAE

333 489 515 543 penitus
536 490 770 534 inescatae
790 499 912 543 sunt,
937 493 1267 537 obnixitatibus
1289 495 1380 540 suis
1403 495 1580 550 possint
1605 497 1830 539 tenaciter

332 552 569 596 inhaerere
595 569 735 610 usque
761 557 819 598 ad
846 558 970 599 vitae
993 571 1204 612 agonem.
1266 558 1436 600 Audivi
1468 560 1607 601 etiam
1634 554 1829 602 excusa-

331 616 483 665 tiones
508 631 535 659 a
561 618 820 661 mulieribus
846 621 949 670 illis,
980 635 1058 662 cur
1083 622 1127 662 in
1161 623 1432 663 exercitium
1464 621 1594 676 hujus
1620 624 1728 665 artis
1758 623 1829 665 in-

331 685 567 727 traverint.
630 685 874 733 Dixerunt,
903 686 1023 739 quod
1055 685 1100 726 in
1132 684 1243 726 illud
1276 699 1367 727 non
1398 686 1711 736 intravissent,
1744 687 1830 728 nisi

331 748 640 803 praeviderint
667 761 926 801 supremum
954 755 1288 802 contemptum,
1317 755 1363 790 et
1395 749 1588 790 futuram
1619 748 1828 803 rejectio·

331 824 450 860 nem,
480 818 527 852 et
553 811 658 852 inde
686 811 879 852 exitium
905 824 1050 860 suum,
1074 811 1112 852 si
1137 825 1164 852 a
1190 812 1364 853 maritis
1391 812 1754 866 subjugarentur,
1781 819 1829 855 et

329 875 452 928 quod
493 875 556 916 sic
595 889 655 916 ex
687 875 966 916 necessitate
998 874 1112 915 haec
1145 888 1226 915 sua
1257 888 1383 916 arma
1414 877 1719 930 capesserint:
1758 875 1828 918 his

329 938 604 979 addiderunt
641 937 728 979 hoc
767 938 989 978 monitum
1027 951 1109 991 pro
1140 938 1259 987 viris,
1293 945 1343 980 ut
1375 939 1592 980 uxoribus
1623 953 1703 980 sua
1729 938 1828 993 jura

329 1001 604 1055 relinquant,
638 1007 686 1042 et
711 1000 825 1049 ,dum
857 1000 1046 1042 alternis
1078 1001 1122 1042 in
1153 1000 1391 1054 frigoribus
1424 1009 1544 1051 sunt,
1572 1016 1663 1044 non
1695 1017 1829 1057 repu-

330 1071 432 1106 tent
474 1064 577 1105 illas
617 1071 666 1106 ut
706 1063 820 1104 viles
857 1064 969 1105 infra
1009 1064 1229 1116 ancillas;
1274 1058 1490 1106 dicebant
1531 1067 1670 1107 etiam
1707 1066 1827 1120 quod

327 1127 479 1181 plures
502 1141 561 1168 ex
585 1140 667 1167 suo
690 1141 804 1167 sexu
827 1141 918 1168 non
941 1128 1033 1169 sint
1056 1128 1099 1168 in
1124 1134 1251 1169 statu
1270 1129 1515 1169 exercendi
1538 1129 1662 1170 illam
1681 1135 1827 1170 artem

328 1205 389 1233 ex
420 1197 622 1232 connata
654 1191 929 1242 timiditate;
966 1192 1047 1232 sed
1074 1191 1232 1245 adjeci,
1261 1206 1319 1232 ex
1353 1199 1554 1234 connata
1586 1193 1826 1234 modestia.

328 1254 405 1296 Ex
430 1254 500 1295 his
529 1267 646 1295 nunc
673 1262 833 1295 notum
860 1253 1028 1295 factum
1054 1261 1142 1304 est,
1170 1269 1284 1309 quae
1317 1254 1529 1310 conjugia
1559 1255 1827 1310 intelligun-

328 1325 402 1360 tur
432 1332 511 1372 per
542 1317 754 1371 conjugia
793 1318 1030 1359 infernalia
1061 1319 1105 1359 in
1138 1319 1310 1359 mundo
1341 1319 1457 1360 inter
1488 1318 1719 1372 conjuges,
1753 1320 1827 1374 qui

325 1382 514 1423 interius
554 1389 659 1423 sunt
697 1381 988 1423 infensissimi
1027 1382 1202 1432 hostes,
1236 1389 1282 1424 et
1314 1383 1517 1424 exterius
1557 1383 1675 1424 sicut
1715 1395 1826 1425 con·

323 1443 595 1499 junctissimi
618 1445 767 1494 amici.

326 1586 459 1630 293.
492 1575 577 1617 His
604 1574 872 1630 adjicientur
898 1576 989 1618 duo
1014 1576 1343 1623 Memorabilia.
1401 1576 1596 1618 Primum
1622 1575 1708 1618 hoc
1728 1589 1799 1618 :—

397 1664 613 1712 Quondam
648 1677 720 1711 per
744 1665 959 1701 fenestram
983 1665 1160 1711 spectavi
1186 1666 1237 1702 ad
1267 1666 1475 1708 orientem,
1498 1673 1538 1701 et
1566 1666 1649 1701 vidi
1670 1672 1824 1712 septem

326 1718 511 1754 mulieres
529 1720 715 1755 sedentes
734 1730 853 1765 super
866 1726 1001 1754 roseto
1013 1719 1063 1754 ad
1079 1719 1278 1764 quendam
1293 1718 1459 1760 fontem,
1473 1719 1654 1755 bibentes
1668 1730 1824 1765 aquam.

327 1771 486 1806 Intendi
505 1771 664 1807 fortiter
681 1772 806 1807 aciem
830 1772 934 1807 oculi
956 1772 1006 1807 ad
1028 1772 1246 1808 videndum
1265 1771 1360 1818 quid
1379 1772 1565 1813 facerent,
1583 1783 1629 1807 ac
1651 1771 1824 1807 intensio

324 1825 422 1860 aciei
444 1825 550 1860 oculi
570 1824 647 1860 mei
665 1825 799 1860 affecit
818 1825 929 1860 illos:
954 1836 1076 1871 quare
1095 1836 1176 1860 una
1193 1836 1242 1860 ex
1261 1825 1337 1860 illis
1355 1831 1455 1859 nutu
1471 1824 1655 1860 invitavit
1673 1835 1758 1866 me;
1783 1831 1824 1860 et

324 1888 399 1924 ego
418 1878 521 1913 exivi
540 1878 674 1918 domo,
689 1885 730 1913 et
749 1889 915 1924 propere
929 1877 1099 1919 accessi;
1125 1885 1166 1913 et
1183 1888 1273 1913 curn
1293 1878 1463 1918 aderam,
1477 1878 1627 1913 urbane
1645 1877 1823 1924 quaesivi

324 1930 525 1966 undenam
544 1937 692 1966 essent.

397 1984 447 2020 Et
465 1985 663 2024 dixerunt,
682 1988 702 2002 ‘¹
714 1983 859 2019 Sumus
876 1994 1031 2023 uxores,
1050 1990 1090 2018 et
1111 1983 1176 2018 hic
1193 1983 1461 2029 colloquimur
1477 1983 1527 2018 de
1545 1982 1698 2018 deliciis
1714 1993 1824 2019 arno-

288 2073 289 2076 ,
323 2037 377 2074 ris
398 2036 648 2083 conjugialis,
670 2043 712 2072 et
737 2048 785 2072 ex
813 2037 940 2071 multa
961 2036 1266 2072 confirmatione
1287 2036 1574 2078 concludimus,
1597 2036 1706 2083 quod
1733 2036 1823 2072 illae

324 2090 490 2126 deliciae
508 2090 630 2126 etiam
649 2090 729 2125 sint
748 2089 914 2125 deliciae
933 2089 1187 2135 sapientiae.'’

395 2143 514 2191 Quod
537 2154 775 2189 responsum
799 2143 854 2177 ita
875 2141 1092 2178 oblefiavit
1113 2141 1291 2177 animum
1315 2152 1459 2182 meum,
1481 2148 1526 2176 ut
1546 2141 1704 2177 viderer
1724 2141 1822 2177 mihi

324 2197 362 2232 in
378 2197 519 2243 spiritu
535 2203 575 2232 et
594 2196 687 2231 inde
706 2196 745 2230 in
764 2195 1022 2242 perceptione
1037 2195 1125 2241 plus
1141 2195 1306 2230 interius
1319 2205 1365 2230 ac
1384 2194 1576 2230 illustrius
1589 2205 1686 2235 esse,
1701 2205 1821 2240 quam

323 2250 470 2297 alioqui
493 2250 621 2296 prius:
648 2260 770 2296 quare
792 2249 873 2284 dixi
895 2249 944 2284 ad
968 2248 1066 2288 illas,
1086 2248 1344 2283 “Permittite
1365 2247 1473 2283 vices
1496 2247 1821 2294 interrogationis

322 2305 373 2340 de
391 2303 705 2339 amoenitatibus
724 2303 786 2338 his
799 2302 831 2343 ;''
858 2309 898 2337 et
915 2308 1155 2337 annuerunt.

395 2357 445 2393 Et
464 2355 718 2403 interrogavi,
739 2355 990 2402 “Quomodo
1007 2365 1079 2390 vos
1098 2365 1241 2389 uxores
1259 2353 1382 2394 scitis,
1401 2353 1509 2399 quod
1528 2352 1694 2389 deliciae
1711 2363 1822 2389 amo-

323 2411 375 2447 ris
389 2409 627 2456 conjugialis
640 2409 720 2444 sint
735 2409 897 2444 eaedem
913 2419 1003 2444 cum
1017 2407 1170 2443 deliciis
1180 2407 1397 2453 sapientiae
1409 2406 1449 2442 ?”

395 2463 445 2499 Et
478 2463 784 2508 responderunt,
813 2461 941 2497 “Hoc
966 2461 1111 2496 scimus
1137 2471 1185 2495 ex
1218 2459 1574 2505 correspondentia
1602 2458 1821 2508 sapientiae

322 2516 428 2562 apud
447 2516 611 2551 maritos
625 2527 717 2550 curn
733 2515 886 2550 deliciis
899 2513 1044 2550 amoris
1062 2512 1299 2559 conjugialis
1313 2512 1417 2558 apud
1434 2523 1529 2552 nos:
1551 2523 1642 2547 nam
1655 2511 1821 2547 deliciae

323 2569 442 2615 huJ'us
460 2568 608 2603 amoris
622 2569 727 2614 apud
746 2579 820 2604 nos
833 2579 875 2604 se
893 2567 1070 2603 exaltant
1087 2573 1128 2601 et
1141 2566 1382 2605 diminuunt,
1396 2576 1441 2601 ac
1459 2577 1620 2611 prorsus
1637 2576 1680 2601 se
1693 2564 1820 2611 quali-

321 2622 453 2662 ficant,
473 2622 694 2656 secundum
714 2621 951 2667 sapientiam
969 2619 1075 2666 apud
1094 2619 1258 2654 maritos
1276 2618 1473 2654 nostros.”

395 2674 470 2710 His
489 2674 636 2710 auditis
654 2674 846 2720 quaesivi,
861 2674 1010 2713 dicens,
1026 2678 1044 2691 ‘⁴
1056 2671 1148 2708 Scio
1162 2672 1269 2718 quod
1288 2670 1561 2718 blandiloquia
1574 2670 1819 2710 maritorum.

321 2739 368 2763 ac
385 2728 608 2763 hilaritates
626 2727 771 2763 mentis
791 2727 962 2767 illorum,
981 2725 1155 2761 afficiant
1172 2735 1256 2765 vos,
1275 2732 1316 2760 et
1334 2725 1441 2770 quod
1460 2735 1533 2760 vos
1550 2731 1640 2759 toto
1659 2722 1819 2769 pectore

321 2780 564 2817 deliciemini
585 2791 634 2816 ex
653 2780 748 2821 illis;
774 2781 844 2815 sed
867 2779 988 2815 miror
1009 2779 1114 2825 quod
1139 2778 1291 2818 dicatis,
1310 2777 1418 2823 quod
1445 2776 1639 2823 sapientia
1659 2776 1818 2811 illorum

322 2834 362 2870 id
381 2833 547 2874 efficiat3
573 2839 614 2872 at
633 2833 756 2868 dicite
776 2832 886 2874 mihi,
905 2832 1001 2879 quid
1020 2831 1228 2878 sapientia,
1247 2838 1288 2866 et
1307 2841 1409 2877 quae
1428 2829 1625 2876 sapientia
1636 2828 1677 2865 ?’'

393 2886 457 2922 Ad
477 2887 577 2922 haec
594 2897 738 2921 uxores
758 2886 989 2933 indignatae
999 2884 1317 2930 respondebant,
1336 2883 1493 2919 “Putas
1510 2882 1618 2929 quod
1641 2892 1715 2917 nos
1736 2891 1816 2917 non

321 2940 505 2981 sciamus,
527 2938 622 2986 quid
645 2939 842 2985 sapientia
862 2946 903 2974 et
924 2949 1025 2984 quae
1046 2937 1264 2983 sapientia;
1297 2948 1388 2972 cum
1412 2942 1547 2971 tamen
1568 2945 1687 2980 super
1708 2934 1815 2969 illam

321 2993 426 3039 apud
448 2993 612 3028 maritos
633 2999 792 3028 nostros
813 2992 1004 3027 continue
1026 2989 1276 3029 resteffimus.
1299 2997 1339 3025 et
1362 2989 1467 3024 illam
1489 2988 1658 3024 cottidie
1679 2998 1728 3022 ex
1748 2997 1816 3022 ore

322 3046 479 3081 illorum
502 3044 724 3081 discimus?
751 3056 842 3080 nam
866 3055 938 3080 nos
964 3054 1107 3080 uxores
1127 3042 1350 3090 cogitamus
1376 3042 1426 3078 de
1452 3048 1560 3077 statu
1582 3040 1814 3076 maritorum
