2014 3386
549 316 616 349 DE
648 315 828 355 AMORE
858 294 1343 356 scoRTAT0R10.—NJ
1365 323 1463 366 440.
1667 325 1744 369 335

253 428 310 471 lis
340 442 455 483 quae
480 429 721 473 descendit
753 445 778 474 e
809 431 954 483 caelo,
981 432 1154 475 afficiat
1184 433 1418 476 hominem
1449 436 1745 491 recipientem

247 492 634 547 jucunditatibus;
667 509 806 537 causa
836 502 924 546 est,
951 497 1055 551 quia
1085 496 1293 541 ultimum
1320 498 1520 553 planum,
1548 501 1607 541 in*
1625 502 1745 554 quod

246 556 560 610 jucunditates
586 558 818 612 utriusque
844 560 1011 601 amoris
1036 560 1266 610 desinunt,
1293 568 1340 603 et
1367 563 1442 603 ubi
1473 576 1522 604 se
1552 563 1744 617 implent

251 627 300 664 et
325 620 576 674 complent,
605 628 652 663 et
682 621 842 676 [quod]
871 623 972 664 illas
1002 624 1048 665 in
1073 637 1156 665 suo
1181 638 1316 666 sensu
1341 626 1476 675 sistit,
1504 633 1575 668 est
1597 627 1742 668 idem:

249 685 355 727 inde
372 691 458 734 est,
475 685 597 739 quod
614 687 839 727 amatoria
857 688 1146 737 scortatoria,
1166 694 1213 729 et
1231 689 1455 730 amatoria
1472 690 1746 743 conjugialia

248 749 294 790 in
320 749 542 791 extremis
565 750 870 803 percipiantur
892 751 1068 801 similia,
1093 752 1279 793 tametsi
1305 766 1487 806 prorsus
1509 753 1745 795 dissimilia

249 817 355 852 sunt
369 811 414 852 in
428 811 618 852 internis
635 825 644 852 z
673 812 793 866 quod
811 813 916 854 inde
931 814 1071 855 etiam
1086 814 1322 855 dissimilia
1336 815 1427 856 sint
1445 815 1490 856 in
1505 816 1741 865 extremis,

248 887 309 916 ex
326 887 418 915 non
436 888 572 916 sensu
589 875 859 917 discriminis
872 876 1098 929 judicatur
1114 891 1124 928 3
1152 891 1257 918 nam
1272 878 1665 920 dissimilitudines
1682 893 1742 920 ex

247 937 582 979 discriminibus
622 938 666 979 in
699 939 921 980 extremis
951 952 1044 980 non
1075 940 1281 982 sentiunt
1312 940 1387 981 alii
1418 954 1553 995 quam
1585 942 1659 995 qui
1697 942 1743 982 in

247 1012 403 1042 amore
434 1015 540 1042 vere
567 1000 811 1054 conjugiali
837 1008 973 1054 sunt3
1012 1002 1182 1047 malum
1208 1003 1328 1044 enim
1355 1004 1649 1057 cognoscitur
1680 1018 1740 1046 ex

247 1062 385 1113 bono,
413 1077 504 1104 non
531 1070 686 1105 autem
712 1065 883 1106 bonum
905 1079 965 1107 ex
991 1065 1128 1116 malo,
1153 1066 1270 1108 sicut
1297 1080 1380 1108 nec
1407 1067 1521 1108 odor
1546 1067 1691 1108 dulcis
1716 1081 1744 1108 a

247 1139 356 1168 nare
374 1140 477 1168 cum
499 1127 539 1168 ei
565 1127 773 1169 inhaeret
800 1129 913 1170 odor
935 1135 1069 1170 teter.
1130 1129 1302 1171 Audivi
1328 1130 1385 1171 ab
1407 1130 1600 1184 angelis,
1620 1130 1742 1185 quod

246 1189 312 1232 illi
343 1190 606 1232 discernant
637 1191 682 1231 in
715 1192 938 1232 extremis
969 1191 1190 1234 lascivum
1222 1207 1249 1234 a
1279 1207 1370 1235 non
1403 1193 1590 1243 lascivo,
1624 1194 1740 1235 sicut

246 1253 344 1308 quis
369 1254 586 1295 discernit
610 1254 763 1308 ignem
790 1256 1005 1296 stercoris
1030 1262 1109 1297 aut
1135 1254 1334 1297 fflcornus
1360 1257 1450 1298 usti
1481 1271 1541 1298 ex
1568 1256 1740 1298 maleo·

245 1314 390 1358 lentia
411 1315 520 1369 ejus,
543 1317 601 1358 ab
622 1317 728 1370 igne
750 1318 969 1358 aromatis
991 1323 1070 1360 aut
1092 1317 1204 1372 ligni
1226 1319 1500 1360 cinnamomi
1526 1320 1615 1361 usti
1638 1333 1740 1360 sua-

244 1379 479 1421 veolentia
496 1379 615 1433 ejus;
650 1386 697 1422 et
719 1381 840 1433 quod
866 1380 952 1422 hoc
971 1381 1030 1423 sit
1051 1395 1111 1422 ex
1129 1382 1386 1423 discrimine
1399 1381 1739 1435 jucunditatum

244 1442 542 1492 internarum,
570 1457 685 1497 quae
711 1444 1027 1496 ingrediuntur
1051 1450 1272 1486 externas
1298 1450 1346 1486 et
1373 1445 1576 1487 conflant
1601 1445 1716 1486 illas.

327 1514 468 1560 440.
501 1505 621 1560 (xv.)
658 1505 787 1557 Quod
796 1507 1101 1562 jucunditates
1122 1507 1291 1549 amoris
1311 1508 1572 1549 scortatorz'z’
1591 1507 1737 1549 inclzo-

243 1575 319 1611 ent
340 1583 369 1611 a
390 1583 535 1619 carne,
558 1576 601 1611 et
625 1570 745 1624 quod
764 1570 857 1611 sint
880 1570 1032 1611 carnis
1058 1570 1192 1612 etiam
1218 1570 1264 1612 in
1289 1571 1458 1624 spiritu
1471 1586 1492 1620 ,·
1522 1571 1606 1612 sed
1624 1571 1744 1625 quod

239 1633 546 1688 jucunditates
571 1633 740 1675 amoris
765 1633 1028 1688 cory'ugialzk
1053 1633 1251 1675 inchoent
1275 1634 1320 1675 in
1344 1634 1527 1687 spiritu,
1553 1641 1597 1676 et
1624 1635 1743 1689 quod

243 1698 339 1740 sint
366 1697 560 1751 spiritus
589 1697 724 1738 etiam
768 1696 814 1738 in
857 1695 1199 1750 carna-Quod
1225 1696 1539 1751 jucunditates
1570 1698 1737 1739 amoris

243 1761 506 1803 scortatorii
537 1760 757 1802 inchoent
789 1773 815 1801 a
846 1773 997 1809 carne,
1025 1766 1097 1801 est
1129 1760 1232 1814 quia
1263 1766 1419 1802 oestra
1451 1762 1599 1802 carnis
1631 1767 1738 1803 sunt

242 1823 371 1866 initia
397 1823 600 1865 illarum:
634 1823 756 1878 quod
781 1822 984 1865 inficiant
1005 1824 1227 1877 spiritum,
1251 1837 1303 1865 ac
1330 1824 1451 1878 quod
1477 1825 1568 1865 sint
1592 1825 1739 1865 carnis

242 1887 382 1929 etiam
407 1887 452 1928 in
479 1888 654 1940 spiritu,
682 1893 754 1928 est
781 1887 885 1941 quia
911 1900 1017 1928 caro
1043 1899 1134 1927 non
1161 1888 1316 1936 sentit,
1345 1888 1425 1928 sed
1452 1888 1635 1941 spiritus
1660 1887 1738 1929 illa

241 1963 357 2004 quae
382 1951 656 2003 contingunt
680 1951 725 1991 in
751 1963 914 2001 carne3
952 1963 1055 1991 cum
1081 1949 1167 1991 hoc
1190 1963 1326 1991 sensu
1348 1950 1494 1992 simile
1521 1957 1592 1992 est
1618 1951 1735 1993 sicut

241 2026 344 2055 cum
367 2013 564 2068 reliquis,
588 2020 638 2055 ut
667 2013 788 2067 quod
811 2013 968 2055 oculus
991 2026 1084 2054 non
1106 2013 1264 2055 videat
1285 2019 1332 2055 et
1355 2013 1588 2055 discernat
1611 2015 1735 2056 varia

240 2076 287 2118 in
305 2075 509 2130 objectis,
529 2077 610 2118 sed
628 2077 814 2131 spiritus
834 2093 844 2130 ;
873 2083 925 2118 et*
943 2076 1064 2130 quod
1083 2089 1167 2118 nec
1185 2077 1304 2118 auris
1321 2077 1476 2119 audiat
1499 2084 1546 2119 et
1564 2077 1734 2119 discer-

240 2146 322 2182 nat
352 2140 611 2182 harmonias
643 2139 1003 2182 modulaminum
1034 2140 1078 2181 in
1110 2146 1260 2190 cantu,
1294 2146 1341 2182 et
1377 2141 1734 2182 concordantias

239 2203 573 2245 articulationis
599 2216 815 2245 sonorum
845 2203 889 2244 in
923 2202 1130 2257 loquelis,
1158 2203 1239 2245 sed
1266 2204 1454 2257 spiritus
1471 2218 1481 2255 ;
1519 2217 1571 2245 ac
1604 2204 1733 2258 spiri-

239 2272 314 2309 tus
345 2279 481 2309 omne
513 2267 655 2308 sentit
687 2267 936 2308 secundum
968 2266 1276 2309 elevationem
1308 2280 1436 2308 suam
1473 2267 1518 2308 in
1550 2268 1733 2321 sapien-

239 2330 383 2382 tiam3
425 2330 620 2384 spiritus,
647 2330 722 2384 qui
753 2343 844 2371 non
875 2329 1083 2372 elevatus
1114 2336 1186 2371 est
1217 2343 1351 2383 supra
1377 2330 1607 2371 sensualia
1632 2343 1733 2371 cor-

238 2394 374 2447 poris,
408 2399 455 2435 et
487 2393 550 2434 sie
582 2393 804 2435 adhaeret
835 2393 938 2443 illis,
967 2406 1058 2435 non
1090 2393 1234 2435 sentit
1266 2393 1378 2434 alias
1404 2392 1731 2446 jucunditates,

239 2468 374 2510 quam
401 2469 515 2510 quae
546 2470 571 2497 e
602 2469 738 2498 carne
764 2462 810 2498 et
840 2470 956 2510 quae
987 2470 1012 2498 e
1045 2456 1215 2498 mundo
1241 2470 1321 2510 per
1345 2470 1504 2498 sensus
1530 2457 1732 2510 corporis

237 2519 455 2570 influunt3
493 2519 575 2560 has
606 2520 778 2573 arripit,
805 2519 875 2561 his
906 2518 1176 2568 delectatur,
1203 2526 1251 2561 et
1281 2519 1389 2561 facit
1421 2533 1537 2560 suas.
1598 2519 1729 2560 Nunc

238 2582 341 2636 quia
373 2583 501 2623 initia
531 2583 698 2623 amoris
724 2583 986 2624 scortatorii
1017 2589 1123 2624 sunt
1155 2583 1292 2624 modo
1318 2583 1465 2624 carnis
1497 2588 1651 2623 oestra
1682 2588 1730 2624 et

238 2645 505 2699 prurigines,
529 2651 673 2699 patet,
698 2646 818 2699 quod
844 2645 956 2687 haec
984 2646 1028 2687 in
1055 2645 1215 2699 spiritu
1241 2646 1331 2687 sint
1357 2658 1546 2699 spurcae
1572 2645 1729 2686 illece-

237 2707 360 2758 brae,
392 2722 508 2762 quae
534 2709 650 2750 sicut
675 2708 930 2751 ascendunt
962 2715 1009 2750 et
1041 2708 1342 2758 descendunt,
1370 2714 1417 2749 et
1449 2721 1497 2749 se
1529 2708 1728 2761 recipro-

238 2777 362 2820 cant,
394 2771 460 2813 ita
495 2772 706 2813 excitent
737 2777 785 2813 et
826 2772 1089 2813 incendant.
1151 2771 1203 2812 In
1235 2784 1417 2824 genere,
1451 2771 1729 2824 cupiditates

238 2834 386 2875 carnis
411 2835 456 2876 in
482 2848 530 2876 se
553 2832 785 2888 spec‘tatae
807 2847 899 2876 non
921 2834 1042 2876 aliud
1068 2839 1173 2875 sunt
1195 2847 1329 2888 quarn
1353 2833 1728 2886 conglomeratae

239 2898 638 2951 concupiscentiae
656 2897 762 2938 mali
784 2903 831 2939 et
854 2897 981 2948 salsi;
1014 2897 1118 2938 inde
1136 2902 1207 2938 est
1230 2896 1316 2938 hoc
1335 2909 1489 2937 verum
1512 2896 1555 2936 in
1579 2895 1727 2938 eccle-

239 2960 319 3011 sia,
342 2961 463 3015 quod
485 2974 590 3002 caro
612 2961 905 3014 concupiscat
928 2966 1087 3002 contra
1104 2960 1325 3015 spiritum,
1345 2959 1430 3001 hoc
1454 2966 1540 3011 est,
1564 2967 1727 3004 contra
