<?xml version="1.0" encoding="UTF-8"?>
<!DOCTYPE html PUBLIC "-//W3C//DTD XHTML 1.0 Transitional//EN"
    "http://www.w3.org/TR/xhtml1/DTD/xhtml1-transitional.dtd">
<html xmlns="http://www.w3.org/1999/xhtml" xml:lang="en" lang="en">
 <head>
  <title>
</title>
<meta http-equiv="Content-Type" content="text/html;charset=utf-8" />
  <meta name='ocr-system' content='tesseract 3.04.00' />
  <meta name='ocr-capabilities' content='ocr_page ocr_carea ocr_par ocr_line ocrx_word'/>
</head>
<body>
  <div class='ocr_page' id='page_1' title='image "./deliciaesapienti00sweduoft_0247.png"; bbox 0 0 2014 3386; ppageno 0'>
   <div class='ocr_carea' id='block_1_1' title="bbox 505 378 1673 423">
    <p class='ocr_par' dir='ltr' id='par_1_1' title="bbox 505 378 1673 423">
     <span class='ocr_line' id='line_1_1' title="bbox 505 378 1673 423; baseline 0.002 -12"><span class='ocrx_word' id='word_1_1' title='bbox 505 380 572 411; x_wconf 85' lang='lat' dir='ltr'><strong>DE</strong></span> <span class='ocrx_word' id='word_1_2' title='bbox 605 378 783 412; x_wconf 84' lang='lat' dir='ltr'>AMORE</span> <span class='ocrx_word' id='word_1_3' title='bbox 816 378 1242 422; x_wconf 83' lang='lat' dir='ltr'>CONJUGIAL1.—N.</span> <span class='ocrx_word' id='word_1_4' title='bbox 1271 381 1366 423; x_wconf 86' lang='lat'>310.</span> <span class='ocrx_word' id='word_1_5' title='bbox 1597 382 1673 423; x_wconf 91' lang='lat'><strong>241</strong></span> 
     </span>
    </p>
   </div>
   <div class='ocr_carea' id='block_1_2' title="bbox 170 494 1681 3079">
    <p class='ocr_par' dir='ltr' id='par_1_2' title="bbox 181 494 1680 674">
     <span class='ocr_line' id='line_1_2' title="bbox 183 494 1680 548; baseline 0 -12"><span class='ocrx_word' id='word_1_6' title='bbox 183 509 234 537; x_wconf 91' lang='lat' dir='ltr'><strong>se</strong></span> <span class='ocrx_word' id='word_1_7' title='bbox 265 495 510 545; x_wconf 89' lang='lat' dir='ltr'><strong>emittunt;</strong></span> <span class='ocrx_word' id='word_1_8' title='bbox 551 494 711 548; x_wconf 92' lang='lat' dir='ltr'><strong>quibus</strong></span> <span class='ocrx_word' id='word_1_9' title='bbox 749 500 798 535; x_wconf 92' lang='lat' dir='ltr'><strong>ut</strong></span> <span class='ocrx_word' id='word_1_10' title='bbox 835 494 1055 543; x_wconf 86' lang='lat' dir='ltr'><strong>faveatur,</strong></span> <span class='ocrx_word' id='word_1_11' title='bbox 1089 494 1282 535; x_wconf 88' lang='lat' dir='ltr'><strong>interest</strong></span> <span class='ocrx_word' id='word_1_12' title='bbox 1313 500 1363 535; x_wconf 92' lang='lat' dir='ltr'><strong>ut</strong></span> <span class='ocrx_word' id='word_1_13' title='bbox 1403 494 1680 536; x_wconf 88' lang='lat' dir='ltr'><strong>festivitates</strong></span> 
     </span>
     <span class='ocr_line' id='line_1_3' title="bbox 183 556 1679 611; baseline 0 -12"><span class='ocrx_word' id='word_1_14' title='bbox 183 559 406 599; x_wconf 86' lang='lat' dir='ltr'><strong>mentium</strong></span> <span class='ocrx_word' id='word_1_15' title='bbox 432 557 611 598; x_wconf 91' lang='lat' dir='ltr'><strong>illorum</strong></span> <span class='ocrx_word' id='word_1_16' title='bbox 638 558 682 598; x_wconf 90' lang='lat' dir='ltr'><strong>in</strong></span> <span class='ocrx_word' id='word_1_17' title='bbox 709 558 1030 598; x_wconf 89' lang='lat' dir='ltr'>communione</span> <span class='ocrx_word' id='word_1_18' title='bbox 1055 556 1183 607; x_wconf 87' lang='lat' dir='ltr'><strong>fiant,</strong></span> <span class='ocrx_word' id='word_1_19' title='bbox 1207 563 1255 598; x_wconf 90' lang='lat' dir='ltr'><strong>et</strong></span> <span class='ocrx_word' id='word_1_20' title='bbox 1282 558 1344 599; x_wconf 88' lang='lat' dir='ltr'><strong>sic</strong></span> <span class='ocrx_word' id='word_1_21' title='bbox 1371 558 1455 611; x_wconf 91' lang='lat' dir='ltr'><strong>ipsi</strong></span> <span class='ocrx_word' id='word_1_22' title='bbox 1481 558 1525 599; x_wconf 92' lang='lat' dir='ltr'><strong>in</strong></span> <span class='ocrx_word' id='word_1_23' title='bbox 1552 571 1679 599; x_wconf 89' lang='lat' dir='ltr'><strong>amo-</strong></span> 
     </span>
     <span class='ocr_line' id='line_1_4' title="bbox 181 621 1121 674; baseline -0.002 -10"><span class='ocrx_word' id='word_1_24' title='bbox 181 623 242 664; x_wconf 90' lang='lat' dir='ltr'><strong>ris</strong></span> <span class='ocrx_word' id='word_1_25' title='bbox 269 621 538 674; x_wconf 89' lang='lat' dir='ltr'><strong>conjugialis</strong></span> <span class='ocrx_word' id='word_1_26' title='bbox 565 621 733 674; x_wconf 88' lang='lat' dir='ltr'><strong>gaudia</strong></span> <span class='ocrx_word' id='word_1_27' title='bbox 759 622 1121 662; x_wconf 84' lang='lat' dir='ltr'><strong>introducantur.</strong></span> 
     </span>
    </p>

    <p class='ocr_par' dir='ltr' id='par_1_3' title="bbox 170 683 1681 3079">
     <span class='ocr_line' id='line_1_5' title="bbox 266 683 1681 739; baseline 0.001 -14"><span class='ocrx_word' id='word_1_28' title='bbox 266 694 398 738; x_wconf 78' lang='lat'><strong>310·</strong></span> <span class='ocrx_word' id='word_1_29' title='bbox 437 683 571 738; x_wconf 88' lang='lat' dir='ltr'><strong>(xiv.)</strong></span> <span class='ocrx_word' id='word_1_30' title='bbox 609 683 737 734; x_wconf 79' lang='lat' dir='ltr'><strong>Quod</strong></span> <span class='ocrx_word' id='word_1_31' title='bbox 746 690 854 736; x_wconf 82' lang='lat' dir='ltr'><strong>post</strong></span> <span class='ocrx_word' id='word_1_32' title='bbox 874 684 1055 737; x_wconf 82' lang='lat' dir='ltr'><strong>nuptzas</strong></span> <span class='ocrx_word' id='word_1_33' title='bbox 1070 684 1317 739; x_wconf 67' lang='lat' dir='ltr'><strong>conjugzum</strong></span> <span class='ocrx_word' id='word_1_34' title='bbox 1334 685 1526 738; x_wconf 83' lang='lat' dir='ltr'><strong>spi&#39;rztus</strong></span> <span class='ocrx_word' id='word_1_35' title='bbox 1547 686 1681 727; x_wconf 77' lang='lat' dir='ltr'><strong>ettam</strong></span> 
     </span>
     <span class='ocr_line' id='line_1_6' title="bbox 172 747 1677 803; baseline 0 -13"><span class='ocrx_word' id='word_1_36' title='bbox 172 748 264 803; x_wconf 87' lang='lat' dir='ltr'><strong>fiat</strong></span> <span class='ocrx_word' id='word_1_37' title='bbox 292 747 506 800; x_wconf 84' lang='lat' dir='ltr'><strong>corporzs,</strong></span> <span class='ocrx_word' id='word_1_38' title='bbox 530 753 573 788; x_wconf 87' lang='lat' dir='ltr'><strong>et</strong></span> <span class='ocrx_word' id='word_1_39' title='bbox 601 747 666 788; x_wconf 79' lang='lat' dir='ltr'><strong>sic</strong></span> <span class='ocrx_word' id='word_1_40' title='bbox 687 747 883 800; x_wconf 82' lang='lat' dir='ltr'><em>plenum.</em></span> <span class='ocrx_word' id='word_1_41' title='bbox 886 747 1110 789; x_wconf 85' lang='lat' dir='ltr'><strong>-Omnia</strong></span> <span class='ocrx_word' id='word_1_42' title='bbox 1135 762 1249 802; x_wconf 90' lang='lat' dir='ltr'><strong>quae</strong></span> <span class='ocrx_word' id='word_1_43' title='bbox 1281 749 1329 788; x_wconf 91' lang='lat' dir='ltr'><strong>in</strong></span> <span class='ocrx_word' id='word_1_44' title='bbox 1352 762 1540 802; x_wconf 89' lang='lat' dir='ltr'><strong>corpore</strong></span> <span class='ocrx_word' id='word_1_45' title='bbox 1565 748 1677 790; x_wconf 88' lang='lat' dir='ltr'><strong>fiunt</strong></span> 
     </span>
     <span class='ocr_line' id='line_1_7' title="bbox 181 811 1677 867; baseline -0.001 -13"><span class='ocrx_word' id='word_1_46' title='bbox 181 813 240 854; x_wconf 90' lang='lat' dir='ltr'><strong>ab</strong></span> <span class='ocrx_word' id='word_1_47' title='bbox 264 812 462 860; x_wconf 88' lang='lat' dir='ltr'><strong>homine,</strong></span> <span class='ocrx_word' id='word_1_48' title='bbox 490 811 681 853; x_wconf 89' lang='lat' dir='ltr'><strong>influunt</strong></span> <span class='ocrx_word' id='word_1_49' title='bbox 708 826 768 852; x_wconf 89' lang='lat' dir='ltr'><strong>ex</strong></span> <span class='ocrx_word' id='word_1_50' title='bbox 795 813 952 865; x_wconf 89' lang='lat' dir='ltr'><strong>spiritu</strong></span> <span class='ocrx_word' id='word_1_51' title='bbox 979 811 1096 865; x_wconf 89' lang='lat' dir='ltr'><strong>ejus;</strong></span> <span class='ocrx_word' id='word_1_52' title='bbox 1130 819 1290 853; x_wconf 91' lang='lat' dir='ltr'><strong>notum</strong></span> <span class='ocrx_word' id='word_1_53' title='bbox 1317 813 1435 853; x_wconf 92' lang='lat' dir='ltr'><strong>enim</strong></span> <span class='ocrx_word' id='word_1_54' title='bbox 1463 819 1532 854; x_wconf 90' lang='lat' dir='ltr'><strong>est</strong></span> <span class='ocrx_word' id='word_1_55' title='bbox 1557 813 1677 867; x_wconf 90' lang='lat' dir='ltr'><strong>quod</strong></span> 
     </span>
     <span class='ocr_line' id='line_1_8' title="bbox 181 875 1677 929; baseline 0 -12"><span class='ocrx_word' id='word_1_56' title='bbox 181 890 232 918; x_wconf 91' lang='lat' dir='ltr'><strong>os</strong></span> <span class='ocrx_word' id='word_1_57' title='bbox 250 889 341 917; x_wconf 93' lang='lat' dir='ltr'><strong>non</strong></span> <span class='ocrx_word' id='word_1_58' title='bbox 364 875 574 929; x_wconf 89' lang='lat' dir='ltr'><strong>loquatur</strong></span> <span class='ocrx_word' id='word_1_59' title='bbox 599 889 658 916; x_wconf 89' lang='lat' dir='ltr'><strong>ex</strong></span> <span class='ocrx_word' id='word_1_60' title='bbox 682 889 744 924; x_wconf 89' lang='lat' dir='ltr'><strong>se,</strong></span> <span class='ocrx_word' id='word_1_61' title='bbox 764 876 843 916; x_wconf 91' lang='lat' dir='ltr'><strong>sed</strong></span> <span class='ocrx_word' id='word_1_62' title='bbox 861 875 981 929; x_wconf 91' lang='lat' dir='ltr'><strong>quod</strong></span> <span class='ocrx_word' id='word_1_63' title='bbox 1004 876 1170 917; x_wconf 91' lang='lat' dir='ltr'><strong>mentis</strong></span> <span class='ocrx_word' id='word_1_64' title='bbox 1194 877 1417 929; x_wconf 86' lang='lat' dir='ltr'><strong>cogitatio</strong></span> <span class='ocrx_word' id='word_1_65' title='bbox 1440 890 1518 929; x_wconf 90' lang='lat' dir='ltr'><strong>per</strong></span> <span class='ocrx_word' id='word_1_66' title='bbox 1539 876 1677 926; x_wconf 88' lang='lat' dir='ltr'><strong>illud;</strong></span> 
     </span>
     <span class='ocr_line' id='line_1_9' title="bbox 180 939 1676 992; baseline 0 -12"><span class='ocrx_word' id='word_1_67' title='bbox 180 946 277 980; x_wconf 90' lang='lat' dir='ltr'><strong>tum</strong></span> <span class='ocrx_word' id='word_1_68' title='bbox 302 939 423 992; x_wconf 91' lang='lat' dir='ltr'><strong>quod</strong></span> <span class='ocrx_word' id='word_1_69' title='bbox 450 952 541 979; x_wconf 92' lang='lat' dir='ltr'><strong>non</strong></span> <span class='ocrx_word' id='word_1_70' title='bbox 569 952 727 979; x_wconf 90' lang='lat' dir='ltr'><strong>manus</strong></span> <span class='ocrx_word' id='word_1_71' title='bbox 754 945 896 991; x_wconf 84' lang='lat' dir='ltr'><strong>agant</strong></span> <span class='ocrx_word' id='word_1_72' title='bbox 918 945 964 980; x_wconf 92' lang='lat' dir='ltr'><strong>et</strong></span> <span class='ocrx_word' id='word_1_73' title='bbox 992 939 1131 992; x_wconf 90' lang='lat' dir='ltr'><strong>pedes</strong></span> <span class='ocrx_word' id='word_1_74' title='bbox 1162 939 1397 980; x_wconf 84' lang='lat' dir='ltr'><strong>ambulent</strong></span> <span class='ocrx_word' id='word_1_75' title='bbox 1424 954 1483 980; x_wconf 86' lang='lat' dir='ltr'><strong>ex</strong></span> <span class='ocrx_word' id='word_1_76' title='bbox 1510 953 1572 988; x_wconf 91' lang='lat' dir='ltr'><strong>se,</strong></span> <span class='ocrx_word' id='word_1_77' title='bbox 1596 939 1676 980; x_wconf 90' lang='lat' dir='ltr'><strong>sed</strong></span> 
     </span>
     <span class='ocr_line' id='line_1_10' title="bbox 178 1002 1677 1056; baseline 0.001 -14"><span class='ocrx_word' id='word_1_78' title='bbox 178 1002 301 1056; x_wconf 91' lang='lat' dir='ltr'><strong>quod</strong></span> <span class='ocrx_word' id='word_1_79' title='bbox 334 1003 501 1043; x_wconf 88' lang='lat' dir='ltr'><strong>mentis</strong></span> <span class='ocrx_word' id='word_1_80' title='bbox 528 1002 743 1043; x_wconf 90' lang='lat' dir='ltr'><strong>voluntas</strong></span> <span class='ocrx_word' id='word_1_81' title='bbox 775 1016 855 1055; x_wconf 93' lang='lat' dir='ltr'><strong>per</strong></span> <span class='ocrx_word' id='word_1_82' title='bbox 885 1002 987 1053; x_wconf 80' lang='lat' dir='ltr'><strong>illa3</strong></span> <span class='ocrx_word' id='word_1_83' title='bbox 1019 1009 1367 1056; x_wconf 84' lang='lat' dir='ltr'><strong>consequenter,</strong></span> <span class='ocrx_word' id='word_1_84' title='bbox 1395 1003 1516 1056; x_wconf 92' lang='lat' dir='ltr'><strong>quod</strong></span> <span class='ocrx_word' id='word_1_85' title='bbox 1549 1016 1677 1044; x_wconf 89' lang='lat' dir='ltr'><strong>mens</strong></span> 
     </span>
     <span class='ocr_line' id='line_1_11' title="bbox 178 1065 1677 1119; baseline 0.001 -13"><span class='ocrx_word' id='word_1_86' title='bbox 178 1065 391 1119; x_wconf 88' lang='lat' dir='ltr'><strong>loquatur</strong></span> <span class='ocrx_word' id='word_1_87' title='bbox 421 1079 501 1119; x_wconf 89' lang='lat' dir='ltr'><strong>per</strong></span> <span class='ocrx_word' id='word_1_88' title='bbox 533 1079 660 1106; x_wconf 90' lang='lat' dir='ltr'><strong>suum</strong></span> <span class='ocrx_word' id='word_1_89' title='bbox 693 1079 928 1119; x_wconf 87' lang='lat' dir='ltr'><strong>organum,</strong></span> <span class='ocrx_word' id='word_1_90' title='bbox 956 1072 1002 1107; x_wconf 89' lang='lat' dir='ltr'><strong>et</strong></span> <span class='ocrx_word' id='word_1_91' title='bbox 1035 1066 1155 1119; x_wconf 93' lang='lat' dir='ltr'><strong>quod</strong></span> <span class='ocrx_word' id='word_1_92' title='bbox 1187 1079 1316 1107; x_wconf 89' lang='lat' dir='ltr'><strong>mens</strong></span> <span class='ocrx_word' id='word_1_93' title='bbox 1347 1073 1456 1119; x_wconf 87' lang='lat' dir='ltr'><strong>agat</strong></span> <span class='ocrx_word' id='word_1_94' title='bbox 1489 1080 1568 1119; x_wconf 92' lang='lat' dir='ltr'><strong>per</strong></span> <span class='ocrx_word' id='word_1_95' title='bbox 1598 1080 1677 1107; x_wconf 90' lang='lat' dir='ltr'><strong>sua</strong></span> 
     </span>
     <span class='ocr_line' id='line_1_12' title="bbox 179 1129 1676 1183; baseline 0 -13"><span class='ocrx_word' id='word_1_96' title='bbox 179 1143 353 1182; x_wconf 88' lang='lat' dir='ltr'><strong>organa</strong></span> <span class='ocrx_word' id='word_1_97' title='bbox 378 1130 422 1170; x_wconf 92' lang='lat' dir='ltr'><strong>in</strong></span> <span class='ocrx_word' id='word_1_98' title='bbox 449 1143 664 1183; x_wconf 87' lang='lat' dir='ltr'><strong>corpore;</strong></span> <span class='ocrx_word' id='word_1_99' title='bbox 697 1130 801 1170; x_wconf 91' lang='lat' dir='ltr'><strong>inde</strong></span> <span class='ocrx_word' id='word_1_100' title='bbox 824 1135 968 1182; x_wconf 87' lang='lat' dir='ltr'><strong>patet,</strong></span> <span class='ocrx_word' id='word_1_101' title='bbox 992 1129 1113 1183; x_wconf 93' lang='lat' dir='ltr'><strong>quod</strong></span> <span class='ocrx_word' id='word_1_102' title='bbox 1135 1129 1278 1183; x_wconf 90' lang='lat' dir='ltr'><strong>qualis</strong></span> <span class='ocrx_word' id='word_1_103' title='bbox 1300 1143 1428 1170; x_wconf 91' lang='lat' dir='ltr'><strong>mens</strong></span> <span class='ocrx_word' id='word_1_104' title='bbox 1451 1137 1536 1179; x_wconf 88' lang='lat' dir='ltr'><strong>est,</strong></span> <span class='ocrx_word' id='word_1_105' title='bbox 1560 1130 1676 1171; x_wconf 88' lang='lat' dir='ltr'><strong>tales</strong></span> 
     </span>
     <span class='ocr_line' id='line_1_13' title="bbox 178 1191 1674 1246; baseline 0.001 -13"><span class='ocrx_word' id='word_1_106' title='bbox 178 1193 269 1234; x_wconf 92' lang='lat' dir='ltr'><strong>sint</strong></span> <span class='ocrx_word' id='word_1_107' title='bbox 292 1192 500 1246; x_wconf 90' lang='lat' dir='ltr'><strong>loquelae</strong></span> <span class='ocrx_word' id='word_1_108' title='bbox 523 1193 625 1242; x_wconf 88' lang='lat' dir='ltr'><strong>oris,</strong></span> <span class='ocrx_word' id='word_1_109' title='bbox 646 1199 693 1233; x_wconf 90' lang='lat' dir='ltr'><strong>et</strong></span> <span class='ocrx_word' id='word_1_110' title='bbox 715 1191 966 1234; x_wconf 57' lang='lat' dir='ltr'><strong>talia‘fac‘ta</strong></span> <span class='ocrx_word' id='word_1_111' title='bbox 988 1194 1187 1246; x_wconf 90' lang='lat' dir='ltr'><strong>corporis</strong></span> <span class='ocrx_word' id='word_1_112' title='bbox 1206 1206 1215 1233; x_wconf 90' lang='lat'>:</span> <span class='ocrx_word' id='word_1_113' title='bbox 1250 1207 1309 1234; x_wconf 87' lang='lat' dir='ltr'><strong>ex</strong></span> <span class='ocrx_word' id='word_1_114' title='bbox 1332 1193 1400 1234; x_wconf 93' lang='lat' dir='ltr'><strong>his</strong></span> <span class='ocrx_word' id='word_1_115' title='bbox 1423 1200 1472 1234; x_wconf 94' lang='lat' dir='ltr'><strong>ut</strong></span> <span class='ocrx_word' id='word_1_116' title='bbox 1490 1193 1674 1234; x_wconf 92' lang='lat' dir='ltr'><strong>conclu-</strong></span> 
     </span>
     <span class='ocr_line' id='line_1_14' title="bbox 178 1256 1675 1310; baseline 0.001 -14"><span class='ocrx_word' id='word_1_117' title='bbox 178 1269 276 1296; x_wconf 90' lang='lat' dir='ltr'><strong>sum</strong></span> <span class='ocrx_word' id='word_1_118' title='bbox 309 1257 525 1309; x_wconf 87' lang='lat' dir='ltr'><strong>sequitur,</strong></span> <span class='ocrx_word' id='word_1_119' title='bbox 553 1256 674 1310; x_wconf 93' lang='lat' dir='ltr'><strong>quod</strong></span> <span class='ocrx_word' id='word_1_120' title='bbox 706 1269 835 1297; x_wconf 90' lang='lat' dir='ltr'><strong>mens</strong></span> <span class='ocrx_word' id='word_1_121' title='bbox 867 1269 946 1309; x_wconf 91' lang='lat' dir='ltr'><strong>per</strong></span> <span class='ocrx_word' id='word_1_122' title='bbox 977 1257 1243 1297; x_wconf 90' lang='lat' dir='ltr'><strong>continuum</strong></span> <span class='ocrx_word' id='word_1_123' title='bbox 1274 1256 1495 1297; x_wconf 86' lang='lat' dir='ltr'><strong>influxum</strong></span> <span class='ocrx_word' id='word_1_124' title='bbox 1530 1263 1675 1297; x_wconf 88' lang='lat' dir='ltr'><strong>struat</strong></span> 
     </span>
     <span class='ocr_line' id='line_1_15' title="bbox 178 1319 1675 1373; baseline 0 -13"><span class='ocrx_word' id='word_1_125' title='bbox 178 1333 342 1373; x_wconf 90' lang='lat' dir='ltr'><strong>corpus</strong></span> <span class='ocrx_word' id='word_1_126' title='bbox 381 1320 439 1360; x_wconf 94' lang='lat' dir='ltr'><strong>ad</strong></span> <span class='ocrx_word' id='word_1_127' title='bbox 485 1319 739 1361; x_wconf 81' lang='lat' dir='ltr'><strong>conformes</strong></span> <span class='ocrx_word' id='word_1_128' title='bbox 775 1326 822 1360; x_wconf 89' lang='lat' dir='ltr'><strong>et</strong></span> <span class='ocrx_word' id='word_1_129' title='bbox 867 1319 1151 1372; x_wconf 90' lang='lat' dir='ltr'><strong>synchronas</strong></span> <span class='ocrx_word' id='word_1_130' title='bbox 1190 1319 1452 1371; x_wconf 62' lang='lat' dir='ltr'><strong>activitates</strong></span> <span class='ocrx_word' id='word_1_131' title='bbox 1493 1333 1675 1370; x_wconf 88' lang='lat' dir='ltr'><strong>secum;</strong></span> 
     </span>
     <span class='ocr_line' id='line_1_16' title="bbox 176 1381 1674 1437; baseline 0 -14"><span class='ocrx_word' id='word_1_132' title='bbox 176 1396 315 1436; x_wconf 89' lang='lat' dir='ltr'><strong>quare</strong></span> <span class='ocrx_word' id='word_1_133' title='bbox 352 1393 543 1436; x_wconf 89' lang='lat' dir='ltr'><strong>corpora</strong></span> <span class='ocrx_word' id='word_1_134' title='bbox 582 1382 813 1423; x_wconf 91' lang='lat' dir='ltr'><strong>hominum</strong></span> <span class='ocrx_word' id='word_1_135' title='bbox 854 1383 1040 1424; x_wconf 91' lang='lat' dir='ltr'><strong>interius</strong></span> <span class='ocrx_word' id='word_1_136' title='bbox 1080 1381 1290 1437; x_wconf 64' lang='lat' dir='ltr'><strong>spectata</strong></span> <span class='ocrx_word' id='word_1_137' title='bbox 1328 1397 1420 1424; x_wconf 92' lang='lat' dir='ltr'><strong>non</strong></span> <span class='ocrx_word' id='word_1_138' title='bbox 1452 1390 1558 1424; x_wconf 91' lang='lat' dir='ltr'><strong>sunt</strong></span> <span class='ocrx_word' id='word_1_139' title='bbox 1591 1383 1674 1424; x_wconf 89' lang='lat' dir='ltr'><strong>nisi</strong></span> 
     </span>
     <span class='ocr_line' id='line_1_17' title="bbox 174 1446 1674 1499; baseline 0 -12"><span class='ocrx_word' id='word_1_140' title='bbox 174 1447 345 1488; x_wconf 85' lang='lat' dir='ltr'><strong>formae</strong></span> <span class='ocrx_word' id='word_1_141' title='bbox 363 1447 582 1487; x_wconf 90' lang='lat' dir='ltr'><strong>mentium</strong></span> <span class='ocrx_word' id='word_1_142' title='bbox 606 1446 809 1487; x_wconf 87' lang='lat' dir='ltr'><strong>exterius</strong></span> <span class='ocrx_word' id='word_1_143' title='bbox 832 1447 1124 1499; x_wconf 87' lang='lat' dir='ltr'><strong>organizatae</strong></span> <span class='ocrx_word' id='word_1_144' title='bbox 1147 1447 1204 1487; x_wconf 94' lang='lat' dir='ltr'><strong>ad</strong></span> <span class='ocrx_word' id='word_1_145' title='bbox 1228 1446 1514 1487; x_wconf 87' lang='lat' dir='ltr'><strong>efficiendum</strong></span> <span class='ocrx_word' id='word_1_146' title='bbox 1538 1453 1674 1487; x_wconf 87' lang='lat' dir='ltr'><strong>nutus</strong></span> 
     </span>
     <span class='ocr_line' id='line_1_18' title="bbox 174 1508 1670 1563; baseline 0 -12"><span class='ocrx_word' id='word_1_147' title='bbox 174 1511 365 1551; x_wconf 89' lang='lat' dir='ltr'><strong>animae.</strong></span> <span class='ocrx_word' id='word_1_148' title='bbox 428 1509 556 1550; x_wconf 91' lang='lat' dir='ltr'><strong>Haec</strong></span> <span class='ocrx_word' id='word_1_149' title='bbox 597 1508 830 1562; x_wconf 61' lang='lat' dir='ltr'><strong>praedicta</strong></span> <span class='ocrx_word' id='word_1_150' title='bbox 870 1517 989 1559; x_wconf 89' lang='lat' dir='ltr'><strong>sunt,</strong></span> <span class='ocrx_word' id='word_1_151' title='bbox 1024 1517 1072 1551; x_wconf 92' lang='lat' dir='ltr'><strong>ut</strong></span> <span class='ocrx_word' id='word_1_152' title='bbox 1113 1510 1398 1563; x_wconf 88' lang='lat' dir='ltr'><strong>percipiatur,</strong></span> <span class='ocrx_word' id='word_1_153' title='bbox 1432 1511 1552 1551; x_wconf 91' lang='lat' dir='ltr'><strong>unde</strong></span> <span class='ocrx_word' id='word_1_154' title='bbox 1582 1517 1670 1559; x_wconf 91' lang='lat' dir='ltr'><strong>est,</strong></span> 
     </span>
     <span class='ocr_line' id='line_1_19' title="bbox 174 1573 1671 1627; baseline 0.001 -14"><span class='ocrx_word' id='word_1_155' title='bbox 174 1574 296 1627; x_wconf 91' lang='lat' dir='ltr'><strong>quod</strong></span> <span class='ocrx_word' id='word_1_156' title='bbox 329 1580 506 1614; x_wconf 89' lang='lat' dir='ltr'><strong>mentes</strong></span> <span class='ocrx_word' id='word_1_157' title='bbox 538 1587 616 1614; x_wconf 90' lang='lat' dir='ltr'><strong>seu</strong></span> <span class='ocrx_word' id='word_1_158' title='bbox 648 1573 844 1626; x_wconf 86' lang='lat' dir='ltr'><strong>spiritus,</strong></span> <span class='ocrx_word' id='word_1_159' title='bbox 872 1574 1064 1626; x_wconf 90' lang='lat' dir='ltr'><strong>primum</strong></span> <span class='ocrx_word' id='word_1_160' title='bbox 1096 1574 1215 1614; x_wconf 89' lang='lat' dir='ltr'><strong>inter</strong></span> <span class='ocrx_word' id='word_1_161' title='bbox 1245 1587 1293 1614; x_wconf 87' lang='lat' dir='ltr'><strong>se</strong></span> <span class='ocrx_word' id='word_1_162' title='bbox 1325 1574 1549 1615; x_wconf 90' lang='lat' dir='ltr'><strong>uniendae</strong></span> <span class='ocrx_word' id='word_1_163' title='bbox 1580 1575 1671 1615; x_wconf 89' lang='lat' dir='ltr'><strong>sint</strong></span> 
     </span>
     <span class='ocr_line' id='line_1_20' title="bbox 172 1636 1670 1690; baseline 0 -12"><span class='ocrx_word' id='word_1_164' title='bbox 172 1637 291 1678; x_wconf 86' lang='lat' dir='ltr'><strong>sicut</strong></span> <span class='ocrx_word' id='word_1_165' title='bbox 323 1636 549 1690; x_wconf 84' lang='lat' dir='ltr'><strong>conjugio,</strong></span> <span class='ocrx_word' id='word_1_166' title='bbox 583 1642 829 1689; x_wconf 88' lang='lat' dir='ltr'><strong>antequam</strong></span> <span class='ocrx_word' id='word_1_167' title='bbox 861 1638 1000 1677; x_wconf 89' lang='lat' dir='ltr'><strong>etiam</strong></span> <span class='ocrx_word' id='word_1_168' title='bbox 1032 1650 1221 1690; x_wconf 92' lang='lat' dir='ltr'><strong>corpore</strong></span> <span class='ocrx_word' id='word_1_169' title='bbox 1259 1643 1407 1685; x_wconf 86' lang='lat' dir='ltr'><strong>tenus,</strong></span> <span class='ocrx_word' id='word_1_170' title='bbox 1440 1636 1670 1686; x_wconf 86' lang='lat' dir='ltr'><strong>videlicet,</strong></span> 
     </span>
     <span class='ocr_line' id='line_1_21' title="bbox 173 1698 1672 1754; baseline 0 -13"><span class='ocrx_word' id='word_1_171' title='bbox 173 1707 223 1741; x_wconf 88' lang='lat' dir='ltr'><strong>ut</strong></span> <span class='ocrx_word' id='word_1_172' title='bbox 246 1699 471 1753; x_wconf 85' lang='lat' dir='ltr'><strong>conjugia,</strong></span> <span class='ocrx_word' id='word_1_173' title='bbox 491 1700 597 1740; x_wconf 89' lang='lat' dir='ltr'><strong>dum</strong></span> <span class='ocrx_word' id='word_1_174' title='bbox 620 1698 732 1740; x_wconf 88' lang='lat' dir='ltr'><strong>fiunt</strong></span> <span class='ocrx_word' id='word_1_175' title='bbox 751 1700 965 1753; x_wconf 88' lang='lat' dir='ltr'><strong>corporis,</strong></span> <span class='ocrx_word' id='word_1_176' title='bbox 986 1701 1077 1741; x_wconf 90' lang='lat' dir='ltr'><strong>sint</strong></span> <span class='ocrx_word' id='word_1_177' title='bbox 1100 1700 1282 1752; x_wconf 90' lang='lat' dir='ltr'><strong>spiritus</strong></span> <span class='ocrx_word' id='word_1_178' title='bbox 1301 1714 1310 1750; x_wconf 90' lang='lat'>;</span> <span class='ocrx_word' id='word_1_179' title='bbox 1338 1706 1672 1754; x_wconf 87' lang='lat' dir='ltr'><strong>consequenter</strong></span> 
     </span>
     <span class='ocr_line' id='line_1_22' title="bbox 173 1763 1667 1817; baseline -0.001 -13"><span class='ocrx_word' id='word_1_180' title='bbox 173 1770 223 1804; x_wconf 91' lang='lat' dir='ltr'><strong>ut</strong></span> <span class='ocrx_word' id='word_1_181' title='bbox 255 1763 472 1817; x_wconf 84' lang='lat' dir='ltr'><strong>conjuges</strong></span> <span class='ocrx_word' id='word_1_182' title='bbox 503 1777 551 1804; x_wconf 89' lang='lat' dir='ltr'><strong>se</strong></span> <span class='ocrx_word' id='word_1_183' title='bbox 583 1769 742 1804; x_wconf 92' lang='lat' dir='ltr'><strong>mutuo</strong></span> <span class='ocrx_word' id='word_1_184' title='bbox 772 1769 928 1804; x_wconf 87' lang='lat' dir='ltr'><strong>ament</strong></span> <span class='ocrx_word' id='word_1_185' title='bbox 960 1777 1019 1804; x_wconf 86' lang='lat' dir='ltr'><strong>ex</strong></span> <span class='ocrx_word' id='word_1_186' title='bbox 1052 1764 1225 1816; x_wconf 91' lang='lat' dir='ltr'><strong>spiritu,</strong></span> <span class='ocrx_word' id='word_1_187' title='bbox 1254 1770 1301 1804; x_wconf 92' lang='lat' dir='ltr'><strong>et</strong></span> <span class='ocrx_word' id='word_1_188' title='bbox 1333 1763 1437 1804; x_wconf 89' lang='lat' dir='ltr'><strong>inde</strong></span> <span class='ocrx_word' id='word_1_189' title='bbox 1465 1776 1667 1816; x_wconf 88' lang='lat' dir='ltr'><strong>corpore.</strong></span> 
     </span>
     <span class='ocr_line' id='line_1_23' title="bbox 173 1825 1668 1880; baseline -0.001 -12"><span class='ocrx_word' id='word_1_190' title='bbox 173 1827 249 1868; x_wconf 84' lang='lat' dir='ltr'><strong>Ex</strong></span> <span class='ocrx_word' id='word_1_191' title='bbox 275 1827 344 1868; x_wconf 86' lang='lat' dir='ltr'><strong>his</strong></span> <span class='ocrx_word' id='word_1_192' title='bbox 371 1840 487 1867; x_wconf 89' lang='lat' dir='ltr'><strong>nunc</strong></span> <span class='ocrx_word' id='word_1_193' title='bbox 516 1825 773 1879; x_wconf 66' lang='lat' dir='ltr'><strong>spectemus</strong></span> <span class='ocrx_word' id='word_1_194' title='bbox 799 1826 1086 1880; x_wconf 86' lang='lat' dir='ltr'><strong>conjugium:</strong></span> <span class='ocrx_word' id='word_1_195' title='bbox 1120 1839 1222 1867; x_wconf 91' lang='lat' dir='ltr'><strong>cum</strong></span> <span class='ocrx_word' id='word_1_196' title='bbox 1248 1839 1376 1867; x_wconf 91' lang='lat' dir='ltr'><strong>amor</strong></span> <span class='ocrx_word' id='word_1_197' title='bbox 1402 1825 1668 1879; x_wconf 89' lang='lat' dir='ltr'><strong>conjugialis</strong></span> 
     </span>
     <span class='ocr_line' id='line_1_24' title="bbox 172 1889 1665 1943; baseline -0.001 -12"><span class='ocrx_word' id='word_1_198' title='bbox 172 1889 410 1943; x_wconf 90' lang='lat' dir='ltr'><strong>conjungit</strong></span> <span class='ocrx_word' id='word_1_199' title='bbox 441 1896 621 1931; x_wconf 86' lang='lat' dir='ltr'><strong>mentes</strong></span> <span class='ocrx_word' id='word_1_200' title='bbox 653 1890 855 1938; x_wconf 88' lang='lat' dir='ltr'><strong>duorum,</strong></span> <span class='ocrx_word' id='word_1_201' title='bbox 890 1903 942 1930; x_wconf 92' lang='lat' dir='ltr'><strong>ac</strong></span> <span class='ocrx_word' id='word_1_202' title='bbox 978 1889 1143 1931; x_wconf 85' lang='lat' dir='ltr'><strong>format</strong></span> <span class='ocrx_word' id='word_1_203' title='bbox 1178 1889 1278 1930; x_wconf 89' lang='lat' dir='ltr'><strong>illas</strong></span> <span class='ocrx_word' id='word_1_204' title='bbox 1310 1890 1354 1930; x_wconf 93' lang='lat' dir='ltr'><strong>in</strong></span> <span class='ocrx_word' id='word_1_205' title='bbox 1390 1889 1665 1942; x_wconf 79' lang='lat' dir='ltr'><strong>conjugium,</strong></span> 
     </span>
     <span class='ocr_line' id='line_1_25' title="bbox 171 1952 1667 2006; baseline -0.001 -11"><span class='ocrx_word' id='word_1_206' title='bbox 171 1960 280 1996; x_wconf 90' lang='lat' dir='ltr'><strong>tunc</strong></span> <span class='ocrx_word' id='word_1_207' title='bbox 308 1954 446 1994; x_wconf 90' lang='lat' dir='ltr'><strong>etiam</strong></span> <span class='ocrx_word' id='word_1_208' title='bbox 479 1952 714 2006; x_wconf 87' lang='lat' dir='ltr'><strong>conjungit</strong></span> <span class='ocrx_word' id='word_1_209' title='bbox 748 1959 794 1993; x_wconf 89' lang='lat' dir='ltr'><strong>et</strong></span> <span class='ocrx_word' id='word_1_210' title='bbox 826 1952 988 1994; x_wconf 90' lang='lat' dir='ltr'><strong>format</strong></span> <span class='ocrx_word' id='word_1_211' title='bbox 1015 1966 1205 2006; x_wconf 87' lang='lat' dir='ltr'><strong>corpora</strong></span> <span class='ocrx_word' id='word_1_212' title='bbox 1235 1953 1414 1994; x_wconf 87' lang='lat' dir='ltr'><strong>illorum</strong></span> <span class='ocrx_word' id='word_1_213' title='bbox 1441 1954 1498 1993; x_wconf 93' lang='lat' dir='ltr'><strong>ad</strong></span> <span class='ocrx_word' id='word_1_214' title='bbox 1529 1952 1667 2003; x_wconf 90' lang='lat' dir='ltr'><strong>illud;</strong></span> 
     </span>
     <span class='ocr_line' id='line_1_26' title="bbox 171 2014 1669 2066; baseline -0.001 -9"><span class='ocrx_word' id='word_1_215' title='bbox 171 2030 291 2066; x_wconf 90' lang='lat' dir='ltr'><strong>nam,</strong></span> <span class='ocrx_word' id='word_1_216' title='bbox 320 2023 368 2057; x_wconf 94' lang='lat' dir='ltr'><strong>ut</strong></span> <span class='ocrx_word' id='word_1_217' title='bbox 395 2014 565 2057; x_wconf 68' lang='lat' dir='ltr'><strong>dictum</strong></span> <span class='ocrx_word' id='word_1_218' title='bbox 592 2023 677 2064; x_wconf 89' lang='lat' dir='ltr'><strong>est,</strong></span> <span class='ocrx_word' id='word_1_219' title='bbox 705 2015 849 2056; x_wconf 89' lang='lat' dir='ltr'><strong>forma</strong></span> <span class='ocrx_word' id='word_1_220' title='bbox 871 2017 1038 2057; x_wconf 91' lang='lat' dir='ltr'><strong>mentis</strong></span> <span class='ocrx_word' id='word_1_221' title='bbox 1061 2022 1130 2057; x_wconf 89' lang='lat' dir='ltr'><strong>est</strong></span> <span class='ocrx_word' id='word_1_222' title='bbox 1155 2017 1294 2057; x_wconf 89' lang='lat' dir='ltr'><strong>etiam</strong></span> <span class='ocrx_word' id='word_1_223' title='bbox 1317 2016 1504 2057; x_wconf 90' lang='lat' dir='ltr'><strong>interius</strong></span> <span class='ocrx_word' id='word_1_224' title='bbox 1525 2015 1669 2056; x_wconf 87' lang='lat' dir='ltr'><strong>forma</strong></span> 
     </span>
     <span class='ocr_line' id='line_1_27' title="bbox 171 2078 1668 2134; baseline -0.001 -12"><span class='ocrx_word' id='word_1_225' title='bbox 171 2081 387 2134; x_wconf 89' lang='lat' dir='ltr'><strong>corporis,</strong></span> <span class='ocrx_word' id='word_1_226' title='bbox 416 2093 517 2120; x_wconf 90' lang='lat' dir='ltr'><strong>curn</strong></span> <span class='ocrx_word' id='word_1_227' title='bbox 544 2079 643 2120; x_wconf 86' lang='lat' dir='ltr'><strong>sola</strong></span> <span class='ocrx_word' id='word_1_228' title='bbox 669 2078 938 2128; x_wconf 86' lang='lat' dir='ltr'><strong>differentia,</strong></span> <span class='ocrx_word' id='word_1_229' title='bbox 967 2080 1088 2133; x_wconf 92' lang='lat' dir='ltr'><strong>quod</strong></span> <span class='ocrx_word' id='word_1_230' title='bbox 1119 2079 1232 2121; x_wconf 89' lang='lat' dir='ltr'><strong>haec</strong></span> <span class='ocrx_word' id='word_1_231' title='bbox 1259 2081 1462 2121; x_wconf 88' lang='lat' dir='ltr'><strong>exterius</strong></span> <span class='ocrx_word' id='word_1_232' title='bbox 1485 2079 1668 2132; x_wconf 84' lang='lat' dir='ltr'><strong>organi-</strong></span> 
     </span>
     <span class='ocr_line' id='line_1_28' title="bbox 172 2142 1666 2196; baseline 0 -12"><span class='ocrx_word' id='word_1_233' title='bbox 172 2150 277 2184; x_wconf 87' lang='lat' dir='ltr'><strong>zata</strong></span> <span class='ocrx_word' id='word_1_234' title='bbox 303 2144 362 2184; x_wconf 91' lang='lat' dir='ltr'><strong>sit</strong></span> <span class='ocrx_word' id='word_1_235' title='bbox 388 2143 445 2184; x_wconf 88' lang='lat' dir='ltr'><strong>ad</strong></span> <span class='ocrx_word' id='word_1_236' title='bbox 472 2142 758 2183; x_wconf 88' lang='lat' dir='ltr'><strong>efficiendum</strong></span> <span class='ocrx_word' id='word_1_237' title='bbox 791 2143 917 2192; x_wconf 92' lang='lat' dir='ltr'><strong>illud,</strong></span> <span class='ocrx_word' id='word_1_238' title='bbox 945 2144 1002 2183; x_wconf 90' lang='lat' dir='ltr'><strong>ad</strong></span> <span class='ocrx_word' id='word_1_239' title='bbox 1029 2143 1150 2196; x_wconf 94' lang='lat' dir='ltr'><strong>quod</strong></span> <span class='ocrx_word' id='word_1_240' title='bbox 1182 2144 1368 2184; x_wconf 88' lang='lat' dir='ltr'><strong>interior</strong></span> <span class='ocrx_word' id='word_1_241' title='bbox 1393 2143 1536 2184; x_wconf 83' lang='lat' dir='ltr'><strong>forma</strong></span> <span class='ocrx_word' id='word_1_242' title='bbox 1567 2157 1666 2184; x_wconf 90' lang='lat' dir='ltr'><strong>cor-</strong></span> 
     </span>
     <span class='ocr_line' id='line_1_29' title="bbox 171 2206 1665 2260; baseline 0 -13"><span class='ocrx_word' id='word_1_243' title='bbox 171 2208 291 2260; x_wconf 89' lang='lat' dir='ltr'><strong>poris</strong></span> <span class='ocrx_word' id='word_1_244' title='bbox 331 2220 358 2247; x_wconf 84' lang='lat' dir='ltr'><strong>a</strong></span> <span class='ocrx_word' id='word_1_245' title='bbox 398 2212 552 2247; x_wconf 91' lang='lat' dir='ltr'><strong>mente</strong></span> <span class='ocrx_word' id='word_1_246' title='bbox 593 2206 933 2247; x_wconf 88' lang='lat' dir='ltr'><strong>determinatur.</strong></span> <span class='ocrx_word' id='word_1_247' title='bbox 1009 2206 1141 2247; x_wconf 92' lang='lat' dir='ltr'><strong>Mens</strong></span> <span class='ocrx_word' id='word_1_248' title='bbox 1179 2213 1332 2248; x_wconf 88' lang='lat' dir='ltr'><strong>autem</strong></span> <span class='ocrx_word' id='word_1_249' title='bbox 1372 2207 1567 2247; x_wconf 88' lang='lat' dir='ltr'><strong>formata</strong></span> <span class='ocrx_word' id='word_1_250' title='bbox 1606 2220 1665 2247; x_wconf 89' lang='lat' dir='ltr'><strong>ex</strong></span> 
     </span>
     <span class='ocr_line' id='line_1_30' title="bbox 170 2269 1666 2323; baseline 0.001 -13"><span class='ocrx_word' id='word_1_251' title='bbox 170 2283 324 2311; x_wconf 84' lang='lat' dir='ltr'><strong>amore</strong></span> <span class='ocrx_word' id='word_1_252' title='bbox 357 2269 615 2323; x_wconf 84' lang='lat' dir='ltr'><strong>conjugiali‚</strong></span> <span class='ocrx_word' id='word_1_253' title='bbox 643 2283 735 2310; x_wconf 89' lang='lat' dir='ltr'><strong>non</strong></span> <span class='ocrx_word' id='word_1_254' title='bbox 767 2269 914 2310; x_wconf 88' lang='lat' dir='ltr'><strong>solum</strong></span> <span class='ocrx_word' id='word_1_255' title='bbox 947 2276 1017 2311; x_wconf 91' lang='lat' dir='ltr'><strong>est</strong></span> <span class='ocrx_word' id='word_1_256' title='bbox 1048 2271 1234 2311; x_wconf 91' lang='lat' dir='ltr'><strong>interius</strong></span> <span class='ocrx_word' id='word_1_257' title='bbox 1265 2271 1310 2311; x_wconf 90' lang='lat' dir='ltr'><strong>in</strong></span> <span class='ocrx_word' id='word_1_258' title='bbox 1341 2276 1445 2311; x_wconf 93' lang='lat' dir='ltr'><strong>toto</strong></span> <span class='ocrx_word' id='word_1_259' title='bbox 1476 2283 1666 2323; x_wconf 91' lang='lat' dir='ltr'><strong>corpore</strong></span> 
     </span>
     <span class='ocr_line' id='line_1_31' title="bbox 170 2333 1666 2386; baseline -0.001 -12"><span class='ocrx_word' id='word_1_260' title='bbox 170 2334 335 2375; x_wconf 89' lang='lat' dir='ltr'><strong>circum</strong></span> <span class='ocrx_word' id='word_1_261' title='bbox 378 2334 496 2374; x_wconf 92' lang='lat' dir='ltr'><strong>circa</strong></span> <span class='ocrx_word' id='word_1_262' title='bbox 536 2333 693 2382; x_wconf 90' lang='lat' dir='ltr'><strong>ubivis,</strong></span> <span class='ocrx_word' id='word_1_263' title='bbox 727 2333 807 2374; x_wconf 90' lang='lat' dir='ltr'><strong>sed</strong></span> <span class='ocrx_word' id='word_1_264' title='bbox 844 2334 1026 2386; x_wconf 88' lang='lat' dir='ltr'><strong>insuper</strong></span> <span class='ocrx_word' id='word_1_265' title='bbox 1065 2340 1134 2375; x_wconf 89' lang='lat' dir='ltr'><strong>est</strong></span> <span class='ocrx_word' id='word_1_266' title='bbox 1174 2334 1360 2374; x_wconf 90' lang='lat' dir='ltr'><strong>interius</strong></span> <span class='ocrx_word' id='word_1_267' title='bbox 1397 2334 1441 2374; x_wconf 90' lang='lat' dir='ltr'><strong>in</strong></span> <span class='ocrx_word' id='word_1_268' title='bbox 1482 2334 1666 2386; x_wconf 84' lang='lat' dir='ltr'><strong>organis</strong></span> 
     </span>
     <span class='ocr_line' id='line_1_32' title="bbox 170 2396 1663 2451; baseline 0 -15"><span class='ocrx_word' id='word_1_269' title='bbox 170 2397 452 2449; x_wconf 83' lang='lat' dir='ltr'><strong>generationi</strong></span> <span class='ocrx_word' id='word_1_270' title='bbox 477 2397 653 2445; x_wconf 88' lang='lat' dir='ltr'><strong>dicatis,</strong></span> <span class='ocrx_word' id='word_1_271' title='bbox 681 2410 796 2450; x_wconf 92' lang='lat' dir='ltr'><strong>quae</strong></span> <span class='ocrx_word' id='word_1_272' title='bbox 822 2396 866 2437; x_wconf 93' lang='lat' dir='ltr'><strong>in</strong></span> <span class='ocrx_word' id='word_1_273' title='bbox 893 2410 971 2436; x_wconf 87' lang='lat' dir='ltr'><strong>sua</strong></span> <span class='ocrx_word' id='word_1_274' title='bbox 996 2397 1183 2450; x_wconf 90' lang='lat' dir='ltr'><strong>regione</strong></span> <span class='ocrx_word' id='word_1_275' title='bbox 1209 2397 1321 2438; x_wconf 85' lang='lat' dir='ltr'><strong>infra</strong></span> <span class='ocrx_word' id='word_1_276' title='bbox 1345 2396 1540 2451; x_wconf 85' lang='lat' dir='ltr'><strong>reliquas</strong></span> <span class='ocrx_word' id='word_1_277' title='bbox 1565 2409 1663 2437; x_wconf 93' lang='lat' dir='ltr'><strong>cor-</strong></span> 
     </span>
     <span class='ocr_line' id='line_1_33' title="bbox 170 2459 1663 2512; baseline 0 -12"><span class='ocrx_word' id='word_1_278' title='bbox 170 2460 290 2511; x_wconf 88' lang='lat' dir='ltr'><strong>poris</strong></span> <span class='ocrx_word' id='word_1_279' title='bbox 312 2460 522 2512; x_wconf 87' lang='lat' dir='ltr'><strong>regiones</strong></span> <span class='ocrx_word' id='word_1_280' title='bbox 545 2460 714 2500; x_wconf 83' lang='lat' dir='ltr'><strong>situata</strong></span> <span class='ocrx_word' id='word_1_281' title='bbox 731 2465 849 2508; x_wconf 89' lang='lat' dir='ltr'><strong>sunt,</strong></span> <span class='ocrx_word' id='word_1_282' title='bbox 869 2459 913 2500; x_wconf 92' lang='lat' dir='ltr'><strong>in</strong></span> <span class='ocrx_word' id='word_1_283' title='bbox 935 2459 1004 2500; x_wconf 90' lang='lat' dir='ltr'><strong>his</strong></span> <span class='ocrx_word' id='word_1_284' title='bbox 1026 2460 1327 2501; x_wconf 88' lang='lat' dir='ltr'><strong>terminantur</strong></span> <span class='ocrx_word' id='word_1_285' title='bbox 1342 2460 1512 2501; x_wconf 90' lang='lat' dir='ltr'><strong>formae</strong></span> <span class='ocrx_word' id='word_1_286' title='bbox 1535 2473 1663 2500; x_wconf 91' lang='lat' dir='ltr'><strong>men-</strong></span> 
     </span>
     <span class='ocr_line' id='line_1_34' title="bbox 170 2522 1665 2576; baseline 0.001 -14"><span class='ocrx_word' id='word_1_287' title='bbox 170 2522 228 2562; x_wconf 87' lang='lat' dir='ltr'><strong>tis</strong></span> <span class='ocrx_word' id='word_1_288' title='bbox 250 2523 369 2574; x_wconf 91' lang='lat' dir='ltr'><strong>apud</strong></span> <span class='ocrx_word' id='word_1_289' title='bbox 395 2522 498 2563; x_wconf 91' lang='lat' dir='ltr'><strong>illos</strong></span> <span class='ocrx_word' id='word_1_290' title='bbox 520 2523 593 2576; x_wconf 92' lang='lat' dir='ltr'><strong>qui</strong></span> <span class='ocrx_word' id='word_1_291' title='bbox 615 2522 857 2576; x_wconf 87' lang='lat' dir='ltr'><strong>conjugiali</strong></span> <span class='ocrx_word' id='word_1_292' title='bbox 880 2535 1032 2563; x_wconf 91' lang='lat' dir='ltr'><strong>amore</strong></span> <span class='ocrx_word' id='word_1_293' title='bbox 1055 2523 1268 2564; x_wconf 90' lang='lat' dir='ltr'><strong>uniuntur</strong></span> <span class='ocrx_word' id='word_1_294' title='bbox 1287 2537 1297 2574; x_wconf 91' lang='lat'>;</span> <span class='ocrx_word' id='word_1_295' title='bbox 1330 2529 1665 2576; x_wconf 89' lang='lat' dir='ltr'><strong>consequenter</strong></span> 
     </span>
     <span class='ocr_line' id='line_1_35' title="bbox 170 2582 1664 2637; baseline 0 -13"><span class='ocrx_word' id='word_1_296' title='bbox 170 2582 431 2625; x_wconf 65' lang='lat' dir='ltr'><strong>affectiones</strong></span> <span class='ocrx_word' id='word_1_297' title='bbox 454 2590 501 2625; x_wconf 90' lang='lat' dir='ltr'><strong>et</strong></span> <span class='ocrx_word' id='word_1_298' title='bbox 525 2585 834 2637; x_wconf 84' lang='lat' dir='ltr'><strong>cogitationes</strong></span> <span class='ocrx_word' id='word_1_299' title='bbox 857 2585 1077 2625; x_wconf 90' lang='lat' dir='ltr'><strong>mentium</strong></span> <span class='ocrx_word' id='word_1_300' title='bbox 1099 2584 1278 2626; x_wconf 89' lang='lat' dir='ltr'><strong>illorum</strong></span> <span class='ocrx_word' id='word_1_301' title='bbox 1301 2585 1664 2626; x_wconf 90' lang='lat' dir='ltr'><strong>determinantur</strong></span> 
     </span>
     <span class='ocr_line' id='line_1_36' title="bbox 170 2645 1661 2689; baseline 0.001 -2"><span class='ocrx_word' id='word_1_302' title='bbox 170 2645 300 2688; x_wconf 89' lang='lat' dir='ltr'><strong>illuc:</strong></span> <span class='ocrx_word' id='word_1_303' title='bbox 333 2647 378 2688; x_wconf 90' lang='lat' dir='ltr'><strong>in</strong></span> <span class='ocrx_word' id='word_1_304' title='bbox 404 2647 490 2688; x_wconf 91' lang='lat' dir='ltr'><strong>hoc</strong></span> <span class='ocrx_word' id='word_1_305' title='bbox 514 2647 723 2688; x_wconf 87' lang='lat' dir='ltr'><strong>differunt</strong></span> <span class='ocrx_word' id='word_1_306' title='bbox 750 2646 1012 2689; x_wconf 71' lang='lat' dir='ltr'><strong>aGtivitates</strong></span> <span class='ocrx_word' id='word_1_307' title='bbox 1035 2648 1258 2689; x_wconf 91' lang='lat' dir='ltr'><strong>mentium</strong></span> <span class='ocrx_word' id='word_1_308' title='bbox 1284 2662 1343 2689; x_wconf 87' lang='lat' dir='ltr'><strong>ex</strong></span> <span class='ocrx_word' id='word_1_309' title='bbox 1371 2648 1470 2689; x_wconf 89' lang='lat' dir='ltr'><strong>aliis</strong></span> <span class='ocrx_word' id='word_1_310' title='bbox 1497 2648 1661 2688; x_wconf 88' lang='lat' dir='ltr'><strong>amori-</strong></span> 
     </span>
     <span class='ocr_line' id='line_1_37' title="bbox 170 2708 1661 2764; baseline 0.001 -14"><span class='ocrx_word' id='word_1_311' title='bbox 170 2708 279 2759; x_wconf 89' lang='lat' dir='ltr'><strong>bus;</strong></span> <span class='ocrx_word' id='word_1_312' title='bbox 312 2710 357 2751; x_wconf 92' lang='lat' dir='ltr'><strong>hi</strong></span> <span class='ocrx_word' id='word_1_313' title='bbox 384 2724 473 2751; x_wconf 93' lang='lat' dir='ltr'><strong>non</strong></span> <span class='ocrx_word' id='word_1_314' title='bbox 506 2711 760 2764; x_wconf 89' lang='lat' dir='ltr'><strong>pervadunt</strong></span> <span class='ocrx_word' id='word_1_315' title='bbox 786 2710 905 2752; x_wconf 92' lang='lat' dir='ltr'><strong>illuc.</strong></span> <span class='ocrx_word' id='word_1_316' title='bbox 966 2710 1241 2752; x_wconf 90' lang='lat' dir='ltr'><strong>Conclusum</strong></span> <span class='ocrx_word' id='word_1_317' title='bbox 1268 2725 1327 2753; x_wconf 89' lang='lat' dir='ltr'><strong>ex</strong></span> <span class='ocrx_word' id='word_1_318' title='bbox 1354 2711 1423 2752; x_wconf 89' lang='lat' dir='ltr'><strong>his</strong></span> <span class='ocrx_word' id='word_1_319' title='bbox 1450 2711 1513 2759; x_wconf 85' lang='lat' dir='ltr'><strong>fit,</strong></span> <span class='ocrx_word' id='word_1_320' title='bbox 1542 2710 1661 2764; x_wconf 92' lang='lat' dir='ltr'><strong>quod</strong></span> 
     </span>
     <span class='ocr_line' id='line_1_38' title="bbox 170 2773 1660 2829; baseline 0 -15"><span class='ocrx_word' id='word_1_321' title='bbox 170 2773 314 2826; x_wconf 87' lang='lat' dir='ltr'><strong>qualis</strong></span> <span class='ocrx_word' id='word_1_322' title='bbox 336 2780 407 2814; x_wconf 90' lang='lat' dir='ltr'><strong>est</strong></span> <span class='ocrx_word' id='word_1_323' title='bbox 430 2787 558 2814; x_wconf 90' lang='lat' dir='ltr'><strong>amor</strong></span> <span class='ocrx_word' id='word_1_324' title='bbox 579 2773 846 2827; x_wconf 89' lang='lat' dir='ltr'><strong>conjugialis</strong></span> <span class='ocrx_word' id='word_1_325' title='bbox 872 2775 916 2815; x_wconf 92' lang='lat' dir='ltr'><strong>in</strong></span> <span class='ocrx_word' id='word_1_326' title='bbox 940 2775 1170 2816; x_wconf 91' lang='lat' dir='ltr'><strong>mentibus</strong></span> <span class='ocrx_word' id='word_1_327' title='bbox 1196 2789 1275 2816; x_wconf 89' lang='lat' dir='ltr'><strong>seu</strong></span> <span class='ocrx_word' id='word_1_328' title='bbox 1296 2775 1526 2829; x_wconf 88' lang='lat' dir='ltr'><strong>spiritibus</strong></span> <span class='ocrx_word' id='word_1_329' title='bbox 1548 2774 1660 2815; x_wconf 90' lang='lat' dir='ltr'><strong>duo-</strong></span> 
     </span>
     <span class='ocr_line' id='line_1_39' title="bbox 170 2836 1660 2891; baseline 0.001 -14"><span class='ocrx_word' id='word_1_330' title='bbox 170 2849 283 2884; x_wconf 83' lang='lat' dir='ltr'><strong>rum,</strong></span> <span class='ocrx_word' id='word_1_331' title='bbox 309 2836 414 2878; x_wconf 90' lang='lat' dir='ltr'><strong>talis</strong></span> <span class='ocrx_word' id='word_1_332' title='bbox 446 2838 502 2878; x_wconf 90' lang='lat' dir='ltr'><strong>sit</strong></span> <span class='ocrx_word' id='word_1_333' title='bbox 534 2837 722 2878; x_wconf 91' lang='lat' dir='ltr'><strong>interius</strong></span> <span class='ocrx_word' id='word_1_334' title='bbox 752 2838 797 2877; x_wconf 92' lang='lat' dir='ltr'><strong>in</strong></span> <span class='ocrx_word' id='word_1_335' title='bbox 828 2836 916 2878; x_wconf 90' lang='lat' dir='ltr'><strong>illis</strong></span> <span class='ocrx_word' id='word_1_336' title='bbox 948 2838 1038 2878; x_wconf 89' lang='lat' dir='ltr'><strong>suis</strong></span> <span class='ocrx_word' id='word_1_337' title='bbox 1069 2838 1267 2890; x_wconf 88' lang='lat' dir='ltr'><strong>organis.</strong></span> <span class='ocrx_word' id='word_1_338' title='bbox 1339 2837 1474 2891; x_wconf 82' lang='lat' dir='ltr'><strong>Quod</strong></span> <span class='ocrx_word' id='word_1_339' title='bbox 1506 2843 1660 2878; x_wconf 88' lang='lat' dir='ltr'><strong>autem</strong></span> 
     </span>
     <span class='ocr_line' id='line_1_40' title="bbox 171 2898 1662 2954; baseline 0.001 -15"><span class='ocrx_word' id='word_1_340' title='bbox 171 2898 431 2952; x_wconf 86' lang='lat' dir='ltr'><strong>conjugium</strong></span> <span class='ocrx_word' id='word_1_341' title='bbox 468 2900 652 2953; x_wconf 89' lang='lat' dir='ltr'><strong>spiritus</strong></span> <span class='ocrx_word' id='word_1_342' title='bbox 688 2906 794 2953; x_wconf 92' lang='lat' dir='ltr'><strong>post</strong></span> <span class='ocrx_word' id='word_1_343' title='bbox 833 2901 1014 2954; x_wconf 88' lang='lat' dir='ltr'><strong>nuptias</strong></span> <span class='ocrx_word' id='word_1_344' title='bbox 1050 2901 1190 2942; x_wconf 86' lang='lat' dir='ltr'><strong>etiam</strong></span> <span class='ocrx_word' id='word_1_345' title='bbox 1231 2900 1309 2942; x_wconf 90' lang='lat' dir='ltr'><strong>fiat</strong></span> <span class='ocrx_word' id='word_1_346' title='bbox 1347 2901 1563 2954; x_wconf 90' lang='lat' dir='ltr'><strong>corporis,</strong></span> <span class='ocrx_word' id='word_1_347' title='bbox 1597 2900 1662 2941; x_wconf 89' lang='lat' dir='ltr'><strong>ita</strong></span> 
     </span>
     <span class='ocr_line' id='line_1_41' title="bbox 171 2960 1659 3017; baseline 0.001 -16"><span class='ocrx_word' id='word_1_348' title='bbox 171 2960 370 3014; x_wconf 88' lang='lat' dir='ltr'><strong>plenum,</strong></span> <span class='ocrx_word' id='word_1_349' title='bbox 399 2976 457 3003; x_wconf 88' lang='lat' dir='ltr'><strong>ex</strong></span> <span class='ocrx_word' id='word_1_350' title='bbox 483 2976 532 3003; x_wconf 87' lang='lat' dir='ltr'><strong>se</strong></span> <span class='ocrx_word' id='word_1_351' title='bbox 558 2969 715 3016; x_wconf 85' lang='lat' dir='ltr'><strong>patet;</strong></span> <span class='ocrx_word' id='word_1_352' title='bbox 748 2969 1093 3017; x_wconf 88' lang='lat' dir='ltr'><strong>consequenter,</strong></span> <span class='ocrx_word' id='word_1_353' title='bbox 1121 2963 1241 3016; x_wconf 93' lang='lat' dir='ltr'><strong>quod</strong></span> <span class='ocrx_word' id='word_1_354' title='bbox 1268 2963 1304 3003; x_wconf 91' lang='lat' dir='ltr'><strong>si</strong></span> <span class='ocrx_word' id='word_1_355' title='bbox 1336 2962 1592 3015; x_wconf 88' lang='lat' dir='ltr'><strong>conjugium</strong></span> <span class='ocrx_word' id='word_1_356' title='bbox 1615 2962 1659 3003; x_wconf 89' lang='lat' dir='ltr'><strong>in</strong></span> 
     </span>
     <span class='ocr_line' id='line_1_42' title="bbox 171 3024 1659 3079; baseline 0.001 -14"><span class='ocrx_word' id='word_1_357' title='bbox 171 3024 332 3078; x_wconf 83' lang='lat' dir='ltr'><strong>spiritu</strong></span> <span class='ocrx_word' id='word_1_358' title='bbox 357 3031 427 3067; x_wconf 88' lang='lat' dir='ltr'><strong>est</strong></span> <span class='ocrx_word' id='word_1_359' title='bbox 448 3031 642 3075; x_wconf 88' lang='lat' dir='ltr'><strong>castum,</strong></span> <span class='ocrx_word' id='word_1_360' title='bbox 669 3039 720 3067; x_wconf 87' lang='lat' dir='ltr'><strong>ac</strong></span> <span class='ocrx_word' id='word_1_361' title='bbox 747 3026 887 3067; x_wconf 88' lang='lat' dir='ltr'><strong>trahit</strong></span> <span class='ocrx_word' id='word_1_362' title='bbox 919 3040 978 3067; x_wconf 89' lang='lat' dir='ltr'><strong>ex</strong></span> <span class='ocrx_word' id='word_1_363' title='bbox 1009 3024 1256 3067; x_wconf 71' lang='lat' dir='ltr'><strong>sanffltate</strong></span> <span class='ocrx_word' id='word_1_364' title='bbox 1288 3026 1395 3079; x_wconf 84' lang='lat' dir='ltr'><strong>ejus,</strong></span> <span class='ocrx_word' id='word_1_365' title='bbox 1425 3024 1568 3066; x_wconf 87' lang='lat' dir='ltr'><strong>simile</strong></span> <span class='ocrx_word' id='word_1_366' title='bbox 1600 3025 1659 3067; x_wconf 88' lang='lat' dir='ltr'><strong>sit</strong></span> 
     </span>
    </p>
   </div>
  </div>
 </body>
</html>
