2014 3386
607 336 674 368 DE
704 336 887 370 AMORE
918 313 1344 381 CONJUGIAL1.—N.
1372 332 1439 373 82.
1720 344 1778 388 79

272 447 516 485 luminosum
531 448 695 485 intravit
709 460 928 496 expansum
943 451 1212 492 meridionale,
1222 458 1263 488 et
1276 452 1410 488 audivi
1425 464 1568 490 sonum
1582 465 1746 492 suavem
1765 468 1774 498 ς

271 510 314 539 et
330 502 508 549 quaesivi
525 502 724 549 angelum,
744 507 764 521 “
778 502 885 550 Quid
907 503 1070 539 Domini
1090 504 1143 540 ibi
1163 504 1391 552 glorificant
1399 505 1440 542 ?''

345 555 457 591 Dixit
474 556 582 602 quod
601 555 701 592 haec
718 556 759 591 in
776 557 1022 603 Apocalypsi,

331 632 350 645 ¹·
363 630 438 660 Vidi
463 618 588 659 caelum
611 639 732 660 novum
758 634 790 660 et
811 635 927 661 terram
952 640 1081 667 novam,
1097 654 1106 663 .
1119 655 1128 663 .
1138 655 1147 663 .
1159 655 1166 663 .
1179 636 1212 662 et
1223 655 1231 663 .
1244 655 1253 664 .
1266 655 1275 664 .
1287 632 1351 663 vidi
1365 634 1478 664 urbem
1493 633 1637 664 sanctam
1656 634 1774 665 Hiero-

431 671 588 709 solymam
600 680 717 701 novam
728 672 974 701 descendentem
986 682 1005 701 a
1018 673 1090 702 Deo
1101 682 1120 702 e
1131 674 1378 711 caelo.paratam
1389 675 1470 704 sicut
1479 675 1638 713 Sponsam
1652 676 1773 706 Marito

430 720 491 740 suo
502 721 509 746 ς
522 734 529 742 .
542 734 549 741 .
562 734 570 742 .
582 735 589 742 .
599 716 630 741 et
641 711 767 741 locutus
779 717 825 742 est
837 721 964 742 mecum
976 713 1118 751 angelus,
1131 718 1162 743 et
1172 714 1355 749 dixit,Veni,
1366 715 1534 744 ostendam
1544 716 1599 744 tibi
1611 716 1772 754 Sponsam

430 752 516 790 Agni
531 753 692 782 Uxorem:
716 757 747 781 et
762 753 891 782 abstulit
906 762 958 782 me
978 754 1011 782 in
1032 754 1144 791 spiritu
1159 763 1255 792 super
1269 759 1412 784 montem
1429 764 1582 793 magnum
1606 761 1639 786 et
1659 757 1760 786 altum

430 797 462 822 et
476 793 615 822 ostendit
629 793 707 823 mihi
721 794 834 823 urbem
844 816 853 824 .
867 793 1029 824 ,sanctam
1043 794 1303 834 Hierosolymam
1315 795 1331 805 '¹
1346 794 1459 836 (Apoc.
1476 796 1539 826 xxi.
1557 805 1585 832 1.
1601 806 1630 832 2,
1645 806 1674 835 9,
1692 797 1758 836 10).

270 866 400 903 Etiam
418 866 516 903 haec
533 867 664 908 verba,

329 935 346 947 ⁸¹
360 933 431 970 Ego
445 933 540 972 Jesus
552 956 559 963 .
573 955 581 963 .
596 955 603 963 .
617 956 625 963 .
634 941 705 962 sum
721 932 820 962 Stella
833 932 1002 970 splendida
1015 936 1047 962 et
1061 933 1233 968 matutina;
1255 942 1294 963 ac
1309 933 1443 972 Spiritus
1457 938 1489 963 et
1510 934 1636 972 Sponsa
1649 935 1767 971 dicent,

428 973 537 1043 {litianig
553 995 604 1050 .1.7.
618 973 724 1053 'ggit’
737 973 841 1002 Etiam
851 974 945 1003 venio
958 974 1037 1009 cito;
1059 983 1165 1009 amen,
1177 974 1273 1003 etiam
1287 975 1370 1010 veni,
1384 975 1516 1004 Domini
1529 975 1610 1015 Jesu
1620 974 1638 985 '’
1652 975 1766 1015 (Apoc.

474 1036 482 1044 .
541 1037 547 1048 ,
606 1037 613 1049 ,
689 1037 697 1044 .

339 1085 438 1121 Post
451 1086 550 1122 haec
567 1092 607 1121 et
625 1086 747 1132 plura,
762 1086 901 1122 audita
914 1092 975 1122 est
992 1086 1218 1123 communis
1231 1087 1469 1133 glorificatio
1487 1088 1536 1123 ab
1555 1088 1708 1125 oriente
1728 1089 1768 1124 in

263 1139 514 1175 occidentem
533 1139 643 1179 caeli,
661 1146 703 1174 et
719 1150 880 1186 quoque
898 1150 922 1175 a
939 1140 1105 1176 meridie
1123 1140 1164 1175 in
1182 1141 1509 1187 septentrionem,
1529 1149 1569 1177 et
1587 1142 1767 1188 quaesivi

264 1192 463 1239 angelum,
483 1197 503 1210 “
516 1191 623 1239 Quid
643 1203 748 1227 nunc
760 1192 801 1228 ?’'

338 1245 450 1280 Dixit
468 1250 488 1263 ‘¹
502 1245 605 1280 Sunt
622 1256 671 1281 ex
688 1245 896 1291 Prophetis
913 1245 1023 1287 haec,

325 1327 333 1339 ⁶
344 1324 431 1354 Sciat
445 1324 548 1353 omnis
556 1333 645 1403 ›caro
665 1324 755 1362 quod
772 1324 844 1362 Ego
857 1324 1006 1364 Jehovah
1021 1323 1168 1354 Salvator
1186 1328 1260 1354 tuus
1282 1328 1313 1354 et
1336 1324 1535 1363 Redemptor
1548 1328 1622 1355 tuus
1633 1324 1640 1335 ¹
1656 1323 1767 1365 (Esai.

427 1365 501 1394 xlix.
515 1365 554 1393 26
583 1373 592 1395 z

325 1407 333 1420 ¹
344 1404 398 1435 Sic
422 1405 502 1434 dixit
515 1405 662 1444 Jehovah
679 1405 750 1434 Rex
773 1405 908 1440 Israelis,
923 1408 955 1434 et
977 1405 1177 1443 Redemptor
1191 1405 1259 1443 ejus
1272 1405 1419 1445 Jehovah
1437 1405 1589 1441 Zebaoth,
1606 1406 1678 1445 Ego
1700 1406 1768 1437 Pri-

373 1470 382 1481 ,
424 1454 497 1474 mus
512 1450 543 1474 et
553 1468 560 1475 .
575 1468 582 1475 .
596 1446 745 1480 Ultimus,
761 1450 792 1474 et
805 1450 931 1483 praeter
946 1446 1005 1475 Me
1019 1454 1086 1475 non
1101 1446 1208 1475 Deus*
1226 1445 1334 1484 (Esai.
1351 1446 1426 1476 xliv.
1442 1446 1476 1486 6)
1489 1455 1497 1476 ε

324 1488 332 1501 ·
344 1485 478 1515 Dicetur
497 1485 529 1514 in
549 1486 601 1515 die
616 1486 680 1520 illo,
698 1487 782 1515 Ecce
799 1486 888 1515 Deus
905 1490 1013 1515 noster
1029 1486 1104 1520 Hic,
1119 1495 1217 1523 quem
1232 1486 1488 1524 exspectavimus
1502 1490 1539 1516 ut
1557 1487 1670 1516 liberet
1685 1496 1744 1517 nos
1757 1497 1766 1525 ς

427 1526 492 1555 Hic
505 1526 652 1566 Jehovah
667 1535 763 1564 quem
779 1526 1035 1564 exspectavimus
1047 1526 1054 1536 '
1072 1527 1179 1563 (Esai.
1195 1535 1268 1557 xxv.
1285 1526 1337 1565 9):

322 1569 330 1583 ⁶
340 1566 415 1597 Vox
430 1567 596 1595 clamantis
610 1567 642 1596 in
658 1568 792 1601 deserto,
811 1567 923 1596 Parate
937 1567 1022 1596 viam
1037 1567 1197 1607 Jehovae;
1222 1590 1229 1597 .
1244 1589 1251 1597 .
1266 1590 1273 1597 .
1286 1590 1293 1597 .
1306 1576 1381 1596 ecce
1403 1567 1564 1597 Dominus
1577 1567 1716 1607 Jehovih
1731 1568 1765 1598 in

423 1607 495 1636 sorti
510 1607 595 1636 venit
599 1630 692 1642 .....
704 1607 785 1636 sicut
799 1612 908 1645 pastor
921 1616 1050 1645 gregem
1066 1616 1159 1637 suum
1174 1607 1300 1645 pascet¹
1318 1606 1427 1645 (Esaz’.
1445 1608 1486 1638 xl.
1503 1617 1532 1646 3,
1549 1615 1577 1645 5,
1596 1617 1644 1642 10,
1663 1608 1715 1647 11)
1730 1618 1738 1639 :

321 1648 330 1663 ‘
343 1647 426 1677 Puer
437 1652 530 1676 natus
539 1652 585 1677 est
597 1648 698 1683 nobis,
711 1648 808 1677 Filius
819 1649 912 1677 datus
923 1652 970 1677 est
984 1648 1076 1676 nobis
1080 1670 1169 1682 .....
1180 1647 1271 1686 cujus
1286 1657 1415 1682 nomen,
1430 1648 1595 1682 Mirabilis,
1608 1648 1766 1678 Consilia-

423 1689 496 1722 rius,
512 1688 610 1722 Deus,
625 1688 741 1723 Heros,
757 1689 849 1718 Pater
859 1688 1060 1723 aeternitatis,
1076 1688 1226 1726 Princeps
1240 1688 1345 1726 pacis'
1360 1687 1468 1727 (Esai.
1485 1689 1526 1719 ix.
1543 1696 1561 1726 5
1579 1689 1742 1729 [B.A.⁴6])
1755 1699 1762 1720 ε

321 1730 330 1744 ⁸
343 1728 427 1758 Ecce
462 1729 530 1758 dies
564 1729 691 1758 venient
695 1751 785 1763 .....
798 1733 830 1758 et
866 1729 1027 1758 suscitabo
1064 1729 1180 1758 Davidi
1206 1728 1347 1758 Germen
1371 1729 1505 1767 justum,
1534 1729 1588 1766 qui
1618 1730 1764 1767 regnabit

424 1770 513 1804 Rex:
531 1792 538 1799 .
550 1792 558 1799 .
571 1792 579 1799 .
593 1792 600 1799 .
611 1774 642 1798 et
667 1769 730 1798 hoc
754 1778 874 1798 nomen
890 1769 1003 1807 Ipsius,
1017 1791 1024 1799 .
1039 1769 1204 1809 .Jehovah
1224 1769 1354 1809 Justitia
1375 1774 1481 1799 nostra
1494 1769 1501 1779 '
1518 1768 1612 1809 (Jer.
1630 1770 1714 1800 xxiii.
1732 1778 1762 1807 5,

421 1810 461 1845 6;
488 1819 558 1847 cap.
575 1810 682 1840 xxxiii.
701 1817 748 1846 15,
767 1809 838 1848 16):

322 1849 488 1890 ‘Jehovah
504 1850 646 1879 Zebaoth
659 1859 777 1879 nomen
791 1850 904 1888 Ipsius,
915 1854 946 1879 et
962 1850 1161 1888 Redemptor
1174 1854 1257 1885 tuus,
1270 1849 1408 1880 Sanctus
1419 1850 1552 1886 Israelis,
1564 1850 1654 1880 Deus
1665 1850 1763 1880 totius

421 1895 522 1920 terrae
536 1890 718 1920 vocabitur'
737 1890 845 1929 (Esai.
861 1891 913 1920 liv.
930 1891 983 1928 5):

320 1933 328 1947 ¹
338 1931 378 1961 In
393 1932 445 1960 die
459 1931 515 1960 illo
528 1953 535 1961 .
549 1954 557 1961 .
571 1954 578 1962 .
589 1931 647 1960 erit
660 1931 808 1971 Jehovah
823 1931 855 1960 in
873 1931 995 1969 Regem
1011 1939 1108 1968 super
1121 1934 1222 1960 totam
1237 1935 1353 1960 terram
1366 1940 1373 1967 ς
1400 1931 1434 1960 in
1454 1930 1505 1961 die
1520 1930 1575 1961 illo
1590 1931 1647 1961 erit
1661 1931 1762 1972 Jeho-

419 1972 482 2001 vah
497 1980 589 2007 unus,
605 1976 637 2001 et
651 1980 771 2001 nomen
787 1972 890 2010 Ipsius
904 1970 1022 2001 unum·
1041 1970 1058 1981 ’¹
1076 1971 1184 2010 (Sach.
1201 1972 1262 2002 xiv.
1279 1970 1326 2010 9).

331 2044 388 2079 Ex
406 2044 468 2080 his
485 2044 632 2080 auditis
650 2054 697 2079 ac
714 2042 926 2080 intellectis
940 2043 1135 2079 exultavit
1152 2054 1222 2079 cor
1239 2055 1392 2085 meum:
1418 2050 1459 2080 et
1478 2044 1517 2079 in
1534 2044 1684 2091 gaudio
1703 2044 1756 2080 ivi

257 2097 433 2138 domurn,
452 2103 493 2133 et
511 2097 563 2132 ibi
585 2108 607 2133 e
628 2103 734 2132 statu
753 2097 916 2143 spiritus
935 2097 1033 2132 redii
1056 2097 1094 2132 in
1110 2103 1260 2132 statum
1278 2097 1467 2143 corporis,
1487 2097 1527 2132 in
1548 2108 1629 2143 quo
1647 2097 1756 2138 haec,

256 2161 358 2196 quae
368 2150 454 2186 visa
466 2156 506 2185 et
519 2150 656 2185 audita
669 2157 774 2190 sunt,
786 2149 1016 2195 conscripsi.
1062 2148 1218 2196 Quibus
1232 2160 1338 2185 nunc
1351 2150 1529 2196 adjungo
1544 2150 1631 2190 hoc,
1647 2151 1756 2196 quod

256 2213 280 2238 a
298 2203 474 2238 Domino
489 2210 580 2248 post
593 2203 810 2238 adventum
828 2202 956 2249 Ipsius
970 2202 1230 2238 resuscitetur
1242 2213 1355 2241 amor
1367 2202 1614 2248 conjugialis,
1629 2203 1757 2248 qualis

256 2255 385 2292 fuerat
403 2257 509 2302 apud
527 2256 721 2302 antiquos,
734 2256 828 2302 quia
844 2266 958 2291 amor
975 2255 1039 2291 ille
1057 2266 1080 2291 a
1097 2255 1186 2291 solo
1205 2255 1381 2291 Domino
1398 2262 1470 2297 est,
1485 2262 1525 2291 et
1542 2256 1647 2302 apud
1667 2255 1757 2292 illos

256 2309 323 2356 qui
339 2309 388 2344 ab
408 2308 501 2354 Ipso
520 2320 590 2354 per
606 2309 782 2344 Verbum
801 2308 1028 2354 spirituales
1046 2308 1160 2344 fiunt.

328 2362 409 2399 82.
438 2362 535 2397 Post
553 2362 652 2397 haec
669 2361 730 2397 vir
746 2372 768 2397 e
786 2362 902 2408 plaga
919 2360 1223 2407 septentrionali
1242 2360 1281 2396 in
1299 2359 1554 2396 vehementia
1570 2360 1754 2401 accurrit,

255 2420 296 2450 et
314 2425 377 2450 me
396 2415 508 2450 vultu
527 2414 671 2450 minaci
689 2414 856 2460 aspexit,
871 2425 917 2449 ac
934 2421 1033 2450 tono
1052 2414 1300 2449 inflammato
1313 2413 1521 2455 allocutus,
1537 2413 1649 2455 dixit,
1669 2417 1691 2432 “
1703 2413 1755 2450 Es

255 2474 300 2503 tu
317 2467 458 2514 quivis
472 2468 661 2503 seducere
675 2469 823 2508 orbem,
839 2467 1098 2504 instaurando
1113 2478 1258 2502 novam
1272 2467 1491 2508 ecclesiam,
1504 2478 1625 2514 quam
1641 2467 1756 2502 intel-

255 2520 344 2567 ligis
370 2532 441 2567 per
461 2520 639 2556 ‘Novam
663 2520 1003 2567 Hierosolymam'
1026 2520 1305 2556 descensuram
1331 2531 1354 2556 e
1379 2520 1490 2555 caelo
1515 2531 1540 2555 a
1566 2519 1674 2560 Deo:
1708 2530 1754 2555 ac

256 2573 450 2614 docendo,
467 2573 577 2620 quod
598 2573 798 2609 Dominus
816 2573 915 2614 illos,
930 2572 998 2619 qui
1016 2571 1253 2609 doE‘trinalia
1270 2573 1356 2619 ejus
1374 2573 1566 2608 ecclesiae
1580 2573 1753 2618 amplec-

254 2632 406 2666 tuntur,
421 2627 642 2662 donaturus
655 2626 708 2662 sit
721 2637 856 2662 amore
869 2637 962 2662 vere
973 2626 1200 2672 conjugiali,
1216 2626 1331 2672 cujus
1345 2625 1508 2661 delicias
1526 2631 1566 2661 et
1584 2624 1752 2660 felicita-

255 2684 338 2714 tem
356 2679 507 2714 exaltas
524 2690 649 2725 usque
666 2679 716 2714 ad
734 2678 918 2714 caelum?
962 2679 1083 2714 Estne
1102 2679 1179 2714 hoc
1198 2678 1416 2718 inventurn,
1432 2684 1473 2713 et
1491 2677 1660 2713 affersne
1675 2677 1752 2712 hoc

256 2737 302 2765 ut
321 2731 534 2777 aucupium
555 2738 596 2767 et
616 2730 939 2767 allectamentum
965 2731 1015 2767 ad
1041 2731 1312 2767 accedendum
1338 2731 1388 2766 ad
1414 2737 1485 2766 tua
1505 2729 1637 2766 nova?
1671 2729 1750 2765 Sed

256 2783 321 2818 dic
342 2783 438 2818 mihi
460 2783 500 2819 in
521 2784 749 2825 summario,
768 2795 870 2831 quae
889 2791 982 2820 sunt
1001 2784 1066 2819 illa
1085 2782 1323 2819 doetrinalia
1340 2794 1468 2820 novae
1485 2782 1687 2823 ecclesiae,
1708 2789 1749 2818 et

256 2835 402 2871 videbo
418 2847 513 2871 num
531 2837 778 2872 concordent
795 2843 865 2872 aut
883 2837 1150 2873 discordent.”

330 2887 380 2922 Et
405 2889 602 2934 respondi,
624 2894 645 2909 ⁴‘
658 2889 905 2925 Doftrinalia
927 2890 1137 2930 Ecclesiae,
1159 2900 1261 2936 quae
1293 2888 1530 2934 intelligitur
1550 2898 1620 2933 per
1641 2891 1650 2906 ‘
1663 2886 1748 2923 No-

255 2950 346 2975 vam
364 2939 706 2988 Hierosolymam:
720 2949 816 2978 sunt
834 2943 953 2978 haec:
987 2942 1044 2987 (i.)
1071 2941 1191 2989 Quod
1209 2942 1262 2977 sit
1278 2953 1381 2977 unus
1398 2941 1517 2981 Deus,
1533 2940 1572 2975 in
1590 2950 1672 2986 quo
1688 2946 1751 2976 est

259 2992 406 3029 Divina
418 2993 602 3036 Trinitas,
616 3001 657 3031 et
673 2996 782 3042 quod
802 2995 872 3031 Ille
886 2995 938 3032 sit
957 2995 1152 3031 Dominus
1169 2994 1285 3042 Jesus
1304 2994 1507 3031 Christus:
1534 2992 1604 3039 (ii.)
1628 2991 1744 3041 Quod
