2014 3386
500 350 567 382 DE
598 347 778 383 AMORE
810 349 1237 393 CONJUGIAL1.—N.
1268 343 1361 395 316.
1594 355 1677 397 249

168 468 324 507 'mutuo
343 462 546 504 connexis,
569 474 670 509 quae
695 462 895 499 faciebant
920 463 1109 510 utrinque
1135 464 1328 510 parietem
1350 465 1604 501 continenter
1625 477 1685 501 ar-

182 516 367 557 boreum;
393 527 464 562 per
484 516 683 562 porticum
710 517 906 552 intrabam
931 517 1149 557 hortulum,
1172 518 1239 563 qui
1266 518 1443 563 spirabat
1468 529 1684 554 amoenum

181 579 231 603 ex
251 569 434 615 virgultis
460 575 501 604 et
526 569 713 610 floribus3
742 570 915 616 virgulta
934 575 975 605 et
995 570 1113 605 flores
1139 577 1253 605 erant
1282 571 1391 616 paria
1415 577 1457 606 et
1483 572 1613 617 paria:
1643 579 1684 607 et

181 621 328 662 audivi,
345 622 456 668 quod
474 622 575 657 tales
594 622 744 657 hortuli
761 630 980 668 appareant
999 623 1148 658 circum
1168 624 1310 659 domos
1331 624 1398 658 ubi
1421 631 1515 659 sunt
1532 631 1573 660 et
1599 624 1684 660 fue-

179 681 276 710 runt
293 675 467 720 nuptiae,
486 681 528 710 et
545 675 654 720 quod
674 675 766 710 inde
784 676 1038 721 appellentur
1054 676 1203 711 hortuli
1222 677 1433 722 nuptiales.

254 727 403 763 Intravi
431 734 571 773 postea
591 728 767 769 domum,
786 729 853 764 ubi
873 729 955 764 vidi
977 729 1093 764 binos
1115 729 1308 775 conjuges
1329 736 1515 766 tenentes
1536 741 1578 766 se
1600 741 1684 766 ma-

180 780 310 821 nibus,
331 787 372 816 et
396 792 445 816 ex
475 792 610 817 amore
633 792 728 817 vere
753 782 969 828 conjugiali
997 781 1100 817 inter
1124 793 1166 817 se
1194 783 1427 828 loquentes;
1455 790 1496 818 et
1516 790 1614 819 tunc
1635 795 1684 819 ex

181 833 358 870 faciebus
377 834 534 869 illorum
554 835 691 870 datum
714 842 775 873 est
791 835 926 871 videre
944 835 1115 882 effigiem
1137 836 1283 871 amoris
1305 837 1553 883 conjugialis,
1573 843 1614 872 et
1634 848 1683 873 ex

117 930 120 934 ¹
180 887 382 934 colloquio
400 887 558 923 illorum
577 888 698 923 vitale
715 888 813 934 ejus.

255 940 473 987 Postquam
501 952 576 987 ego
608 941 713 976 inter
742 942 873 987 plures
900 951 1221 987 nuncupaveram
1252 948 1357 982 vota,
1380 948 1420 977 et
1447 941 1580 978 felicia
1607 943 1684 978 illis

180 999 423 1039 optaveram,
445 994 550 1029 exivi
573 994 611 1029 in
638 994 843 1029 hortulum
866 995 1096 1040 nuptialem,
1118 1001 1159 1030 et
1180 995 1262 1030 vidi
1288 996 1338 1030 ad
1366 995 1551 1031 dextrum
1579 996 1684 1031 latus

180 1047 267 1092 ejus
279 1053 440 1082 coetum
455 1058 502 1082 ex
519 1047 744 1093 juvenibus,
761 1048 799 1082 in
814 1058 932 1093 quem
947 1058 1087 1083 omnes
1102 1047 1170 1094 qui
1188 1048 1397 1085 exiverunt
1411 1049 1533 1084 domo
1548 1060 1684 1084 accur-

181 1100 342 1141 rebant;
377 1100 485 1146 quod
512 1111 652 1135 omnes
678 1100 771 1135 illuc
791 1106 1054 1140 accurrerent,
1082 1107 1167 1136 erat
1192 1112 1321 1141 causa,
1349 1101 1442 1147 quia
1468 1102 1520 1136 ibi
1552 1113 1683 1137 sermo

180 1152 255 1188 fuit
268 1153 320 1188 de
337 1164 474 1188 amore
492 1153 709 1199 conjugiali
725 1165 733 1194 ;
759 1159 800 1188 et
817 1153 882 1188 hic
895 1164 1028 1189 sermo
1042 1154 1209 1189 attrahit
1222 1154 1402 1189 omnium
1417 1154 1572 1190 animos
1587 1166 1683 1201 qua-

180 1207 274 1242 dam
287 1206 327 1241 vi
341 1207 499 1241 occulta
516 1207 566 1241 ad
585 1217 639 1242 se.
690 1206 927 1242 Auscultavi
941 1213 1039 1242 ωηο
1052 1207 1273 1252 sapientem
1289 1208 1338 1243 de
1355 1208 1422 1243 illo
1437 1208 1682 1254 loquentem,

179 1266 221 1295 et
248 1270 351 1306 quae
375 1260 608 1301 auscultavi,
637 1260 676 1294 in
702 1271 859 1295 summa
884 1266 999 1295 erant
1024 1260 1133 1295 haec.
1194 1259 1314 1307 Quod
1343 1260 1490 1296 Divina
1518 1261 1682 1296 Domini

180 1313 435 1358 providentia
455 1313 770 1359 singularissima
794 1320 835 1348 et
862 1313 954 1348 inde
975 1313 1315 1349 universalissima
1339 1314 1392 1349 sit
1413 1314 1463 1349 de
1484 1314 1683 1361 conjugiis

179 1372 221 1401 et
239 1365 279 1400 in
297 1366 494 1412 conjugiis
514 1367 552 1401 in
574 1366 702 1406 caelis,
722 1366 815 1412 quia
835 1366 970 1401 omnia
991 1366 1122 1402 felicia
1140 1367 1239 1401 caeli
1261 1378 1310 1402 ex
1329 1367 1517 1413 jucundis
1535 1368 1682 1403 amoris

181 1419 417 1465 conjugialis
443 1419 676 1460 scaturiunt,
695 1419 798 1454 sicut
824 1430 951 1465 aquae
978 1419 1114 1454 dulces
1140 1431 1190 1454 ex
1215 1420 1322 1455 dulci
1343 1431 1446 1455 vena
1473 1419 1618 1461 fontis;
1644 1428 1684 1456 et

181 1472 289 1518 quod
312 1472 403 1508 ideo
424 1472 680 1518 provideatur
700 1483 724 1507 a
746 1472 923 1507 Domino
943 1479 988 1507 ut
1009 1479 1225 1508 nascantur
1246 1473 1355 1518 paria
1371 1473 1623 1519 conjugialia,
1642 1480 1683 1508 et

180 1525 288 1570 quod
316 1525 414 1561 haec
438 1525 586 1571 jugiter
602 1526 825 1560 educentur
849 1526 900 1560 ad
926 1526 1123 1571 conjugia,
1142 1526 1344 1561 nesciente
1364 1526 1441 1561 hoc
1459 1528 1536 1561 [¹]et
1554 1527 1686 1572 puella

181 1585 223 1614 et
248 1589 393 1624 puero:
419 1585 460 1614 et
480 1579 587 1624 quod
618 1585 709 1624 post
734 1577 916 1613 exactum
942 1585 1101 1624 tempus
1124 1579 1190 1614 illa
1214 1585 1311 1613 tunc
1331 1579 1444 1624 virgo
1466 1579 1623 1619 nubilis.
1642 1586 1683 1614 et

181 1632 248 1667 ille
264 1638 362 1668 tunc
378 1632 536 1678 juvenis
557 1632 605 1667 ad
626 1632 785 1677 nuptias
804 1631 958 1672 habilis,
973 1632 1076 1667 sicut
1094 1643 1142 1667 ex
1160 1631 1244 1667 fato
1263 1632 1407 1667 alicubi
1429 1632 1683 1673 conveniant,

180 1691 222 1721 et
238 1696 280 1721 se
299 1692 440 1720 mutuo
457 1685 641 1725 videant;
667 1691 708 1720 et
725 1685 835 1730 quod
861 1691 960 1720 tunc
981 1685 1088 1720 illico
1109 1685 1212 1720 sicut
1230 1696 1278 1720 ex
1297 1686 1471 1730 quodam
1492 1684 1683 1720 instinctu

180 1745 426 1785 cognoscant
443 1739 552 1784 quod
571 1738 652 1773 sint
669 1749 884 1784 compares,
907 1744 948 1774 et
965 1749 1014 1773 ex
1027 1738 1202 1784 quodam
1222 1736 1437 1773 difflamine
1456 1738 1562 1773 intus
1582 1738 1621 1773 in
1639 1749 1682 1773 se

180 1792 371 1838 cogitent,
389 1791 547 1836 juvenis
565 1791 675 1837 quod
697 1791 795 1826 haec
814 1802 902 1826 mea
922 1791 984 1831 sit,
1003 1797 1044 1827 et
1063 1791 1178 1837 virgo
1196 1791 1304 1836 quod
1328 1791 1393 1826 hic
1414 1802 1526 1826 meus
1545 1791 1615 1831 sit;
1642 1798 1683 1826 et

180 1845 288 1890 quod
308 1851 518 1891 postquam
538 1844 616 1879 hoc
629 1844 875 1890 aliquamdiu
886 1845 1082 1880 insederat
1101 1844 1303 1879 mentibus
1318 1844 1536 1890 utriusque,
1551 1855 1600 1880 ex
1614 1844 1683 1879 de-

179 1898 348 1934 liberato
366 1909 408 1933 se
426 1898 680 1943 alloquantur
692 1908 739 1932 ac
752 1897 1008 1943 desponsent.
1060 1896 1217 1932 Dicitur
1230 1897 1332 1933 sicut
1346 1908 1394 1932 ex
1413 1897 1508 1938 fato,
1527 1903 1567 1932 et
1581 1897 1683 1932 sicut

180 1962 229 1986 ex
255 1950 458 1992 instinctu,
479 1957 520 1986 et
548 1950 785 1996 intelligitur
810 1962 859 1986 ex
883 1950 1030 1985 Divina
1051 1950 1312 1996 providentia,
1336 1950 1430 1996 quia
1455 1950 1564 1990 haec,
1587 1950 1682 1984 dum

180 2004 366 2044 nescitur.
386 2010 548 2050 apparet
567 2004 633 2040 ita.
684 2003 803 2051 Quod
822 2010 1038 2039 nascantur
1055 2003 1164 2049 paria
1181 2003 1433 2049 conjugialia,
1448 2014 1494 2038 ac
1511 2003 1683 2038 educen-

180 2064 246 2092 tur
270 2057 320 2092 ad
347 2057 545 2103 conjugia,
568 2057 771 2092 nesciente
798 2063 980 2103 utroque,
1003 2056 1254 2091 confirmavit
1283 2067 1353 2102 per
1380 2055 1682 2091 similitudinem

180 2110 446 2156 conjugialem
460 2111 498 2145 in
511 2110 717 2156 utriusque
730 2109 1128 2150 faciebusvisibilem;
1147 2116 1232 2144 tum
1246 2120 1316 2154 per
1326 2109 1515 2144 unionem
1530 2109 1683 2144 animo·

181 2174 267 2198 rum
283 2170 324 2199 et
343 2163 538 2198 mentium
557 2163 737 2198 intimam
757 2169 799 2198 et
815 2169 1029 2203 aeternam,
1044 2173 1146 2208 quae
1165 2173 1246 2197 non
1260 2162 1412 2197 dabiles
1426 2168 1529 2202 sunt,
1544 2162 1682 2208 quales

182 2217 221 2250 in
239 2217 360 2256 caelo.
379 2217 529 2262 absque
550 2217 730 2262 praeviso
752 2223 792 2251 et
814 2216 973 2262 proviso
994 2227 1017 2251 a
1040 2215 1229 2251 Domino.
1281 2215 1502 2260 Postquam
1525 2215 1682 2260 sapiens

181 2269 280 2305 haec
301 2270 458 2305 locutus
480 2277 552 2310 est,
571 2277 611 2305 et
632 2277 772 2305 coetus
793 2269 1011 2315 applausit:
1038 2269 1139 2303 dixit
1161 2279 1291 2314 porro,
1314 2268 1422 2314 quod
1446 2268 1485 2302 in
1507 2267 1682 2313 singula—

181 2323 345 2358 rissimis
366 2323 471 2368 apud
491 2323 706 2363 hominem,
726 2329 808 2357 tam
831 2321 1050 2358 masculum
1069 2332 1189 2367 quam
1212 2320 1412 2361 feminam,
1432 2321 1483 2356 sit
1501 2321 1681 2367 conjugi-

179 2376 260 2416 ale;
287 2375 356 2412 sed
375 2387 499 2422 usque
517 2376 622 2411 aliud
642 2375 868 2421 conjugiale
886 2375 991 2420 apud
1012 2374 1230 2410 masculum
1253 2380 1292 2409 et
1311 2374 1417 2409 aliud
1439 2374 1543 2419 apud
1569 2372 1681 2409 ferni-

182 2439 271 2464 nam
288 2441 296 2470 ς
334 2435 420 2464 tum
452 2429 559 2474 quod
596 2428 635 2463 in
670 2428 886 2474 conjugiali
918 2427 1138 2463 masculino
1172 2427 1224 2462 sit
1257 2426 1559 2472 conjunctivum
1590 2437 1679 2461 cum

180 2482 395 2528 conjugiali
417 2481 621 2521 feminino,
641 2492 687 2516 ac
706 2481 891 2521 vicissim,
913 2481 1033 2516 etiam
1058 2480 1096 2514 in
1118 2479 1462 2526 singularissimis;
1489 2479 1566 2514 hoc
1587 2489 1682 2514 con-

181 2534 350 2571 firmavit
371 2546 441 2580 per
461 2535 694 2581 conjugium
715 2534 935 2569 voluntatis
956 2540 996 2569 et
1019 2528 1242 2568 intelleRus
1266 2533 1303 2567 in
1326 2532 1561 2578 unoquovis,
1580 2542 1680 2577 quae

181 2588 262 2623 duo
282 2594 406 2635 agunt
427 2588 543 2623 simul
566 2587 604 2622 in
627 2587 942 2633 singularissima
967 2586 1112 2621 mentis
1133 2592 1173 2620 et
1200 2585 1239 2620 in
1261 2584 1576 2630 singularissima
1596 2594 1681 2619 cor-

182 2641 308 2687 poris;
333 2652 382 2676 ex
403 2641 547 2687 quibus
568 2640 692 2676 videri
715 2646 859 2686 potest,
878 2640 987 2685 quod
1014 2639 1053 2673 in
1076 2638 1295 2684 unaquavis
1317 2637 1541 2673 substantia
1561 2637 1679 2672 etiam

182 2693 346 2729 minima
356 2693 408 2729 sit
419 2693 645 2740 conjugiale
659 2704 666 2728 :
685 2699 725 2728 et
737 2693 845 2739 quod
861 2692 938 2728 hoc
952 2698 1130 2738 patescat
1142 2702 1189 2727 ex
1202 2690 1436 2726 substantiis
1448 2689 1682 2735 compositis

180 2757 282 2792 quae
299 2758 349 2782 ex
367 2746 599 2782 substantiis
613 2746 860 2792 simplicibus
874 2745 1046 2780 conflata
1059 2751 1162 2784 sunt,
1179 2751 1224 2779 ut
1238 2744 1345 2790 quod
1365 2743 1447 2778 duo
1466 2742 1546 2777 sint
1564 2741 1680 2781 oculi,

182 2800 284 2835 duae
309 2811 434 2840 aures,
463 2800 565 2834 duae
593 2810 718 2839 nares,
747 2799 849 2833 duae
874 2809 1011 2844 genae,
1039 2798 1120 2832 duo
1149 2797 1263 2835 labia.
1291 2796 1372 2831 duo
1400 2795 1561 2830 brachia
1590 2805 1679 2828 cum

183 2853 376 2893 manibus,
391 2853 472 2887 duo
490 2852 623 2891 lumbi,
638 2852 719 2886 duo
733 2852 865 2897 pedes,
881 2862 927 2886 ac
942 2851 1048 2885 intus
1064 2850 1102 2884 in
1118 2849 1279 2884 homine
1295 2850 1375 2883 duo
1390 2846 1682 2892 hemisphaeria

182 2906 342 2946 cerebri,
372 2906 453 2941 duo
482 2905 694 2940 ventriculi
720 2905 861 2944 cordis.
889 2905 970 2939 duo
997 2903 1077 2938 lobi
1104 2902 1314 2948 pulmonis,
1342 2902 1422 2935 duo
1449 2910 1573 2938 renes.
1598 2899 1680 2934 duo

182 2964 317 2998 testes,
331 2964 372 2993 et
390 2958 456 2992 ubi
476 2969 554 2993 non
574 2958 654 2992 duo
673 2964 777 2997 sunt,
792 2967 917 3002 usque
936 2956 1063 2991 divisa
1077 2962 1170 2990 sunt
1189 2955 1226 2988 in
1243 2955 1341 2993 duo;
1368 2952 1474 2998 quod
1490 2953 1571 2986 duo
1588 2951 1680 2992 sint,

183 3016 244 3045 est
257 3010 350 3057 quia
366 3022 490 3046 unum
509 3017 570 3046 est
585 3009 804 3046 voluntatis
822 3016 862 3045 et
878 3009 1045 3044 alterum
1067 3006 1301 3046 inteneftus,
1321 3016 1420 3051 quae
1438 3010 1562 3050 agunt
1580 3003 1619 3038 in
1637 3014 1681 3040 se
