2014 3386
603 348 671 381 DE
704 345 883 380 AMORE
914 345 1341 389 CONJUGIALI.—N.
1363 349 1461 391 403.
1695 350 1772 393 311

275 462 474 513 effectus,
503 462 856 517 progrediuntur
881 462 1135 504 successive
1166 467 1216 503 ut
1248 462 1349 512 tria,
1377 476 1516 516 usque
1543 468 1699 510 tamen
1730 464 1775 504 in

275 541 430 570 amore
461 527 744 580 procreandi,
772 540 824 568 ac
856 527 979 568 intus
1019 526 1064 567 in
1101 525 1291 579 singulis
1325 527 1485 575 causis,
1513 532 1560 568 et
1601 527 1645 567 in
1676 527 1776 580 ipso

274 590 448 640 effectu,
477 603 614 631 unum
645 590 846 641 faciunt;
873 597 986 632 sunt
1011 590 1151 631 modo
1177 603 1341 631 causae
1367 589 1632 640 efficientes,
1661 605 1777 645 quae

273 669 354 709 per
385 661 609 710 tempora,
643 654 747 707 quia
782 654 826 694 in
865 660 1042 703 natura,
1075 653 1442 706 progrediuntur,
1476 662 1776 707 permanente

269 718 440 772 jugiter
461 718 626 759 eodem
653 717 755 766 fine,
784 731 863 758 seu
889 716 1145 766 voluntate,
1174 724 1221 758 et
1248 729 1430 769 amore;
1464 731 1569 758 nam
1593 717 1706 759 fines
1731 719 1776 760 in

273 789 437 823 natura
477 782 833 835 progrediuntur
873 795 954 835 per
993 787 1203 834 tempora
1234 781 1407 835 absque
1452 787 1674 835 tempore,
1695 783 1776 823 sed

273 858 366 886 non
392 852 586 898 possunt
613 845 794 898 prodire
821 851 867 886 et
899 845 1092 897 prodere
1124 858 1173 885 se
1204 850 1452 898 antequam
1479 845 1665 887 effectus
1696 860 1775 888 seu

273 922 378 950 usus
405 909 566 950 existit
598 915 645 950 et
677 907 727 949 fit
760 906 1039 961 subjeftum;
1081 914 1220 949 antea
1245 921 1336 949 non
1363 909 1513 961 potuit
1539 923 1667 951 amor
1697 909 1774 951 ille

273 985 426 1013 amare
450 973 533 1013 nisi
560 973 943 1026 progressionem,
969 984 1059 1012 non
1085 978 1239 1013 autem
1267 985 1316 1012 se
1343 971 1519 1017 firmare
1545 978 1592 1013 et
1619 972 1773 1026 figere.

274 1034 412 1089 Quod
438 1036 611 1089 periodi
638 1036 797 1076 talium
821 1035 1191 1088 progressionum
1213 1035 1320 1083 sint,
1345 1041 1392 1076 et
1419 1048 1499 1088 per
1520 1035 1620 1077 illas
1647 1050 1773 1078 crea-

273 1100 411 1141 tionis
437 1100 727 1140 conservatio
753 1099 796 1140 in
825 1104 951 1139 statu
978 1098 1187 1152 praeviso
1213 1105 1261 1139 et
1287 1099 1485 1151 proviso,
1510 1106 1668 1140 notum
1688 1107 1772 1142 est.

274 1161 423 1204 Series
445 1169 600 1204 autem
620 1162 784 1203 amoris
806 1162 1030 1202 infantum
1052 1175 1078 1203 a
1101 1162 1303 1202 maximo
1327 1162 1383 1202 ad
1408 1162 1641 1203 minimum
1664 1162 1771 1216 ejus,

271 1227 337 1268 ita
359 1227 416 1268 ad
439 1227 684 1268 terminum
707 1225 815 1279 ejus,
839 1226 905 1267 ita
931 1226 988 1267 ad
1015 1226 1261 1267 terminum
1287 1225 1332 1265 in
1355 1239 1445 1279 quo
1466 1225 1674 1268 subsistit
1696 1233 1774 1268 aut

273 1290 455 1340 desinit,
483 1296 554 1331 est
580 1290 862 1342 retrograda,
890 1289 1104 1343 quoniam
1131 1295 1202 1330 est
1227 1289 1477 1330 sec'undum
1503 1289 1773 1331 decrescen-

270 1354 383 1396 tiam
409 1354 701 1395 innocentiae
728 1354 773 1394 in
800 1351 1018 1406 subjecto,
1048 1359 1095 1394 et
1127 1366 1304 1406 quoque
1331 1359 1521 1406 propter
1545 1354 1772 1406 periodos.

357 1427 492 1472 402.
527 1415 662 1470 (xiii.)
700 1415 829 1467 Quod
868 1430 995 1458 amor
1039 1416 1263 1468 infantum
1308 1416 1555 1465 descendat,
1596 1422 1640 1456 et
1689 1430 1773 1457 non

271 1480 511 1528 ascendat,·
540 1480 631 1521 hoc
654 1487 740 1528 est,
766 1480 887 1533 quod
911 1479 1164 1520 descendat
1191 1493 1217 1520 a
1238 1480 1539 1532 generatione
1564 1480 1608 1520 in
1631 1493 1772 1532 gene-

270 1544 512 1592 rationem,
541 1557 619 1584 seu
651 1557 677 1584 a
707 1542 809 1583 filiis
836 1549 882 1584 et
913 1542 1091 1584 filiabus
1123 1543 1180 1583 ad
1214 1548 1410 1595 nepotes
1441 1549 1489 1583 et
1520 1549 1697 1595 neptes,
1725 1548 1773 1584 et

272 1607 395 1662 quod
437 1620 530 1648 non
562 1607 620 1648 ab
645 1606 715 1648 his
747 1607 804 1648 ad
837 1613 991 1660 patres
1023 1612 1070 1648 et
1103 1613 1274 1647 matres
1301 1605 1508 1655 familias,
1535 1605 1771 1655 ascendat,

271 1677 434 1712 notum
465 1678 549 1712 est.
611 1670 758 1712 Causa
784 1671 1054 1712 incrementi
1085 1669 1179 1723 ejus
1211 1670 1255 1710 in
1288 1670 1513 1711 descensu
1544 1676 1615 1711 est
1646 1682 1774 1711 amor

270 1732 569 1776 fructificandi
601 1748 680 1775 seu
712 1734 993 1787 producendi
1020 1747 1140 1782 usuS,
1174 1740 1221 1775 et
1253 1733 1403 1787 quoad
1435 1746 1581 1786 genus
1611 1734 1773 1773 huma·

271 1811 393 1847 num,
428 1804 498 1839 est
536 1810 664 1838 amor
697 1797 1033 1851 multiplicandi
1064 1796 1206 1847 illud;
1252 1797 1333 1837 sed
1366 1796 1452 1837 hoc
1486 1797 1616 1837 unice
1648 1796 1774 1837 ducit

271 1862 495 1915 originem
521 1875 582 1902 ex
606 1861 819 1910 Domino,
843 1861 965 1915 quod
990 1861 1093 1914 Ipse
1119 1861 1163 1901 in
1190 1859 1570 1913 multiplicatione
1592 1860 1773 1913 generis

272 1925 458 1967 humani
490 1923 669 1979 spectet
716 1925 1115 1966 conservationem
1148 1925 1407 1973 creationis,
1442 1937 1494 1964 ae
1541 1930 1590 1965 ut
1636 1922 1772 1964 finem

269 1988 399 2042 hujus
421 1988 631 2029 ultimum
650 1988 825 2029 caelum
843 1987 1115 2041 angelicum,
1135 1987 1257 2041 quod
1275 1987 1405 2028 unice
1427 1993 1499 2028 est
1521 2000 1581 2027 ex
1603 1999 1773 2040 genere

268 2052 498 2103 humano;
541 2058 588 2094 et
629 2052 734 2106 quia
771 2051 948 2093 caelum
985 2051 1246 2105 angelicum
1281 2057 1353 2092 est
1390 2049 1489 2091 finis
1529 2049 1697 2099 finium,
1725 2057 1772 2091 et

269 2116 375 2157 inde
415 2129 543 2157 amor
582 2128 787 2156 amorum
827 2116 946 2169 apud
989 2115 1251 2164 Dominum,
1279 2114 1383 2156 ideo
1423 2120 1494 2155 est
1535 2113 1772 2155 animabus

269 2179 503 2221 hominum
543 2178 843 2232 implantatus
884 2192 976 2220 non
1017 2179 1156 2220 modo
1197 2191 1325 2219 amor
1365 2178 1648 2231 procreandi,
1690 2178 1771 2218 sed

269 2244 410 2285 etiam
427 2242 612 2283 amandi
635 2248 876 2296 procreata
897 2243 941 2283 in
964 2242 1329 2284 successionibus
1349 2256 1359 2293 ;
1392 2242 1497 2282 inde
1520 2241 1659 2282 etiam
1682 2248 1769 2290 est,

269 2306 391 2361 quod
422 2306 494 2347 hic
527 2319 653 2346 amor
678 2305 825 2347 solum
852 2306 986 2347 detur
1016 2306 1136 2360 apud
1168 2306 1414 2355 hominem,
1439 2311 1486 2346 et
1528 2318 1619 2346 non
1650 2305 1771 2358 apud

269 2370 467 2424 aliquam
487 2370 682 2410 bestiam
704 2375 751 2411 et
778 2382 923 2410 avem.
987 2368 1122 2423 Quod
1148 2369 1221 2411 hic
1244 2383 1371 2410 amor
1392 2368 1511 2421 apud
1537 2368 1770 2409 hominem

270 2433 524 2474 descendat
551 2433 816 2482 crescendo,
844 2439 915 2474 est
947 2447 1126 2486 quoque
1158 2446 1217 2473 ex
1249 2432 1394 2485 gloria
1425 2431 1625 2480 honoris,
1654 2445 1770 2485 quae

270 2496 478 2538 similiter
508 2496 627 2549 apud
664 2496 790 2537 illum
822 2497 1072 2538 secundum
1104 2495 1483 2549 amplificationes
1515 2496 1768 2546 accrescit;

270 2561 391 2615 quod
418 2573 545 2601 amor
567 2560 752 2601 honoris
778 2566 825 2602 et
852 2560 1024 2614 gloriae
1047 2561 1235 2613 recipiat
1262 2560 1306 2600 in
1333 2573 1381 2600 se
1404 2571 1605 2600 amorem
1623 2558 1768 2599 infan-

269 2631 367 2666 tum
398 2624 663 2665 influentem
695 2637 721 2664 a
753 2624 964 2673 Domino,
998 2630 1044 2665 et
1078 2624 1196 2665 hunc
1229 2623 1364 2664 faciat
1396 2623 1512 2664 sicut
1544 2635 1687 2671 suurn,
1720 2622 1765 2662 in

269 2687 460 2729 articulo
486 2693 709 2741 sequente
739 2686 871 2742 (xvi.)
895 2687 1133 2728 videbitur.

354 2761 492 2805 403.
526 2750 661 2804 (xiv.)
698 2750 827 2801 Quod
845 2750 962 2792 alius
984 2757 1131 2792 status
1153 2749 1322 2791 amoris
1344 2749 1558 2791 uxoribus
1580 2749 1644 2790 sit
1667 2755 1770 2790 ante

271 2815 595 2868 conceptionem,
618 2821 661 2855 et
685 2814 803 2855 alius
828 2821 976 2856 status
994 2821 1101 2867 post
1121 2814 1247 2855 illam
1269 2828 1405 2867 usque
1428 2813 1494 2854 ad
1506 2819 1770 2866 partum.—

275 2877 378 2919 Hoc
404 2878 644 2919 adducitur
669 2878 728 2918 ob
754 2877 889 2919 finem
916 2884 964 2919 ut
991 2879 1160 2919 sciatur
1185 2878 1307 2931 quod
1334 2890 1460 2918 amor
1483 2876 1765 2929 procreandi,

273 2947 320 2982 et
342 2941 447 2982 inde
470 2955 662 2995 sequens
685 2954 812 2982 amor
834 2942 1073 2994 procreati,
1099 2941 1156 2982 sit
1179 2941 1339 2981 insitus
1361 2940 1502 2980 amori
1526 2938 1767 2992 conjugiali

275 3004 393 3057 apud
416 3005 618 3055 seminas,
643 3011 689 3046 et
715 3005 835 3059 quod
862 3005 954 3046 bini
980 3005 1044 3045 illi
1066 3017 1244 3045 amores
1266 3003 1385 3056 apud
1413 3002 1537 3043 illam
1560 3002 1766 3043 dividan-
