2014 3386
575 344 642 376 DE
674 343 854 377 AMORE
885 343 1313 387 CONJUGIAL1.--N.
1345 345 1435 390 157.
1663 345 1737 389 135

424 456 540 502 (viii.)
577 456 693 503 Quod
704 458 870 502 propter
887 457 1185 503 conJ'unitionem
1206 457 1317 492 illam
1343 460 1387 491 ut
1391 457 1525 502 finem,
1548 458 1668 492 uxori
1688 459 1741 492 sit

666 504 963 585 datalperceptio
974 504 1216 551 affe-itionum
1231 506 1380 546 mariti,
1391 508 1427 539 et
1437 515 1581 550 quoque
1587 515 1737 539 summa

657 553 742 596 pru
770 553 875 586 entia
890 552 1120 587 moderandi
1134 551 1234 587 illas.

451 597 533 643 (ix.)
572 597 687 644 Quod
703 609 840 633 uxores
859 599 960 633 lianc
972 601 1253 645 perceptionem
1273 599 1385 645 apud
1398 610 1436 634 se
1462 598 1680 638 recondant,
1702 602 1740 633 et

665 656 690 679 a
727 648 887 681 maritis
911 646 1150 687 abscondant,
1170 649 1334 692 propter
1357 658 1494 681 causas
1517 657 1615 690 quae
1646 649 1738 680 sunt

664 694 908 733 necessitates,
928 697 972 728 ut
996 693 1231 739 conjugialis
1248 705 1368 734 amor,
1386 695 1576 732 amicitia,
1595 696 1631 726 et
1650 704 1735 727 con-

650 739 832 784 fidentia,
850 745 887 775 et
905 742 962 775 sic
977 741 1172 775 beatitudo
1191 740 1486 776 cohabitationis
1504 744 1540 775 et
1553 740 1737 786 felicitas

662 788 779 827 vitae,
797 788 1129 823 constabiliuntur.

462 835 533 879 (x.)
572 834 687 880 Quod
691 836 887 880 perceptio
911 835 1005 869 lzaec
1027 837 1080 869 sit
1103 836 1297 880 sapientia
1323 835 1459 869 uxoris
1470 848 1487 875 ,·
1519 833 1622 878 quod
1642 833 1736 868 llaec

664 892 739 915 non
756 882 897 916 dabilis
911 883 964 916 sit
980 882 1091 927 apud
1102 884 1246 923 virum,
1262 893 1327 917 nec
1339 882 1443 927 quod
1454 883 1647 927 sapientia
1666 893 1733 916 ra—

659 928 819 963 tionalis
835 930 920 965 viri
932 929 1072 963 dabilis
1086 931 1140 964 sit
1156 929 1267 975 apud
1280 940 1449 964 uxorem.

449 975 533 1020 (xi.)
572 975 686 1022 Quod
698 986 799 1010 uxor
799 988 824 1022 J
822 977 960 1022 ugiter
975 987 1023 1010 ex
1036 988 1165 1011 amore
1177 978 1315 1022 cogitet
1331 977 1376 1011 cle
1388 976 1640 1010 inclinatione
1649 977 1738 1011 vi‘rz

659 1022 716 1056 ad
727 1034 774 1063 se,
792 1024 923 1058 animo
940 1024 1201 1070 conjungendi
1213 1024 1290 1058 sibi
1302 1024 1444 1064 illum:
1469 1023 1587 1057 aliter
1602 1025 1680 1058 vir.

431 1069 529 1114 (xii.)
568 1069 680 1115 Quod
696 1077 797 1104 uxor
816 1071 1028 1116 conJungat
1046 1082 1084 1105 se
1098 1072 1186 1106 viro
1195 1073 1272 1117 per
1288 1071 1565 1117 applicationes
1581 1071 1638 1105 ad
1650 1071 1733 1117 ejus

660 1116 874 1151 voluntatis
890 1118 1096 1153 desideria.

418 1163 530 1208 (xiii.)
569 1163 682 1209 Quod
702 1175 803 1199 uxor
821 1165 1086 1211 conjungatur
1105 1165 1193 1200 viro
1216 1175 1282 1200 suo
1299 1167 1377 1210 per
1398 1164 1605 1210 sphaeram
1626 1166 1732 1200 vitae

641 1222 751 1245 suae
766 1215 963 1246 exeuntem
980 1223 1029 1246 ex
1045 1223 1174 1246 amore
1191 1224 1284 1258 equs.

426 1257 535 1302 (xiv.)
573 1258 685 1303 Quod
704 1269 804 1293 uxor
829 1259 1095 1305 conjungatur
1114 1260 1258 1294 marito
1275 1262 1352 1305 per
1371 1260 1729 1305 appropriationem

657 1306 808 1339 virium
823 1307 988 1340 virtutis
1003 1307 1114 1352 ej,·us
1142 1306 1211 1341 sed
1221 1307 1326 1351 quod
1346 1306 1414 1341 hoc
1427 1307 1509 1351 fiat
1523 1307 1728 1341 secundum

659 1363 827 1387 amorem
845 1356 1024 1388 mutuum
1041 1354 1287 1399 spiritualem
1305 1354 1475 1389 illorum.

434 1399 528 1444 (xv.)
567 1399 680 1444 Quod
698 1401 754 1434 sic
778 1411 879 1434 uxor
895 1401 1106 1446 imaginem
1130 1402 1197 1435 sui
1213 1402 1358 1436 mariti
1370 1402 1538 1446 recipiat
1561 1402 1603 1435 in
1628 1412 1674 1442 se,
1693 1405 1730 1436 et

654 1447 744 1480 inde
752 1448 962 1492 percipiat,
979 1448 1114 1482 videat
1130 1451 1166 1482 et
1182 1450 1325 1482 sentiat
1341 1449 1425 1493 ejus
1439 1449 1663 1493 affec‘liones.

413 1493 522 1538 (xvi.)
560 1494 674 1540 Quod
692 1495 773 1527 sint
796 1493 918 1538 officia
935 1496 1105 1540 propria
1130 1496 1224 1532 viri.
1243 1499 1280 1529 et
1302 1496 1424 1540 officia
1435 1497 1607 1540 propria
1634 1507 1727 1531 uxo-

653 1541 712 1575 ris
721 1554 737 1581 ,·
762 1544 797 1575 et
813 1541 917 1585 quod
929 1552 1031 1576 uxor
1047 1553 1121 1576 non
1131 1543 1254 1586 possit
1264 1543 1420 1576 intrare
1437 1544 1479 1576 in
1497 1543 1619 1587 officia
1631 1545 1726 1588 pro-

645 1589 745 1633 pria
762 1589 856 1627 viri,
872 1599 938 1623 nec
953 1590 1021 1623 vir
1037 1590 1080 1623 in
1097 1589 1220 1634 officia
1231 1590 1401 1635 propria
1421 1591 1566 1630 uxoris,
1583 1593 1620 1624 et
1645 1590 1728 1626 illis

652 1635 730 1669 rite
735 1635 876 1681 fungi.

400 1681 524 1727 (xvii.)
562 1681 676 1728 Quod
697 1682 819 1726 officia
845 1682 917 1716 illa
946 1682 1151 1717 secundum
1179 1686 1356 1718 mutuum
1382 1683 1580 1718 auxilium
1606 1685 1724 1719 etiam

649 1730 891 1775 conjungant
906 1729 999 1764 duos
1015 1731 1058 1764 in
1076 1741 1216 1771 unum,
1215 1744 1223 1751 ·
1250 1734 1287 1765 et
1301 1731 1423 1765 simul
1423 1731 1592 1777 faciant
1605 1743 1724 1767 unam

649 1776 814 1811 domum.

384 1823 522 1868 (xviii.)
560 1823 674 1869 Quod
702 1834 880 1870 conJuges
910 1823 1114 1858 secundum
1148 1824 1425 1870 conJunt'liones
1448 1827 1569 1870 supra
1603 1825 1725 1860 dictas

577 1899 580 1902 .
638 1870 750 1914 fiant
765 1881 867 1905 unus
882 1870 991 1905 homo
1002 1871 1095 1915 plus
1111 1875 1147 1906 et
1156 1872 1260 1917 plus.

414 1916 523 1961 (xix.)
562 1917 675 1963 Quod
695 1917 768 1957 illi
786 1919 859 1962 qui
879 1919 922 1951 in
947 1929 1076 1952 amore
1091 1929 1179 1953 vere
1202 1918 1423 1964 conj’ugtali
1435 1922 1534 1959 sunt,
1553 1921 1724 1955 sentiant

646 1975 685 1998 se
701 1966 855 1999 unitum
873 1964 1073 2005 hominem,
1092 1969 1128 2000 et
1143 1967 1242 2000 sicut
1260 1977 1378 2000 unam
1397 1977 1562 2002 carnem.

427 2011 520 2055 (xx.)
559 2011 673 2057 Quod
692 2022 802 2046 amor
825 2022 913 2045 vere
936 2013 1170 2058 conjugialis
1194 2014 1236 2046 in
1268 2024 1306 2047 se
1332 2013 1528 2058 spettatus,
1553 2015 1606 2048 sit
1631 2015 1722 2049 unio

647 2059 884 2098 animarum,
902 2060 1115 2104 conjunctio
1132 2060 1330 2100 mentium
1349 2061 1457 2094 nisus
1473 2061 1530 2095 ad
1541 2062 1721 2107 conjunc-

645 2107 784 2140 tionem
802 2107 845 2139 in
859 2107 1081 2150 pedoribus,
1099 2112 1134 2141 et
1154 2107 1243 2141 inde
1260 2108 1302 2141 in
1318 2110 1483 2152 corpore

414 2151 523 2198 (xxi.)
560 2152 675 2198 Quod
693 2156 818 2187 status
841 2153 961 2199 liujus
985 2155 1129 2188 amoris
1153 2155 1233 2188 sint
1249 2155 1477 2193 innocentia,
1489 2157 1587 2200 pax,
1607 2159 1718 2190 tran-

645 2199 832 2244 quillztas,
859 2202 1039 2234 amicitia
1073 2202 1227 2240 intima
1261 2201 1488 2246 confidentia
1516 2202 1646 2247 plena,
1673 2214 1720 2237 ac

645 2247 876 2281 desiderium
890 2249 1020 2281 animz
1029 2251 1065 2282 et
1081 2248 1207 2282 cordis
1217 2252 1394 2282 mutuum
1401 2249 1590 2295 faciendi
1600 2250 1724 2284 altert

645 2304 754 2328 omne
769 2294 931 2335 bonum,-
955 2298 992 2329 et
1008 2306 1055 2328 ex
1072 2295 1243 2329 omnibus
1259 2295 1340 2330 illis
1356 2296 1549 2330 beatitudo
1551 2297 1717 2342 ,fausti-

646 2345 718 2381 tas,
733 2341 980 2386 j‘ucundztas,
1001 2341 1188 2387 voluptas,
1214 2345 1250 2376 et
1283 2353 1331 2377 ex
1355 2342 1499 2409 harum
1513 2344 1718 2390 fruitione

643 2391 811 2428 aeterna,
830 2389 1195 2435 caelestisselecztas

391 2434 515 2480 (xxii.)
553 2434 667 2480 Quod
690 2435 784 2469 lzaec
815 2436 1036 2470 nullatenus
1054 2437 1205 2481 possint
1228 2435 1331 2477 dari,
1350 2438 1433 2471 nisi
1461 2438 1504 2472 in
1537 2438 1715 2485 conJugio

642 2483 759 2516 unius
774 2484 862 2517 viri
874 2494 958 2517 cum
978 2494 1057 2517 una
1076 2494 1205 2519 uxore.

221 2594 434 2650 Sequitur
459 2609 576 2637 nunc
604 2595 764 2637 horum
791 2596 1056 2650 explicatio.

304 2677 427 2722 15¹7.
465 2667 533 2723 (i.)
570 2668 699 2719 Quod
718 2683 746 2710 a
770 2669 997 2718 creatione,
1025 2670 1166 2711 insita
1190 2670 1252 2712 sit
1276 2671 1450 2725 utrique
1479 2673 1610 2713 sexui
1626 2674 1710 2725 sa·

219 2731 362 2773 cultas
400 2738 443 2772 et
476 2731 716 2780 inclinatio,
744 2739 793 2773 ut
824 2733 1004 2785 possint
1033 2740 1075 2774 et
1104 2733 1243 2775 velint
1275 2736 1486 2789 conjungi
1516 2735 1630 2776 sicut
1663 2736 1710 2776 in

219 2794 561 2848 unum.—Quod
593 2795 759 2836 femina
790 2809 816 2836 a
842 2797 938 2837 viro
963 2797 1206 2851 desumpta
1237 2798 1312 2846 sit,
1340 2811 1449 2839 mox
1483 2812 1616 2851 supra
1648 2812 1707 2840 ex

217 2856 357 2898 Libro
377 2857 629 2899 Creatz'onis
647 2865 882 2899 ostensum
901 2865 971 2900 est
995 2873 1003 2900 ε
1038 2860 1159 2913 quod
1179 2861 1283 2902 inde
1302 2862 1360 2902 sit
1384 2862 1559 2914 utrique
1576 2863 1706 2903 sexui

218 2919 412 2961 facultas
438 2927 484 2961 et
516 2921 750 2962 inclinatio
776 2922 833 2962 ad
866 2922 1234 2975 conjungendum
1265 2938 1314 2965 se
1346 2925 1388 2964 in
1422 2937 1573 2973 unum,
1600 2925 1706 2966 inde

219 2984 447 3038 sequitui-5
480 2983 524 3024 id
555 2984 675 3025 enim
706 2985 826 3038 quod
858 2985 914 3026 ab
944 2985 1096 3039 aliquo
1127 2986 1416 3041 desumptum
1449 2993 1534 3037 est,
1563 2988 1704 3031 trahit
