2014 3386
339 329 421 383 336
782 336 1110 372 VOLUPTATES
1141 337 1386 371 INSANIAE

335 453 618 509 spiritualem
650 453 910 505 hominem;
951 467 1088 508 quare
1121 453 1334 508 sequitur,
1367 453 1488 507 quod
1514 452 1825 507 jucunditates

332 519 481 560 carnis
504 517 653 572 quoad
674 517 987 571 jucunditates
1006 518 1174 559 amoris
1199 517 1470 566 scortatorii,
1499 530 1591 558 non
1618 518 1709 559 sint
1741 519 1826 560 nisi

333 594 468 636 quam
491 581 728 622 libidinum
750 581 1137 630 effervescentiae,
1154 594 1270 635 quae
1291 582 1335 622 in
1358 581 1517 635 spiritu
1539 581 1651 623 fiunt
1672 587 1825 623 scate-

333 645 442 686 brae
467 645 861 698 impudicitiarum.

415 716 544 762 441.
573 708 895 761 Jucunditates
917 714 1070 749 autem
1089 707 1256 749 amoris
1277 707 1544 762 conjugialis
1567 707 1676 750 nihil
1699 719 1826 750 com-

333 781 469 812 mune
494 771 668 813 habent
700 785 802 813 cum
829 771 1097 815 faeculentis
1118 771 1480 824 jucunditatibus
1502 773 1670 813 amoris
1700 785 1826 814 scor·

332 835 516 886 tatorii3
560 834 646 876 hae
687 835 870 889 quidem
902 836 1057 876 insunt
1098 835 1222 876 carni
1261 834 1456 888 cujusvis
1496 835 1706 885 hominis,
1744 834 1825 876 sed

330 904 601 952 separantur
627 905 674 939 et
706 905 1014 947 removentur,
1042 899 1160 939 sicut
1187 899 1372 951 spiritus
1397 898 1592 939 hominis
1619 898 1826 940 elevatur

331 975 466 1015 supra
504 961 733 1002 sensualia
773 963 990 1014 corporis,
1025 968 1072 1003 et
1113 973 1173 1003 ex
1214 960 1459 1003 altitudine
1499 963 1626 1003 videt
1665 961 1824 1003 horum

329 1025 624 1081 apparentias
672 1030 719 1066 et
768 1024 975 1065 fallacias
1020 1025 1162 1076 infra;
1214 1024 1423 1066 similiter
1473 1030 1582 1066 tunc
1631 1026 1825 1079 percipit

325 1087 525 1142 jucunda
547 1101 713 1129 carnea
739 1088 932 1142 primum
959 1093 1008 1129 ut
1032 1087 1234 1141 jucunda
1259 1089 1531 1142 apparentia
1556 1095 1602 1130 et
1628 1089 1824 1138 fallacia,

328 1164 381 1193 ac
409 1158 574 1206 postea
605 1157 654 1192 ut
687 1150 929 1192 libidinosa
961 1157 1009 1192 et
1042 1151 1213 1192 lasciva
1244 1165 1359 1205 quae
1385 1151 1598 1205 fugienda
1624 1157 1746 1202 sunt,
1773 1164 1826 1193 ac

328 1215 585 1256 successive
613 1221 661 1256 ut
688 1214 910 1255 damnosa
937 1220 983 1256 et
1011 1215 1190 1255 animae
1217 1216 1371 1264 noxia,
1396 1222 1444 1257 et
1469 1216 1657 1257 tandem
1684 1217 1825 1258 sentit

328 1278 407 1319 illa
433 1284 481 1320 ut
506 1278 762 1331 injucunda,
791 1284 926 1327 tetra,
954 1284 1001 1319 et
1029 1279 1380 1330 nauseabunda;
1419 1286 1464 1320 et
1496 1280 1540 1320 in
1567 1294 1656 1334 quo
1681 1279 1827 1333 gradu

328 1341 409 1383 illa
430 1341 628 1395 jucunda
654 1342 719 1383 ita
746 1343 939 1396 percipit
967 1349 1013 1383 et
1041 1343 1201 1391 sentit,
1229 1343 1274 1382 in
1306 1357 1361 1383 eo
1387 1343 1525 1384 etiam
1552 1343 1696 1396 gradu
1722 1356 1826 1398 per·

329 1405 439 1459 cipit
466 1404 668 1458 jucunda
700 1406 867 1446 amoris
899 1404 1169 1458 conjugialis
1207 1412 1255 1446 ut
1293 1406 1487 1447 innocua
1518 1413 1566 1448 et
1597 1412 1744 1456 casta,
1776 1410 1824 1448 et

330 1469 520 1510 tandem
546 1474 595 1509 ut
623 1468 843 1510 deliciosa
870 1475 916 1510 et
949 1469 1100 1509 beata.
1163 1467 1298 1522 Quod
1320 1468 1633 1522 jucunditates
1657 1470 1826 1511 amoris

330 1531 599 1585 conjugialis
623 1532 761 1572 etiam
785 1531 896 1573 fiant
919 1532 1102 1586 spiritus
1125 1532 1167 1572 in
1191 1545 1340 1581 carne,
1365 1539 1435 1574 est
1458 1534 1561 1587 quia
1583 1539 1826 1587 postquam

325 1594 637 1648 jucunditates
655 1596 822 1636 amoris
845 1596 1103 1637 scortatorii
1126 1600 1332 1637 remotae
1355 1602 1476 1645 sunt,
1496 1603 1544 1638 ut
1563 1609 1674 1637 mox
1693 1608 1828 1650 supra

328 1657 498 1699 dietum
522 1664 606 1706 est,
633 1659 815 1712 spiritus
838 1659 1015 1700 solutus
1041 1659 1098 1700 ab
1124 1659 1212 1700 illis
1238 1660 1281 1700 in
1306 1673 1468 1714 corpus
1491 1660 1633 1701 intrat
1656 1665 1825 1708 castus,

328 1735 380 1762 ac
407 1721 581 1762 deliciis
604 1721 903 1763 beatitudinis
926 1736 1034 1763 suae
1060 1722 1221 1776 implet
1245 1721 1444 1776 peEtora,
1471 1728 1518 1765 et
1545 1737 1604 1764 ex
1631 1721 1826 1776 peEtori·

327 1784 411 1825 bus
448 1786 589 1826 etiam
622 1784 783 1826 ultima
814 1785 932 1826 illius
964 1786 1130 1826 amoris
1168 1786 1212 1826 in
1245 1799 1462 1840 corpore;
1505 1786 1610 1827 inde
1641 1785 1827 1840 spiritus

329 1861 432 1889 cum
455 1848 539 1897 his,
564 1855 611 1890 et
634 1849 747 1890 haec
771 1862 874 1890 curn
897 1849 1071 1902 spiritu,
1093 1855 1256 1903 postea
1277 1849 1322 1890 in
1345 1848 1483 1902 plena
1503 1849 1825 1890 communione

331 1918 486 1965 agunt

411 1985 542 2029 442.
581 1974 715 2029 (xvi.)
759 1974 888 2025 Quod
906 1975 1216 2030 jucunditates
1247 1975 1415 2017 amoris
1446 1976 1710 2017 scortatorii
1734 1976 1828 2018 sint

326 2038 574 2091 voluptates
600 2038 814 2087 insaniae,
843 2045 892 2079 at
923 2039 1043 2092 quod
1047 2039 1353 2092 jucunditates
1377 2039 1544 2080 amoris
1564 2039 1826 2095 conjugialis·

326 2101 420 2143 sint
443 2100 621 2142 deliciae
644 2101 1102 2154 sapientiae.—Quod
1125 2101 1436 2154 jucunditates
1458 2103 1625 2143 amoris
1648 2109 1825 2144 scorta·

327 2165 431 2206 torii
454 2165 545 2206 sint
568 2164 834 2218 voluptates
861 2166 1079 2214 insaniae,
1104 2171 1175 2206 est
1198 2166 1301 2219 quia
1324 2179 1414 2206 non
1437 2166 1511 2207 alii
1533 2179 1667 2220 quam
1690 2172 1825 2208 natu·

326 2227 445 2269 rales
477 2226 724 2269 fflhomines
765 2229 809 2268 in
850 2227 931 2269 illo
971 2241 1128 2269 amore
1169 2234 1290 2277 sunt,
1333 2242 1384 2270 ac
1427 2229 1646 2270 naturalis
1685 2229 1825 2272 homo

326 2291 494 2332 insanit
521 2292 565 2331 in
592 2290 916 2345 spiritualibus,
942 2297 1011 2332 est
1036 2292 1156 2332 enim
1180 2298 1343 2332 contra
1364 2291 1455 2340 illa,
1475 2305 1526 2333 ac
1550 2293 1654 2334 ideo
1676 2293 1824 2335 solum

324 2353 634 2407 jucunditates
653 2353 898 2403 naturales,
919 2354 1166 2403 sensuales,
1187 2359 1233 2395 et
1258 2367 1500 2409 corporeas
1518 2355 1820 2410 amplectitur.

326 2417 506 2459 Dicitur
536 2418 656 2472 quod
684 2417 1000 2471 jucunditates
1033 2418 1280 2467 naturales,
1315 2419 1549 2460 sensuales
1581 2426 1628 2461 et
1660 2433 1822 2474 corpo-

325 2494 440 2529 reas,
461 2481 563 2534 quia
588 2480 797 2522 naturale
820 2481 1115 2534 distinguitur
1137 2481 1180 2521 in
1204 2487 1297 2523 tres
1316 2482 1511 2535 gradus;
1544 2483 1587 2523 in
1611 2493 1823 2536 supremo

325 2543 469 2597 gradu
492 2544 723 2585 naturales
746 2550 851 2585 sunt
879 2543 957 2593 illi,
982 2544 1055 2598 qui
1082 2557 1140 2585 ex
1167 2545 1266 2585 visu
1287 2546 1498 2586 rationali
1521 2546 1678 2587 vident
1701 2547 1822 2587 insa·

326 2607 438 2656 nias,
466 2613 513 2648 et
540 2621 680 2661 usque
706 2606 911 2648 seruntur
937 2621 963 2648 a
984 2606 1192 2660 jucundis
1218 2607 1411 2658 illarum,
1436 2609 1552 2650 sicut
1579 2609 1772 2662 cymbae
1794 2618 1823 2650 a

326 2682 445 2710 vena
476 2669 623 2720 fluvii3
666 2671 709 2711 in
741 2670 939 2711 inferiori
971 2670 1114 2723 gradu
1146 2671 1378 2712 naturales
1410 2678 1530 2720 sunt,
1563 2673 1636 2726 qui
1673 2670 1821 2714 solum

325 2732 484 2774 vident
507 2739 554 2774 et
576 2732 782 2785 judicant
809 2747 868 2774 ex
897 2733 1103 2774 sensibus
1127 2734 1342 2787 corporis
1366 2747 1418 2775 ac
1445 2734 1688 2776 rationalia
1710 2747 1820 2776 con·

326 2802 399 2837 tra
436 2796 729 2850 apparentias
761 2802 808 2837 et
839 2796 1043 2837 fallacias
1074 2803 1391 2849 aspernantur,
1425 2803 1471 2839 et
1503 2799 1619 2839 sicut
1651 2797 1820 2839 floccos

326 2860 560 2914 rejiciunt;
593 2860 636 2901 in
663 2859 818 2901 infimo
844 2860 986 2913 gradu
1010 2860 1242 2902 naturales
1266 2867 1386 2910 sunt,
1410 2862 1483 2915 qui
1510 2862 1680 2915 absque
1701 2860 1818 2914 judi-

327 2923 398 2964 cio
422 2923 625 2964 seruntur
650 2923 708 2963 ab
735 2923 1015 2964 illecebrosis
1041 2924 1243 2974 aestibus
1270 2923 1335 2964 sui
1361 2925 1593 2978 corporis;
1625 2923 1671 2965 hi
1695 2929 1816 2974 sunt,

327 2980 400 3040 dui
425 2992 649 3027 vocantur
671 2985 902 3027 naturales
929 2987 1147 3040 corporei,
1173 2987 1344 3041 priores
1370 2986 1434 3029 illi
1460 2987 1692 3029 naturales
1713 2998 1816 3028 sen·
