2014 3386
318 367 401 400 100
779 368 1021 402 DELICIAE
1053 367 1356 403 SAPIENTIAE

535 479 604 527 (v.)
639 480 757 528 Quod
767 491 818 516 ex
831 481 1009 528 conjugio
1028 481 1120 517 boni
1131 485 1168 517 et
1183 484 1279 524 veri,
1294 483 1399 528 quod
1403 483 1583 529 procedit
1597 495 1623 519 a
1641 484 1810 521 Domino

733 532 770 563 et
794 529 943 573 instuit,
964 529 1073 565 lzomo
1092 531 1260 575 recipiat
1277 542 1425 572 verum,
1446 535 1483 566 et
1506 531 1700 566 Dominus
1717 532 1811 568 huic

730 576 946 622 conjungat
963 577 1125 618 bomem,-
1147 581 1184 611 et
1203 578 1308 623 quod
1321 580 1381 614 sic-
1395 578 1549 614 ecclesia
1559 579 1764 626 formetur
1783 590 1809 614 a

732 624 900 658 Domino
915 624 1028 669 apud
1039 624 1241 660 hominem.

520 669 605 716 (vi.)
641 670 755 717 Quod
762 672 933 706 maritus
944 682 1018 706 non
1029 674 1286 717 repraesentet
1294 673 1506 708 Dominum
1519 676 1556 708 et
1569 684 1670 708 uxor
1682 673 1809 709 Eccle-

730 719 841 758 siam,
863 720 959 764 quia
979 719 1086 754 ambo
1108 719 1236 760 simul,
1262 722 1433 755 maritus
1457 725 1494 756 et
1518 731 1629 762 uxor,
1639 721 1810 768 faciunt

733 765 939 802 ecclesiam.
1192 799 1194 803 ,

508 808 606 859 (vii.)
644 812 760 859 Quod
772 813 854 848 ideo
872 824 946 848 non
963 814 1016 848 sit
1028 813 1360 860 correspondentta
1379 808 1525 850 mariti
1540 827 1626 850 cum
1641 815 1808 851 Domino

662 868 665 870 “
730 863 768 895 et
786 861 925 895 uxoris
941 871 1026 896 cum
1044 861 1214 896 Ecclesia
1240 863 1283 896 in
1303 863 1497 909 conjugiis
1516 863 1739 910 angelorum
1760 865 1804 898 in

728 907 845 942 caelis
860 912 898 943 et
913 907 1111 943 hominum
1129 909 1171 943 in
1188 911 1308 944 terris
1318 922 1336 950 ,·
1788 939 1793 948 ,

483 955 596 1001 (viii.)
633 955 711 991 Sed
738 955 841 1000 quod
867 957 922 990 sit
953 956 1285 1001 correspondentia
1317 968 1403 991 cum
1428 969 1557 992 amore
1576 957 1805 1004 conjugiali,

725 1004 985 1043 seminatione,
993 1003 1288 1048 prolificatione,
1303 1015 1432 1039 amore
1444 1006 1656 1051 infantum,
1671 1010 1708 1040 et
1719 1016 1805 1040 cum

728 1050 921 1085 similibus
933 1062 1031 1095 quae
1050 1052 1093 1085 in
1110 1052 1304 1097 conjugits
1320 1056 1357 1086 et
1373 1063 1422 1086 ex
1439 1053 1520 1087 illis
1535 1057 1637 1088 sunt.

518 1097 601 1143 (ix.)
640 1098 754 1144 Quod
777 1098 940 1132 Verbum
956 1100 1011 1133 sit
1030 1098 1198 1133 medium
1215 1099 1502 1144 conjunc't'ionts,
1521 1101 1615 1145 quia
1633 1091 1739 1135 illud
1750 1103 1806 1135 est

728 1157 753 1179 a
772 1146 950 1186 Domino,
969 1150 1006 1180 et
1020 1147 1077 1180 sic
1093 1146 1296 1182 Dominus.

532 1192 602 1238 (x.)
638 1192 752 1239 Quod
763 1193 915 1227 ecclesia
932 1195 987 1228 sit
1014 1204 1039 1227 a
1069 1193 1248 1233 Domino,
1267 1197 1304 1228 et
1332 1194 1442 1239 apud
1467 1194 1551 1229 illos
1575 1195 1648 1239 qui
1660 1194 1806 1229 adeunt

726 1241 872 1285 Ipsum,
890 1244 927 1275 et
942 1241 1085 1275 vivunt
1103 1241 1308 1275 secundum
1320 1243 1530 1286 praecepta
1549 1242 1693 1287 Ipsius.

508 1286 591 1332 (xi.)
629 1287 743 1333 Quod
757 1299 869 1322 amor
884 1287 1122 1334 conjugialis
1145 1289 1199 1322 sit
1222 1288 1425 1323 secundum
1445 1293 1592 1323 statum
1617 1289 1803 1329 ecclesiae,

725 1337 819 1380 quia
844 1339 900 1370 est
920 1335 1125 1370 secundum
1141 1338 1287 1370 statum
1303 1337 1529 1381 sapientiae,
1548 1337 1660 1382 apud
1678 1336 1802 1371 homi-

729 1393 827 1418 nem.

491 1428 589 1475 (xii.)
624 1429 681 1465 Et
700 1431 795 1475 quia
809 1429 960 1464 ecclesia
978 1433 1033 1464 est
1050 1441 1074 1464 a
1092 1430 1272 1469 Domino,
1289 1430 1394 1476 quod
1406 1432 1525 1466 etiam
1543 1441 1655 1466 amor
1668 1430 1802 1478 conju-

720 1477 850 1523 gialis
865 1479 919 1512 sit
935 1477 983 1512 ab
998 1477 1098 1523 Ipso.

298 1573 513 1630 Sequitur
537 1588 656 1617 nunc
682 1574 844 1617 horum
871 1574 1136 1629 explicatio.

383 1647 502 1698 1¹17.
535 1638 607 1693 (i.)
644 1638 774 1690 Quod
802 1639 1019 1680 Dominus
1055 1639 1101 1680 in
1148 1638 1286 1681 Verbo
1315 1639 1493 1681 dicatur
1531 1639 1734 1693 Sponsus
1756 1646 1800 1681 et

296 1695 514 1752 Maritus,
541 1708 585 1743 et
619 1702 741 1756 quod
769 1701 970 1743 Ecclesia
1003 1702 1181 1756 Sponsa
1216 1709 1260 1744 et
1301 1702 1439 1753 Uxor,
1465 1710 1508 1744 et
1545 1703 1667 1757 quod
1698 1716 1796 1743 con·

282 1765 459 1816 junilio
498 1765 684 1807 Domini
718 1779 823 1807 cum.
853 1765 1066 1815 Ecclesia,
1102 1773 1144 1807 et
1187 1765 1410 1819 reciproca
1449 1766 1669 1808 Ecclesiae
1702 1779 1798 1807 cum

295 1829 484 1870 Domino
504 1829 682 1884 dicatur
698 1829 1156 1886 conjugy'um.—Quod
1181 1829 1403 1870 Dominus
1429 1829 1473 1870 in
1492 1829 1651 1871 Verbo
1672 1830 1796 1871 dica·

295 1898 371 1934 tur
395 1891 600 1946 Sponsus
626 1899 672 1934 et
700 1892 906 1941 Maritus,
929 1898 977 1934 et
1003 1892 1214 1934 Ecclesia
1237 1891 1416 1946 Sponsa
1441 1898 1487 1934 et
1512 1893 1661 1943 Uxor,
1684 1906 1796 1934 con—

294 1961 418 1997 stare
441 1962 599 2010 potest
625 1970 685 1998 ex
711 1950 781 1997 his
807 1956 919 1998 locis
935 1970 1006 1997 :—

362 2044 459 2086 “Qui
476 2044 584 2076 habet
602 2044 780 2085 Sponsam
799 2045 960 2085 Sponsus
977 2050 1032 2076 est
1046 2053 1053 2081 :
1077 2044 1213 2076 amicus
1229 2050 1348 2076 autem
1367 2043 1498 2084 sponsi
1515 2050 1580 2082 est,
1594 2043 1654 2085 qui
1671 2048 1743 2076 stat
1757 2048 1795 2076 et

469 2089 570 2120 audit
588 2088 721 2129 Ipsum,
739 2089 871 2129 gaudio
888 2089 1019 2129 gaudet
1039 2089 1085 2120 ob
1103 2098 1227 2120 vocem
1246 2087 1408 2129 Sponsi’'
1426 2087 1526 2131 (Joh.
1543 2088 1591 2120 iii.
1610 2088 1687 2129 29):

294 2176 408 2219 haec
434 2175 667 2229 Johannes
694 2176 908 2231 Baptista
934 2176 1053 2218 dixit
1078 2177 1135 2218 de
1162 2176 1376 2218 Domino.

359 2266 466 2309 Jesus
486 2267 586 2305 dixit,
604 2266 813 2308 “Quamdiu
833 2276 913 2299 cum
934 2267 1006 2299 illis
1026 2273 1082 2299 est
1101 2267 1276 2307 Sponsus,
1294 2277 1368 2299 non
1393 2272 1547 2308 possunt
1570 2266 1632 2298 filii
1652 2266 1794 2308 nuptia-

469 2321 547 2342 rum
571 2310 755 2351 jejunare;
794 2312 941 2342 venient
965 2311 1040 2342 dies
1066 2311 1209 2352 quando
1240 2312 1286 2342 ab
1317 2311 1386 2342 illis
1411 2311 1593 2342 auferetur
1617 2310 1800 2351 Sponsuss

469 2361 554 2386 tunc
570 2353 814 2394 jejunabunt''
831 2354 974 2391 (flffattlz.
992 2355 1038 2387 ix.
1056 2363 1092 2394 15
1109 2364 1116 2391 ;
1140 2355 1252 2386 Marc.
1271 2355 1304 2387 ii.
1325 2363 1375 2396 19,
1393 2362 1454 2391 20:
1478 2354 1562 2386 Luc.
1580 2364 1612 2386 v.
1633 2362 1685 2393 34,
1703 2353 1768 2394 35).

360 2397 472 2430 “Vidi
497 2399 620 2429 urbem
642 2396 803 2429 sanetam
828 2397 1122 2440 Hierosolymam
1145 2398 1302 2431 Novam.
1317 2423 1325 2431 .
1339 2404 1539 2439 ..paratam
1560 2398 1652 2430 sicut
1676 2398 1793 2439 Spon-

468 2451 546 2474 sam
563 2448 727 2473 ornatam
747 2441 880 2474 Marito
898 2452 963 2473 suo
975 2441 994 2454 ”
1012 2442 1124 2484 (Apoc.
1143 2443 1214 2475 xxi.
1232 2442 1265 2483 2)
1281 2451 1288 2480 ;

292 2534 413 2588 quod
462 2547 543 2588 per
593 2533 814 2575 “Novam
860 2533 1232 2587 Hierosolymam
1248 2532 1268 2550 ’'
1318 2533 1606 2587 intelligatur
1655 2533 1790 2575 Nova

293 2597 504 2715 ²1338c1<:)lesia
530 2596 728 2647 Domini,
754 2598 964 2639 videatur
989 2598 1033 2638 in
1060 2597 1100 2638 A
1102 2597 1338 2650 pocalypsi
1353 2597 1570 2638 Revelata
1598 2595 1660 2652 (n.
1689 2598 1786 2647 880,

359 2741 523 2784 Angelus
547 2741 636 2774 dixit
659 2741 705 2773 ad
730 2740 945 2783 Johannem,
968 2741 1103 2779 “Veni,
1121 2747 1157 2774 et
1180 2741 1369 2774 ostendam
1395 2741 1457 2773 tibi
1483 2741 1664 2782 Sponsam
1690 2740 1788 2782 Agni

470 2785 629 2837 Uxorem
643 2785 674 2821 :''
693 2791 730 2817 et
752 2786 911 2818 ostendit
935 2786 986 2817 illi
1008 2785 1142 2818 Urbem
1163 2784 1332 2818 Sandtam
1355 2785 1650 2827 Hierosolymam
1671 2784 1786 2827 (Apoc.

359 2830 867 2914 “Venict'ttleg'pixrs)nuptiarum
885 2872 991 2914 Agni,
1010 2879 1045 2904 et
1062 2872 1164 2905 Uxor
1182 2872 1299 2914 Ipsius
1313 2872 1453 2914 paravit
1466 2883 1505 2905 se
1519 2883 1543 2906 :.
1558 2898 1566 2906 .
1580 2898 1587 2906 .
1602 2872 1712 2906 ,beati
1726 2871 1786 2915 qui

467 2918 513 2950 ad
530 2927 655 2949 cenam
677 2917 881 2958 nuptiarum
893 2917 995 2958 ,Agni
1012 2917 1129 2949 vocati
1146 2916 1258 2949 sunt”
1275 2916 1388 2959 (Apoc.
1406 2917 1476 2949 xix.
1495 2924 1524 2956 7,
1544 2917 1588 2958 9).

292 3011 376 3055 Per
403 3011 673 3067 “Sponsum
687 3011 707 3028 ’⁹
732 3011 777 3054 in
803 3011 926 3066 cujus
953 3024 1188 3053 occursum
1215 3018 1438 3053 venerunt
1466 3012 1662 3067 quinque
1693 3011 1783 3054 vir·

1994 2932 2014 3044 ³2⁹5:st
1999 2908 2014 2923 ‚a
1992 2892 2007 2902 ἕ
