2014 3386
552 337 620 370 DE
651 336 832 370 AMORE
863 336 1291 381 CONJUGIAL1.—N.
1324 314 1339 371 ἰ
1350 340 1415 384 50.
1651 343 1728 386 123

229 451 387 501 vitam,
426 456 473 493 et
503 450 634 504 hujus
671 451 909 505 potentiae
941 451 1142 493 delicias.
1218 452 1346 494 Talis
1386 459 1457 494 est
1498 454 1731 496 abdicatio

229 516 578 564 scortationum,
611 528 691 568 per
722 528 858 569 quam
891 516 1083 557 castitas
1114 515 1313 569 conjugii
1345 517 1520 559 existit.
1593 517 1732 559 Credi

229 584 402 631 potest,
440 578 564 632 quod
603 577 861 632 conjugiale
901 585 1146 621 externum
1183 593 1441 629 remanenS,
1484 587 1730 634 postquam

227 642 458 683 internum
489 655 539 683 se
570 642 628 682 ab
659 641 753 690 illo,
787 656 867 683 seu
898 642 1010 683 illud
1048 656 1075 683 a
1106 657 1169 692 se,
1203 644 1449 696 separavit,
1483 643 1628 685 simile
1669 645 1730 685 sit

228 718 332 746 cum
363 712 560 746 externo
591 718 683 746 non
715 712 961 759 separato;
995 706 1077 747 sed
1108 707 1259 747 audivi
1290 707 1349 747 ab
1379 707 1573 760 angelis,
1607 708 1730 761 quod

228 768 365 822 plane
391 769 627 810 dissimilia
652 769 770 819 sint;
805 776 854 810 ut
881 769 1003 823 quod
1035 775 1280 810 externum
1302 770 1360 810 ab
1385 771 1578 819 interno,
1607 771 1730 824 quod

227 839 508 873 vocaverunt
526 838 769 873 externum
793 833 974 881 interni,
994 839 1117 874 esset
1139 847 1306 886 expers
1325 834 1474 874 omnis
1497 833 1727 883 lasciviae,

227 896 331 950 quia
355 896 586 937 internum
612 909 704 936 non
731 902 888 949 potest
920 896 1143 944 lascivire,
1171 897 1254 938 sed
1285 896 1433 938 solum
1460 904 1587 938 caste
1613 897 1728 938 deli-

227 959 350 1008 ciari,
378 966 425 1001 et
456 959 578 1013 quod
610 958 756 1000 simile
787 959 952 1001 inferat
983 966 1181 1001 externo
1212 974 1308 1009 suo,
1342 961 1387 1001 in
1419 974 1510 1014 quo
1542 960 1730 1001 delicias

226 1036 331 1064 suas
349 1023 491 1064 sentit
508 1036 517 1064 :
546 1036 728 1076 prorsus
745 1022 882 1064 aliter
898 1029 1144 1064 externum
1163 1030 1423 1077 separatum
1443 1024 1501 1065 ab
1518 1025 1699 1065 interno
1717 1037 1726 1074 ;

226 1085 314 1128 hoc
351 1087 568 1128 dicebant
606 1099 707 1127 esse
748 1085 1040 1128 lasciviosum
1080 1087 1125 1128 in
1164 1088 1396 1128 communi
1437 1093 1484 1128 et
1524 1087 1568 1128 in
1603 1087 1729 1128 omni

225 1156 369 1204 parte.
431 1149 827 1203 Comparaverunt
865 1149 1123 1202 conjugiale
1164 1156 1410 1191 externum
1448 1150 1506 1191 ab
1544 1151 1728 1191 interno

225 1212 385 1255 fru6tui
411 1213 567 1262 nobili,
596 1212 719 1266 cujus
744 1226 965 1254 amoenus
992 1227 1127 1267 sapor
1148 1219 1196 1255 et
1222 1214 1335 1255 odor
1356 1214 1589 1255 insinuant
1611 1227 1660 1254 se
1682 1214 1727 1254 in
1749 1258 1752 1261 ,

225 1277 509 1332 superficiem
546 1276 680 1326 illius,
714 1283 762 1319 et
802 1276 921 1318 hanc
954 1277 1154 1319 formant
1191 1278 1237 1318 in
1269 1277 1726 1330 correspondentiam

225 1354 394 1383 secum.
470 1340 865 1394 Comparaverunt
906 1341 1046 1382 etiam
1088 1340 1346 1394 conjugiale
1386 1347 1627 1382 externum
1668 1341 1726 1382 ab

224 1405 408 1446 interno
435 1417 536 1446 cum
568 1403 747 1453 horreo,
775 1403 901 1457 cujus
932 1417 1052 1458 penu
1084 1417 1306 1458 nusquam
1339 1404 1616 1454 diminuitur,
1644 1404 1726 1445 sed

225 1475 496 1510 constanter
522 1467 566 1509 id
593 1467 715 1522 quod
742 1468 1013 1516 exsumitur,
1042 1481 1066 1508 e
1092 1481 1213 1508 novo
1239 1467 1462 1519 reficitur3
1495 1474 1543 1508 at
1566 1474 1726 1509 exter-

225 1545 333 1573 num
359 1538 620 1585 separatum
646 1531 705 1572 ab
735 1531 918 1572 interno
949 1537 1330 1585 comparaverunt
1362 1544 1464 1571 cum
1496 1531 1649 1572 tritico
1680 1532 1726 1573 in

223 1595 499 1644 ventilabro,
527 1594 650 1649 quod
675 1595 711 1635 si
737 1593 968 1648 projicitur
989 1594 1158 1635 circum
1185 1594 1319 1643 circa,
1343 1601 1551 1635 remanet
1575 1594 1725 1636 solum

224 1659 372 1714 palea,
406 1673 522 1713 quae
554 1673 580 1700 a
610 1665 754 1700 vento
785 1659 903 1699 aeris
934 1658 1209 1711 dissipatur:
1252 1658 1319 1699 ita
1348 1657 1400 1699 fit
1433 1671 1536 1699 cum
1568 1671 1724 1700 amore

223 1722 483 1776 conjugiali,
512 1723 598 1763 nisi
625 1721 950 1763 scortatorium
976 1721 1229 1766 abdicetur.

308 1796 441 1840 149.
482 1785 618 1839 Quod
651 1786 843 1826 castitas
875 1784 1072 1838 conjugii
1104 1798 1196 1826 non
1225 1785 1400 1826 existat
1433 1798 1513 1838 per
1538 1785 1724 1826 abdica-

223 1850 398 1892 tionem
425 1849 770 1897 scortationum,
798 1848 883 1889 nisi
914 1848 1028 1889 haec
1060 1847 1140 1889 fiat
1171 1862 1231 1889 ex
1258 1848 1493 1901 religione,
1522 1855 1592 1890 est
1619 1849 1726 1903 quia

221 1914 363 1955 homo
385 1913 555 1966 absque
578 1912 800 1965 religione
822 1925 915 1952 non
940 1911 991 1952 fit
1018 1911 1278 1965 spiritualis,
1302 1912 1384 1952 sed
1411 1918 1567 1953 manet
1591 1919 1723 1953 natu-

222 1977 344 2026 ralis,
386 1983 434 2018 et
474 1977 510 2018 si
551 1975 772 2017 naturalis
814 1974 953 2016 homo
993 1975 1180 2016 abdicat
1220 1976 1540 2024 scortationes,
1582 1990 1723 2030 usque

222 2041 407 2094 spiritus
434 2040 528 2094 ejus
555 2053 647 2081 non
670 2040 854 2080 abdicat
881 2039 1009 2090 illas;
1043 2045 1090 2081 et
1117 2040 1180 2080 sic
1208 2040 1395 2080 tametsi
1416 2040 1597 2080 videtur
1622 2041 1722 2089 sibi,

223 2105 345 2159 quod
372 2119 451 2158 per
477 2104 817 2146 abdicationem
844 2103 905 2144 sit
931 2108 1102 2152 castus,
1130 2117 1271 2157 usque
1297 2109 1454 2144 tamen
1482 2104 1722 2144 incastitas

222 2168 341 2211 latet
372 2170 494 2210 intus
527 2169 644 2210 sicut
676 2168 827 2208 sanies
858 2168 903 2208 in
928 2166 1117 2208 vulnere
1149 2167 1297 2208 solum
1329 2168 1617 2208 extrinsecus
1648 2181 1722 2208 sa-

223 2239 348 2274 nato.
411 2231 547 2285 Quod
573 2245 702 2273 amor
726 2230 997 2284 conjugialis
1023 2231 1082 2272 sit
1104 2231 1354 2272 secundum
1377 2237 1549 2272 statum
1573 2230 1722 2272 eccle-

223 2297 316 2337 siae
338 2296 457 2350 apud
483 2295 730 2343 hominem,
749 2295 962 2336 videatur
982 2308 1117 2348 supra
1141 2293 1204 2348 (n.
1229 2293 1341 2348 130).
1404 2294 1535 2335 Plura
1557 2294 1613 2336 de
1635 2294 1721 2336 hac

222 2373 272 2401 re
296 2360 539 2400 videantur
565 2360 608 2400 in
635 2359 930 2411 expositione
957 2357 1136 2399 articuli
1161 2358 1223 2398 xi.
1251 2358 1498 2411 sequentis.

309 2432 438 2476 150.
484 2421 614 2476 (viii.)
651 2421 781 2473 Quod
799 2422 990 2463 castitas
1013 2435 1096 2462 non
1120 2421 1389 2474 praedicari
1408 2420 1557 2473 possit
1578 2421 1631 2462 de
1651 2420 1721 2461 in-

225 2486 453 2539 fantibus,
477 2500 551 2526 nec
570 2486 624 2526 de
637 2485 794 2538 pueris
815 2491 859 2526 et
880 2484 1059 2536 puellis,
1082 2480 1218 2538 'neque
1237 2484 1290 2525 de
1310 2483 1655 2525 adolescentibus
1680 2489 1723 2524 et

222 2550 488 2604 virginibus
504 2556 740 2603 antequam
756 2549 881 2602 apud
892 2563 939 2590 se
950 2548 1146 2590 sentiunt
1159 2562 1351 2590 amorem
1365 2547 1721 2589 sexus—Causa

224 2621 310 2663 est,
338 2615 443 2669 quia
463 2620 642 2654 castum
668 2619 716 2654 et
742 2614 971 2654 incastum
1003 2612 1135 2652 unice
1167 2611 1488 2665 praedicantur
1519 2611 1576 2651 de
1609 2623 1720 2651 con·

223 2677 355 2731 jugiis
384 2684 431 2719 et
457 2677 514 2718 de
539 2676 708 2718 talibus
735 2690 851 2730 quae
880 2675 1078 2729 conjugii
1109 2681 1216 2716 sunt
1245 2673 1476 2728 (videatur
1502 2687 1649 2727 supra,
1679 2686 1721 2714 n.

229 2740 328 2796 139)
347 2755 357 2792 ;
389 2747 437 2782 et
458 2741 579 2794 apud
601 2740 705 2781 illos
724 2741 798 2794 qui
820 2753 912 2780 non
935 2740 1085 2780 sciunt
1107 2738 1276 2792 aliquid
1294 2738 1351 2778 de
1375 2736 1720 2789 conjugialibus,

225 2817 319 2845 non
344 2810 415 2844 est
447 2803 598 2858 aliqua
630 2803 912 2856 praedicatio
939 2802 1185 2850 castitatis,
1215 2807 1286 2842 est
1313 2801 1433 2842 enim
1461 2800 1577 2839 sicut
1610 2797 1722 2838 nihil

226 2867 346 2922 apud
371 2866 488 2915 illos,
516 2873 563 2908 et
587 2866 714 2907 nihili
740 2879 833 2907 non
859 2866 994 2907 datur
1016 2863 1207 2913 affectio,
1237 2877 1320 2905 nec
1348 2864 1404 2904 de
1436 2862 1515 2903 illo
1542 2862 1720 2914 cogita-

226 2931 318 2972 tio:
352 2936 399 2971 at
431 2935 537 2982 post
569 2929 757 2970 nihilum
789 2929 901 2969 illud
933 2928 1142 2980 exsurgit
1174 2927 1356 2981 aliquid,
1391 2938 1491 2966 cum
1525 2925 1722 2965 sentitur

226 2994 419 3048 primum
451 2992 661 3046 conjugii,
689 2992 811 3047 quod
842 2998 914 3034 est
947 2993 1113 3033 amoris
1145 3004 1297 3032 sexus.
1361 2988 1495 3042 Quod
1520 2988 1721 3041 virginea
