2014 3386
276 335 333 390 96
742 344 985 379 DELICIAE
1017 346 1321 379 SAPIENTIAE

275 459 314 494 in
342 458 492 506 pectus,
516 459 582 495 ubi
611 459 656 495 fit
681 460 890 506 jucundus,
914 466 954 496 et
981 466 1150 496 vocatur
1174 471 1289 496 amor
1314 459 1535 506 pectoralis,
1562 460 1629 507 qui
1661 460 1700 496 in
1727 471 1772 498 se

273 512 476 558 spectatus
494 520 555 548 est
574 513 715 558 plenus
729 513 915 554 amicitia,
930 521 971 548 et
989 513 1130 559 plenus
1143 513 1388 549 confidentia
1405 525 1454 549 ex
1472 514 1590 560 plena
1606 514 1772 550 inclina-

272 566 383 601 tione
409 566 459 601 ad
490 573 696 607 mutuum;
722 573 764 601 et
789 567 897 612 quod
925 566 990 602 ille
1017 567 1112 601 dum
1139 566 1368 612 pertransiit
1393 565 1532 613 peetus
1561 567 1632 602 fiat
1659 578 1774 604 amor

271 619 461 665 genialis:
487 619 586 654 haec
614 626 656 654 et
682 619 829 655 similia
855 630 946 654 cum
976 619 1153 665 ephebus
1181 619 1492 665 cogitationibus
1522 620 1606 655 suis
1632 620 1771 661 volvit.

272 672 381 718 quod
408 672 504 708 facit
529 683 621 707 cum
647 683 697 708 ex
721 683 818 708 sexu
844 672 919 708 sibi
946 678 1156 718 praeoptat
1181 683 1311 712 unam,
1333 673 1557 708 accendunt
1583 673 1623 708 in
1649 673 1771 709 corde

273 725 406 771 ignem
424 725 570 761 amoris
584 725 831 771 conjugialis‚
847 725 914 771 qui
935 725 1046 771 ignis,
1061 724 1155 771 quia
1168 732 1228 760 est
1246 724 1470 770 prImitivus
1489 725 1593 761 illius
1611 725 1770 767 amoris,

272 785 334 813 est
351 777 465 824 origo
483 778 581 824 ejus.
631 778 838 824 Originem
855 778 1018 814 virtutis
1040 789 1110 813 seu
1131 777 1336 823 potentiae
1355 789 1435 813 non
1454 778 1571 813 aliam
1589 778 1772 825 agnosci-

272 843 371 872 mus,
389 842 509 878 quam
532 831 663 877 ipsum
685 832 798 866 illum
819 843 1009 871 amorem,
1032 838 1126 866 sunt
1148 831 1254 866 enim
1277 831 1472 866 individui
1497 831 1677 872 comites,
1699 831 1770 867 sed

271 895 398 930 usque
411 885 523 925 tales,
538 891 583 919 ut
596 885 836 930 quandoque
854 896 957 920 unus
977 884 1199 930 praecedat,
1214 890 1254 919 et
1268 885 1509 930 quandoque
1526 885 1647 926 alter;
1673 885 1770 919 dum

271 948 385 973 amor
409 937 622 983 praecedit,
644 948 690 973 ac
710 937 838 973 virtus
864 949 933 973 seu
961 937 1143 983 potentia
1162 937 1274 972 illum
1300 937 1490 982 sequitur,
1512 943 1574 973 est
1600 944 1770 983 uterque

272 991 428 1031 nobilis,
447 991 540 1036 quia
566 991 747 1036 potentia
772 997 869 1026 tunc
890 997 951 1026 est
976 990 1103 1026 virtus
1129 990 1276 1026 amoris
1301 990 1556 1036 eonjugialis;
1582 997 1624 1025 at
1643 990 1677 1026 si
1699 1001 1770 1036 po-

270 1044 398 1079 tentia
423 1044 626 1089 praecedit
651 1050 693 1079 et
717 1055 830 1079 amor
850 1044 1042 1089 sequitur,
1064 1050 1161 1078 tunc
1186 1050 1247 1078 est
1272 1049 1440 1089 uterque
1460 1043 1658 1089 ignobilis,
1676 1043 1771 1089 quia

271 1108 385 1132 amor
400 1103 497 1132 tunc
515 1103 576 1132 est
594 1097 798 1142 potentiae
816 1097 1005 1138 carnalis;
1032 1103 1105 1132 nos
1123 1096 1257 1143 itaque
1274 1107 1323 1131 ex
1340 1096 1491 1136 ordine,
1507 1096 1545 1130 in
1561 1107 1641 1142 quo
1658 1107 1771 1132 amor

270 1150 480 1185 descendit
501 1156 570 1185 aut
591 1150 781 1189 ascendit,
801 1156 841 1184 et
867 1149 923 1185 sic
949 1160 972 1184 a
997 1160 1068 1184 sua
1088 1149 1241 1195 origine
1261 1149 1311 1184 ad
1334 1155 1481 1184 metam
1503 1149 1768 1195 progreditur,

270 1203 503 1250 qualitatem
523 1203 729 1249 utriusque
747 1202 1007 1248 judicamus.''
1060 1202 1135 1238 His
1153 1202 1378 1248 subscripta
1395 1210 1457 1238 est
1474 1202 1608 1238 littera
1626 1207 1646 1221 “
1661 1202 1733 1238 D.··

342 1263 447 1294 112.
486 1256 639 1292 Ultimo
657 1267 726 1291 seu
741 1267 836 1290 nono
851 1255 1013 1291 sustulit
1031 1255 1225 1296 chartam,
1236 1266 1285 1291 ex
1302 1267 1381 1302 qua
1393 1255 1491 1302 legit
1505 1256 1623 1291 haec:
1649 1260 1669 1273 ‘¹
1684 1254 1769 1291 Nos

270 1309 482 1355 populares
500 1320 548 1344 ex
566 1315 705 1344 nostro
719 1309 895 1349 comitio,
910 1309 1107 1354 judicium
1126 1309 1176 1344 ad
1191 1309 1291 1344 duas
1307 1309 1392 1344 illas
1406 1320 1455 1344 ex
1473 1308 1689 1354 propositis
1707 1319 1769 1344 res

269 1362 536 1402 adhibuimus,
555 1363 603 1397 ad
625 1362 819 1408 originem
838 1361 985 1397 amoris
1003 1361 1252 1408 conjugialis,
1270 1368 1310 1397 et
1328 1362 1377 1396 ad
1397 1361 1590 1407 originem
1607 1361 1768 1396 virtutis

270 1426 340 1451 seu
358 1415 564 1460 potentiae
582 1415 679 1460 ejus.
730 1414 831 1450 Cum
853 1414 1094 1461 agitavimus
1115 1415 1357 1450 subtilitates
1379 1415 1429 1449 de
1447 1414 1602 1460 origine
1620 1413 1767 1449 amoris

269 1468 516 1515 conjugialis,
538 1469 588 1503 ad
615 1469 847 1503 evitandum
874 1469 1033 1503 umbras
1060 1469 1100 1503 in
1127 1468 1360 1509 rationibus,
1382 1468 1638 1503 distinximus
1664 1467 1770 1503 inter

269 1532 448 1556 amorem
467 1532 585 1556 sexus
606 1521 864 1566 spiritualem,
884 1521 1116 1562 naturalem,
1136 1527 1177 1556 et
1197 1521 1416 1561 carnalem;
1443 1528 1485 1555 et
1503 1531 1573 1566 per
1589 1531 1766 1556 amorem

269 1585 386 1610 sexus
407 1574 654 1620 spiritualem
677 1574 937 1620 intelligimus
962 1585 1138 1610 amorem
1160 1585 1253 1609 vere
1279 1574 1560 1620 conjugialem.
1583 1573 1677 1619 quia
1701 1572 1767 1608 hic

268 1634 330 1663 est
347 1627 582 1673 spiritualis;
609 1634 649 1662 et
668 1638 738 1673 per
750 1638 927 1662 amorem
942 1638 1060 1663 sexus
1079 1627 1299 1663 naturalem
1319 1626 1578 1673 intelligimus
1590 1637 1766 1661 amorem

270 1680 576 1727 polygamicum‚
602 1680 696 1726 quia
721 1680 786 1715 hic
812 1687 875 1715 est
903 1679 1115 1721 naturalis;
1145 1686 1186 1715 et
1213 1690 1282 1725 per
1308 1690 1483 1715 amorem
1514 1689 1632 1714 sexus
1658 1689 1766 1714 mere

269 1733 466 1768 carnalem
487 1727 746 1777 intelligimus
765 1744 942 1768 amorem
965 1732 1256 1772 scortatoriurn‚
1275 1732 1369 1778 quia
1389 1726 1454 1767 hie
1473 1738 1535 1767 est
1553 1742 1661 1767 mere
1681 1742 1766 1766 car-

270 1786 381 1821 nalis.
432 1786 533 1822 Cum
557 1786 867 1831 introspeximus
889 1786 1037 1821 nostris
1063 1785 1223 1831 judiciis
1250 1785 1289 1820 in
1316 1796 1491 1820 amorem
1512 1795 1605 1820 vere
1625 1784 1765 1830 conju·

268 1839 423 1886 gialem,
451 1839 723 1884 perspeximus
749 1839 855 1885 quod
883 1839 948 1874 hic
973 1849 1087 1874 amor
1111 1838 1242 1874 solum
1270 1838 1374 1873 inter
1398 1848 1521 1872 unum
1548 1848 1697 1872 marem
1723 1843 1766 1872 et

270 1903 388 1926 unam
407 1891 595 1927 feminam
615 1892 741 1932 detur,
761 1899 801 1927 et
818 1892 926 1938 quod
948 1891 1002 1927 sit
1023 1902 1072 1926 ex
1093 1891 1295 1926 creatione
1313 1890 1505 1931 caelestis,
1526 1889 1765 1930 intimus‚.ae

268 1945 402 1979 anima
419 1951 459 1979 et
480 1951 592 1990 pater
609 1945 789 1979 omnium
811 1945 1007 1980 bonorum
1025 1955 1217 1984 amorum,
1237 1943 1450 1989 inspiratus
1469 1942 1605 1988 primis
1625 1953 1765 1988 paren-

269 1997 386 2038 tibus,
405 2004 445 2032 et
464 1997 703 2042 inspirabilis
722 1997 983 2038 Christianis;
1009 2005 1070 2032 est
1092 1997 1211 2032 etiam
1240 1997 1295 2031 ita
1314 1994 1605 2040 conjunftivus,
1625 2002 1669 2030 ut
1696 2005 1766 2041 per

270 2046 378 2080 illum
395 2046 496 2081 duae
510 2053 665 2081 mentes
680 2047 835 2092 possint
849 2047 932 2082 fieri
951 2057 1031 2082 una
1049 2057 1170 2086 mens,
1185 2057 1231 2082 ac
1249 2046 1329 2082 duo
1345 2046 1527 2085 homines
1541 2047 1644 2081 sicut
1658 2057 1761 2082 unus

269 2098 402 2138 homo,
422 2098 529 2143 quod
550 2098 785 2144 intelligitur
803 2110 873 2144 per
890 2098 973 2134 fieri
992 2109 1071 2133 una
1088 2109 1192 2133 caro.
1242 2097 1363 2144 Quod
1383 2098 1448 2133 ille
1465 2109 1579 2133 amor
1597 2098 1763 2144 inspira-

267 2156 332 2186 tus
351 2150 403 2186 sit
420 2161 444 2185 a
461 2151 673 2191 creatione,
693 2158 803 2197 patet
822 2152 861 2186 in
882 2152 1001 2187 Libro
1020 2150 1243 2187 Creationis
1260 2162 1310 2186 ex
1329 2151 1412 2187 his:

328 2231 335 2245 ¹
351 2229 391 2259 Et
402 2229 449 2258 vir
460 2229 657 2308 derelinqugt
673 2234 842 2308 patrem)et
859 2234 1002 2265 matrem¹
1014 2234 1045 2259 et
1059 2230 1244 2259 adhaerebit
1259 2229 1350 2259 uxori
1365 2238 1451 2265 suae,
1467 2234 1498 2259 et
1512 2234 1604 2259 erunt
1618 2229 1650 2258 in
1664 2236 1762 2259 unam

429 2278 558 2299 carnem
644 2280 691 2300 en.
708 2279 738 2300 n.
756 2280 795 2308 24
814 2293 820 2301 .

268 2353 387 2402 Quod
405 2353 458 2389 sit
476 2352 715 2399 inspirabilis
734 2352 983 2394 Christianis,
1003 2360 1114 2400 patet
1132 2365 1180 2389 ex
1198 2353 1283 2389 his-2

326 2422 421 2462 Jesus
438 2421 526 2456 dixit,
543 2422 680 2450 ‘Annon
696 2421 823 2459 legistis,
839 2423 927 2459 quod
944 2423 1018 2459 Ipse
1033 2422 1087 2459 qui
1102 2422 1174 2452 fecit
1195 2423 1237 2452 ab
1252 2422 1351 2456 initio,
1367 2421 1544 2451 masculum
1560 2425 1591 2450 et
1608 2421 1758 2451 feminam

427 2462 500 2491 fecit
517 2463 594 2491 eos?
635 2462 675 2491 Et
691 2462 779 2496 dixit,
798 2463 968 2499 Propterea
985 2463 1110 2491 deseret
1131 2463 1230 2491 homo
1251 2468 1373 2500 patrem
1394 2467 1424 2491 et
1439 2467 1582 2496 matrem.
1598 2467 1630 2491 et
1644 2463 1762 2491 adhae-

428 2502 508 2531 rebit
524 2502 615 2531 uxori
637 2511 723 2536 suae,
740 2507 770 2530 et
786 2507 877 2531 erunt
893 2503 958 2531 duo
981 2502 1011 2531 in
1028 2512 1155 2531 carnem
1178 2511 1294 2538 unam;
1321 2511 1420 2540 quare
1441 2511 1506 2531 non
1527 2502 1666 2540 amplius
1685 2506 1761 2532 sunt

428 2543 495 2572 duo
509 2543 566 2572 sed
580 2551 645 2571 una
659 2551 734 2572 caro
746 2542 751 2551 '
770 2542 902 2580 (Matth.
920 2543 983 2572 xix.
999 2543 1073 2581 4—6)
1085 2551 1092 2572 :

267 2628 365 2664 haec
385 2627 435 2663 de
460 2627 613 2673 origine
639 2626 785 2662 amoris
811 2626 1058 2673 conjugialis.
1108 2626 1315 2673 Originem
1341 2632 1475 2662 autem
1502 2625 1662 2662 virtutis
1688 2637 1759 2662 seu

267 2680 471 2727 potentiae
491 2679 638 2715 amoris
659 2690 751 2714 vere
773 2679 1009 2725 conjugialis
1035 2690 1275 2725 auguramur
1295 2679 1402 2714 exire
1427 2690 1476 2714 ex
1496 2679 1757 2715 similitudine

267 2732 474 2772 mentium,
489 2739 530 2767 et
543 2731 827 2771 unanimitate:
853 2741 943 2765 cum
958 2730 1064 2766 enim
1080 2731 1181 2766 duae
1199 2737 1354 2766 mentes
1368 2730 1646 2777 conjugialiter
1663 2737 1759 2767 sunt

266 2783 515 2831 conjunctae,
533 2783 800 2830 cogitationes
827 2783 985 2818 illorum
1011 2789 1110 2818 tunc
1135 2783 1395 2828 spiritualiter
1414 2794 1456 2818 se
1482 2790 1622 2819 mutuo
1643 2794 1760 2820 oscu-

267 2840 408 2879 lantur,
424 2845 465 2874 et
482 2838 556 2874 hae
576 2837 771 2883 inspirant
789 2836 944 2883 corpori
963 2847 1074 2872 suam
1089 2836 1278 2872 virtutem
1296 2847 1365 2872 seu
1384 2836 1643 2882 potentiam.”
1683 2837 1760 2874 His

268 2892 491 2937 subscripta
507 2897 568 2927 est
585 2891 718 2926 littera
736 2895 756 2908 ‘¹
770 2889 832 2926 S.'’

340 2953 446 2991 113.
480 2943 689 2980 Steterunt
710 2949 800 2989 post
820 2942 1041 2978 tabulatum
1060 2941 1278 2988 oblongum
1305 2941 1344 2977 in
1366 2941 1517 2987 palatio
1538 2948 1631 2978 ante
1652 2941 1757 2978 fores

268 2997 445 3035 erectum
463 2996 710 3044 alienigenae
732 3006 780 3032 ex
802 2995 948 3036 Africa,
968 2995 1035 3042 qui
1056 2995 1105 3031 ad
1128 2995 1335 3042 indigenas
1362 2995 1543 3041 Europae
1564 2995 1757 3032 clamave-
