2014 3386
0 2195 9 2350 ---v—‹.-v.
0 2165 3 2168 .
0 2121 3 2138 .,
0 2091 2 2095 ⁴
0 2053 10 2061 1

522 346 589 379 DE
621 345 801 379 AMORE
833 345 1262 389 CONJUGIAL1.—N.
1291 315 1388 379 218.
1624 349 1704 392 177

206 460 340 515 gialis
366 460 565 502 resideat
588 460 707 514 apud
731 473 913 510 uxores,
937 459 1018 501 sed
1041 459 1162 514 quod
1185 472 1313 500 amor
1333 459 1511 501 illarum
1534 459 1706 514 depen-

209 525 319 566 deat
346 538 372 566 a
398 524 584 564 maritis.
1579 531 1581 534 ·

267 592 409 642 ‘217.
443 586 570 641 (viii.)
608 585 739 637 Quod
768 601 929 628 uxores
964 593 1112 628 ament
1140 586 1316 628 vincula
1345 587 1547 642 conjugii,
1579 587 1706 628 modo

206 650 303 692 viri
324 657 471 692 ament
494 650 754 692 illa—Hoc
795 651 994 704 sequitur
1031 665 1091 692 ex
1137 649 1270 691 dictis
1309 651 1354 691 in
1396 651 1705 704 praecedente

205 714 423 756 articulo:
467 715 662 763 accedit,
680 714 800 768 quod
816 728 984 755 uxores
1007 728 1066 755 ex
1088 715 1224 755 insito
1238 714 1380 755 velint
1397 728 1563 755 uxores
1589 729 1705 763 esse,

208 785 256 820 et
275 791 443 819 uxores
461 779 686 819 nominari
704 792 713 829 ;
746 778 832 819 hoc
851 778 939 818 illis
957 784 1027 819 est
1046 791 1213 819 nomen
1229 778 1405 818 decoris
1424 784 1470 819 et
1493 777 1680 819 honoris
1698 792 1708 828 ;

208 855 346 896 quare
372 841 553 883 vincula
579 840 778 894 conjugii
801 848 984 883 amant:
1026 847 1073 882 et
1106 842 1209 895 quia
1235 847 1392 882 castae
1419 855 1586 882 uxores
1613 855 1705 882 non

208 906 392 947 nomine
420 913 569 954 tenuS,
594 906 674 946 sed
696 904 937 946 actualiter
957 905 1119 946 volunt
1142 918 1310 946 uxores
1333 919 1448 952 esse,
1472 911 1518 946 et
1546 905 1632 946 hoc
1655 905 1706 946 fit

207 983 288 1023 per
319 969 586 1023 ligationem
619 967 859 1010 arctiorem
892 974 937 1010 et
971 967 1211 1009 arctiorem
1243 981 1345 1009 cum
1379 969 1566 1017 maritis,
1601 970 1706 1010 ideo

206 1033 391 1074 vincula
421 1032 617 1086 conjugii
658 1047 717 1073 ex
759 1031 1133 1073 constabilitione
1171 1031 1365 1073 foederis
1405 1032 1498 1085 ejus
1531 1039 1704 1081 amant,

207 1102 254 1138 et
272 1096 318 1137 id
335 1110 390 1137 eo
407 1095 507 1150 plus
522 1097 639 1137 sicut
654 1096 946 1137 redamantur
960 1109 986 1136 a
1004 1095 1189 1145 maritis,
1206 1109 1298 1145 seu,
1315 1096 1436 1150 quod
1455 1096 1599 1137 simile
1619 1102 1706 1145 est,

207 1161 324 1202 sicut
350 1161 431 1201 viri
458 1160 535 1200 illa
561 1160 742 1201 vincula
768 1166 938 1200 amant.

291 1222 417 1266 218.
445 1222 546 1277 (ix.)
585 1222 713 1274 Quod
738 1222 1030 1276 intellegentia
1057 1223 1338 1275 feminarum
1368 1222 1414 1264 in
1444 1237 1492 1265 se
1522 1223 1584 1264 sit
1613 1238 1707 1265 mo-

206 1287 348 1336 desta,
375 1287 566 1340 elegans,
595 1287 798 1341 pacifica,
825 1287 992 1336 cedens,
1019 1286 1180 1336 mollis,
1208 1293 1358 1328 tenera
1372 1301 1392 1335 ,·
1423 1293 1465 1328 et
1494 1287 1614 1340 quod
1638 1287 1708 1327 in·

207 1351 451 1404 tellzgentz'a
476 1351 678 1392 virorum
702 1350 748 1391 in
773 1364 820 1391 se
843 1350 906 1391 sit
923 1350 1106 1403 gravis,
1134 1356 1311 1403 aspera,
1335 1350 1465 1399 dura,
1490 1350 1706 1398 animosa,

208 1414 406 1455 licentiae
443 1413 814 1467 amans.——Quod
854 1413 972 1454 tales
1009 1414 1099 1455 sint
1139 1413 1348 1462 feminae,
1382 1420 1428 1455 et
1463 1414 1579 1455 tales
1616 1414 1708 1454 sint

207 1478 303 1526 viri,
331 1483 458 1530 patet
486 1477 725 1518 manifeste
752 1491 811 1518 ex
839 1478 1071 1530 utriusque
1097 1490 1300 1530 corpore,
1327 1477 1453 1525 facie,
1481 1491 1609 1526 sono,
1638 1476 1705 1517 lo-

207 1540 356 1595 quela,
390 1548 539 1594 gestu,
568 1548 614 1582 et
646 1541 872 1591 moribus3
914 1555 974 1581 ex
1005 1547 1198 1593 corpore,
1226 1540 1346 1594 quod
1374 1541 1455 1581 viri
1486 1541 1576 1581 sint
1609 1540 1709 1581 duri

208 1611 315 1646 cute
348 1611 394 1646 et
427 1618 576 1652 carne,
612 1605 804 1645 feminae
837 1610 991 1645 autem
1024 1603 1177 1645 molli:
1223 1618 1282 1645 ex
1302 1604 1439 1656 facie,
1467 1604 1587 1657 quod
1620 1604 1702 1644 viri

208 1669 300 1710 sint
327 1668 518 1717 duriore,
547 1668 800 1716 obnixiore,
828 1668 1070 1721 asperiore,
1098 1667 1296 1716 flaviore,
1324 1668 1461 1708 etiam
1500 1667 1707 1715 barbata,
1754 1683 1758 1686 ’

207 1732 273 1773 ita
302 1731 637 1784 impulchriore,
664 1732 858 1773 feminae
889 1738 1044 1772 autem
1077 1731 1296 1779 molliore,
1325 1731 1602 1779 cedentiore,
1636 1737 1705 1771 te-

209 1796 399 1844 neriore,
427 1795 704 1843 candidiore,
729 1802 775 1836 et
802 1795 906 1836 inde
934 1794 1324 1848 pulchritudines:
1359 1808 1418 1835 ex
1445 1807 1561 1842 sono,
1581 1793 1702 1847 quod

208 1858 312 1899 viris
339 1859 397 1899 sit
424 1858 588 1911 gravis,
609 1858 784 1899 seminis
805 1865 958 1899 autem
977 1865 1131 1899 tener:
1166 1871 1226 1898 ex
1248 1857 1432 1911 loquela,
1453 1857 1574 1911 quod
1599 1857 1704 1897 viris

207 1922 268 1963 sit
294 1921 503 1963 licentiae
526 1935 683 1962 amans
709 1928 756 1962 et
778 1922 996 1970 animosa,
1024 1921 1200 1962 feminis
1232 1927 1386 1962 autem
1419 1921 1629 1961 modesta
1655 1926 1702 1960 et

209 1984 420 2039 pacifica:
455 1998 514 2025 ex
535 1991 684 2037 gestu,
709 1985 830 2039 quod
856 1986 959 2026 viris
986 1985 1044 2026 sit
1071 1984 1228 2026 fortior
1254 1990 1300 2025 et
1327 1983 1507 2031 firmior,
1526 1982 1706 2023 feminis

209 2054 363 2089 autem
396 2048 635 2088 invalidior
674 2055 720 2089 et
756 2048 1050 2089 imbecillior:
1099 2061 1159 2089 ex
1196 2046 1404 2095 moribus,
1439 2046 1560 2100 quod
1597 2046 1707 2086 viris

208 2112 302 2152 sint
333 2111 739 2160 immoderaffiores,
773 2111 949 2152 seminis
981 2118 1134 2152 autem
1166 2110 1485 2163 elegantiores.
1548 2108 1706 2162 Quan-

210 2180 307 2216 tum
333 2174 391 2215 ab
413 2175 510 2227 ipsa
534 2175 776 2215 nativitate
799 2174 947 2215 differt
971 2175 1130 2227 genius
1156 2174 1352 2214 virorum
1375 2187 1402 2213 a
1426 2173 1562 2226 genio
1579 2172 1706 2212 femi-

210 2250 382 2286 narum,
402 2238 548 2291 patuit
570 2237 679 2278 mihi
705 2237 825 2279 clare
848 2251 873 2278 a
895 2238 1000 2278 visis
1026 2237 1173 2290 pueris
1196 2243 1242 2278 et
1265 2236 1426 2290 puellis
1449 2237 1492 2276 in
1510 2249 1704 2288 congre-

210 2301 501 2355 gationibus:
541 2301 631 2342 vidi
663 2301 746 2342 has
777 2301 1016 2354 aliquoties
1049 2315 1128 2354 per
1158 2300 1408 2341 fenestram
1450 2300 1493 2340 in
1535 2312 1705 2351 magna

211 2364 320 2406 urbe
351 2378 486 2418 super
511 2364 678 2418 platea,
707 2365 752 2405 in
784 2378 871 2418 qua
898 2364 1017 2405 ultra
1042 2364 1204 2417 viginti
1230 2363 1391 2417 quovis
1423 2363 1494 2403 die
1520 2376 1568 2403 se
1595 2375 1704 2402 con-

211 2428 498 2481 gregabant3
542 2429 602 2469 ibi
643 2428 766 2482 pueri
806 2428 1056 2469 secundum
1096 2427 1297 2468 indolem
1338 2427 1421 2467 sibi
1460 2432 1704 2467 connatam

211 2491 507 2533 colludebant
539 2492 876 2540 tumultuando,
909 2492 1214 2540 vociferando,
1249 2490 1511 2544 pugnando,
1545 2489 1704 2530 verbe·

211 2555 369 2603 rando,
397 2553 676 2608 projiciendo
699 2555 873 2607 lapides
899 2555 941 2595 in
965 2554 1162 2604 alteros;
1196 2560 1243 2595 at
1266 2553 1444 2607 puellae
1471 2553 1527 2593 ad
1545 2552 1705 2605 januas

212 2618 428 2659 domuum
469 2619 692 2659 sedebant
733 2617 961 2671 pacificae,
989 2618 1212 2671 quaedam
1255 2617 1466 2658 ludentes
1501 2628 1602 2656 cum
1637 2616 1705 2655 in-

208 2681 423 2731 fantibus,
444 2681 667 2735 quaedam
686 2682 953 2722 amicientes
976 2694 1131 2734 pupas,
1152 2680 1374 2734 quaedam
1394 2686 1556 2720 nentes
1575 2691 1707 2731 super

211 2745 412 2787 frustulis
445 2745 587 2791 lineis.
616 2745 920 2798 quaedamse
952 2744 1244 2795 osculantes;
1286 2750 1332 2785 et
1364 2742 1485 2796 quod
1518 2743 1707 2782 miratus

213 2821 327 2857 sum,
357 2822 495 2862 usque
527 2808 729 2848 amoenis
761 2807 904 2848 oculis
929 2805 1231 2860 aspe&abant
1264 2820 1440 2859 pueros,
1468 2805 1541 2858 qui
1574 2804 1705 2845 tales.

213 2871 288 2912 Ex
307 2871 376 2912 his
393 2871 632 2912 manifeste
649 2871 802 2912 videre
820 2871 961 2923 potui,
981 2870 1102 2924 quod
1120 2870 1186 2910 vir
1203 2876 1414 2910 nascatur
1431 2865 1705 2914 intellectus,

214 2946 266 2975 ac
296 2934 463 2975 femina
494 2947 647 2984 amor;
694 2941 740 2975 et
781 2933 926 2988 qualis
957 2940 1028 2974 est
1060 2931 1336 2981 intellectus,
1371 2938 1416 2972 et
1448 2930 1593 2983 qualis
1634 2936 1705 2970 est

210 3009 342 3039 amor
371 2998 415 3039 in
446 2998 535 3039 suis
562 2997 817 3051 principiis-‚3
858 3004 905 3039 et
936 2997 999 3038 sic
1033 2995 1176 3050 qualis
1201 2995 1318 3037 foret
1344 2991 1604 3035 intellectus
1627 2993 1706 3034 viri
