2014 3386
327 328 409 369 265
788 337 1031 370 DELICIAE
1064 337 1370 370 SAPIENTIAE

325 452 446 506 quod
483 451 560 493 ille
601 465 730 493 amor
769 452 969 494 excedat
1007 464 1209 493 amorem
1247 452 1417 494 mundi.
1479 452 1743 494 Fueruntne
1774 459 1823 495 et

324 522 508 565 suntne,
528 517 602 571 qui
624 530 707 570 pro
728 516 896 557 femina
916 522 1079 571 optata
1100 522 1148 558 et
1173 523 1338 570 rogata
1359 517 1403 558 in
1426 530 1657 570 sponsam,
1677 518 1822 570 ipsam

324 580 469 620 vitam
502 592 630 620 suam
663 593 745 634 pro
785 579 863 621 vili
894 581 1160 629 aestimant,
1194 586 1241 621 et
1283 581 1542 634 discupiunt
1574 581 1702 629 mori,
1736 581 1838 629 nisi-¹

325 643 584 696 paciscatur
616 656 664 684 se
694 649 808 684 voto
838 642 1053 684 illorum?
1094 642 1181 684 hoc
1208 657 1386 697 quoque
1413 650 1646 694 testantur
1671 643 1823 697 plures

324 705 532 747 rivalium
555 706 875 747 dimicationes
893 720 1033 760 usque
1056 706 1114 747 ad
1141 719 1300 748 necem
1320 721 1330 758 ;
1362 707 1576 748 indicium
1595 707 1716 761 quod
1743 706 1822 748 ille

325 782 453 810 amor
485 770 686 811 excedat
717 783 921 811 amorem
952 770 1089 811 vitae.
1150 770 1415 812 Fueruntne
1446 777 1494 812 et
1534 777 1715 819 suntne,
1749 770 1824 825 qui

326 846 407 886 pro
438 833 607 874 femina
638 839 800 887 optata
841 839 887 874 et
927 840 1094 887 rogata
1132 834 1178 875 in
1218 847 1448 888 sponsam,
1482 849 1542 875 ex
1574 834 1823 887 negatione

325 903 536 938 amentes
561 895 667 938 facti
693 897 830 938 sunt?
891 896 1004 950 Quis
1031 911 1123 938 non
1149 911 1210 939 ex
1237 897 1324 939 hoc
1351 898 1678 939 inchoamento
1703 897 1842 951 illius„

325 960 494 1000 amoris
526 961 647 1015 apud
678 960 845 1015 plures,
879 966 1034 1014 potest
1065 962 1352 1003 rationaliter
1383 960 1674 1010 concludere,
1701 961 1825 1015 quod

327 1036 456 1064 amor
486 1023 564 1065 ille
596 1038 657 1065 ex
689 1038 771 1065 sua
802 1025 1004 1065 essentia
1043 1030 1093 1065 ut
1134 1036 1370 1077 supremus
1397 1025 1657 1065 dominetur
1688 1038 1824 1078 super

258 1117 261 1120 .
324 1098 508 1128 omnem
531 1086 669 1128 alium
692 1100 910 1136 amorem,
935 1093 982 1128 et
1005 1087 1127 1140 quod
1150 1087 1301 1128 anima
1322 1086 1519 1128 hominis
1542 1093 1651 1129 tunc
1674 1087 1719 1128 in
1743 1087 1824 1128 illo

324 1150 398 1198 sit,
433 1163 485 1190 ac
526 1150 755 1203 spondeat
787 1151 871 1192 sibi
903 1163 1005 1191 cum
1037 1156 1202 1204 optata
1233 1156 1280 1191 et
1319 1157 1483 1203 rogata
1513 1150 1825 1192 beatitudines

323 1219 537 1253 aeternas
557 1227 568 1264 ;
601 1213 699 1267 quis
716 1213 871 1255 videre
889 1220 1063 1267 potest,
1080 1214 1117 1254 si
1134 1227 1406 1268 quaversum
1429 1214 1664 1268 disquirat,
1684 1214 1822 1255 aliam

324 1288 525 1325 causam,
554 1290 689 1330 quam
716 1277 837 1331 quod
869 1277 1100 1318 addixerit
1127 1278 1325 1318 animam
1351 1291 1480 1318 suam
1513 1284 1559 1319 et
1591 1291 1670 1319 cor
1694 1290 1824 1319 suum

324 1338 383 1380 ad
416 1339 583 1379 unam?
629 1353 735 1380 nam
770 1340 807 1381 si
844 1341 1032 1389 amasio,
1061 1341 1169 1381 dum
1208 1341 1254 1382 in
1291 1340 1371 1382 illo
1408 1347 1537 1382 statu
1574 1347 1661 1391 est,
1694 1341 1825 1395 optio

325 1403 513 1443 daretur
535 1402 735 1456 eligendi
761 1417 821 1444 ex
844 1405 1058 1445 universo
1080 1418 1195 1445 sexu
1217 1405 1548 1458 dignissimam,
1572 1404 1825 1458 opulentis-

325 1467 503 1515 simam,
531 1473 580 1508 et
611 1467 1002 1518 formosissimam,
1030 1481 1183 1509 nonne
1215 1468 1473 1521 despiceret
1505 1470 1756 1523 optionem,
1775 1476 1824 1511 et

325 1529 597 1571 adhaereret
630 1529 836 1572 electae?
873 1545 952 1572 cor
991 1532 1111 1572 enim
1141 1531 1235 1585 ejus
1272 1539 1343 1573 est
1373 1532 1430 1573 ad
1468 1533 1646 1573 unicam
1682 1532 1822 1574 illam.

327 1592 456 1634 Haec
480 1592 604 1635 dicta
625 1600 746 1644 sunt,
767 1601 816 1635 ut
839 1595 1104 1648 agnoscatis
1127 1595 1248 1649 quod
1270 1609 1398 1636 amor
1420 1595 1689 1650 conjugialis
1715 1595 1823 1637 talis

324 1659 737 1710 supereminentiae
755 1658 903 1707 detur,
922 1665 970 1700 et
992 1659 1113 1713 quod
1131 1659 1264 1700 detur
1281 1660 1388 1701 dum
1407 1674 1494 1701 una
1512 1674 1536 1701 e
1558 1674 1674 1702 sexu
1692 1660 1824 1701 unice

323 1727 515 1762 amatur.
579 1720 692 1774 Quis
723 1721 1002 1771 intellectus,
1036 1723 1110 1777 qui
1142 1724 1346 1764 rationes
1391 1724 1436 1765 in
1482 1737 1604 1765 nexu
1635 1723 1824 1765 elimata

322 1786 421 1825 acie
453 1785 671 1834 intuetur,
699 1799 792 1826 non
824 1791 980 1839 potest
1009 1786 1121 1834 inde,
1147 1787 1388 1836 deducere,
1422 1787 1544 1840 quod
1575 1787 1823 1828 sivamator

323 1848 382 1888 ab
407 1848 560 1888 anima
586 1850 665 1889 seu
692 1849 750 1888 ab
775 1849 946 1889 intimis
973 1855 1243 1891 constanter
1269 1850 1469 1903 persistit
1500 1851 1545 1890 in
1577 1863 1733 1890 amore
1763 1849 1822 1890 ad

321 1911 463 1961 illam,
491 1918 849 1965 consequeretur
874 1920 1088 1954 aeternas
1113 1913 1216 1954 illas
1243 1914 1566 1962 beatitudines,
1594 1926 1705 1966 quas
1736 1913 1822 1954 sibi

321 1981 431 2016 ante
449 1988 723 2016 consensum
742 1976 1008 2029 spopondit,
1029 1983 1075 2017 et
1098 1977 1143 2017 in
1162 1990 1387 2017 consensu
1404 1976 1633 2030 spondet?
1684 1975 1821 2029 Quod

322 2039 464 2080 etiam
501 2045 811 2092 consequatur
841 2039 958 2089 illas,
986 2040 1023 2080 si
1060 2040 1198 2081 adeat
1236 2039 1499 2089 Dominum,
1532 2046 1579 2081 et
1616 2039 1674 2080 ab
1711 2040 1821 2093 Ipso

320 2102 449 2143 vivat
480 2114 634 2143 veram
662 2102 949 2155 religionem,
978 2116 1113 2156 supra
1144 2108 1379 2144 ostensum
1411 2110 1497 2144 est.
1560 2102 1673 2156 Quis
1705 2103 1820 2144 alius

321 2180 349 2208 a
379 2166 598 2220 superiori
629 2166 771 2207 intrat
802 2166 946 2207 vitam
978 2166 1189 2215 hominis,
1223 2172 1269 2207 et
1301 2167 1468 2219 gaudia
1499 2167 1720 2208 caelestia
1750 2168 1820 2208 in·

321 2236 454 2272 terna
479 2230 610 2279 indit,
640 2235 686 2270 et
712 2229 756 2270 in
784 2231 1115 2284 consequentia
1140 2230 1383 2281 transfert;
1417 2237 1464 2271 et
1490 2244 1545 2271 eo
1572 2230 1686 2284 plus,
1713 2231 1821 2272 dum

322 2295 462 2336 etiam
486 2293 619 2334 simul
642 2299 935 2334 constantem
958 2294 1176 2335 virtutem
1194 2293 1370 2334 donat?
1404 2293 1540 2347 Quod
1564 2294 1670 2335 talis
1691 2306 1821 2335 amor

323 2371 414 2399 non
446 2357 594 2406 detur,
623 2370 706 2398 nec
739 2356 919 2406 dabilis,
954 2357 1060 2410 quia
1090 2370 1182 2398 non
1214 2358 1332 2410 apud
1364 2371 1428 2407 se,
1461 2371 1514 2399 ac
1547 2357 1667 2411 apud
1699 2357 1819 2398 hunc

321 2428 369 2463 et
395 2422 524 2463 illum
550 2427 636 2469 est,
665 2435 756 2462 non
784 2421 910 2462 valet
936 2422 1279 2475 consequentia.

405 2495 539 2538 334.
582 2484 811 2537 Quoniam
843 2498 971 2525 amor
1000 2498 1108 2525 vere
1139 2483 1409 2537 conjugialis
1436 2484 1672 2538 conjungit
1705 2484 1818 2525 duo-

320 2561 418 2589 rum
445 2549 619 2589 animas
645 2554 693 2589 et
725 2548 879 2597 corda,
907 2548 1010 2589 ideo
1036 2549 1177 2589 etiam
1203 2549 1357 2589 unitus
1384 2554 1456 2589 est
1489 2562 1590 2589 cum
1617 2548 1821 2589 amicitia

320 2618 367 2653 et
386 2625 465 2666 per
482 2611 600 2652 hanc
620 2625 722 2653 cum
742 2611 1034 2660 confidentia,
1052 2618 1099 2652 et
1114 2611 1224 2652 facit
1242 2618 1480 2665 utramque
1495 2611 1814 2664 conjugialem,

319 2689 434 2729 quae
460 2675 526 2716 ita
552 2675 756 2715 eminent
784 2689 919 2728 supra
945 2675 1169 2716 amicitias
1201 2681 1248 2715 et
1281 2674 1585 2715 confidentias
1611 2674 1738 2723 alias,
1766 2679 1817 2715 ut

319 2741 437 2780 sicut
463 2752 592 2780 amor
617 2745 688 2779 est
714 2752 842 2780 amor
867 2751 1086 2787 amorum,
1114 2738 1180 2779 ita
1211 2752 1390 2792 quoque
1417 2738 1496 2779 illa
1521 2738 1720 2779 amicitia
1745 2743 1817 2779 est

318 2803 520 2843 amicitia
560 2803 879 2852 amicitiarum,
912 2802 1122 2844 similiter
1157 2801 1465 2853 confidentia;
1512 2802 1633 2856 quod
1674 2801 1815 2842 etiam

319 2866 544 2918 potentia,
578 2872 685 2907 sunt
722 2866 873 2919 plures
905 2879 1085 2915 causae,
1118 2879 1306 2919 quarum
1340 2865 1519 2919 aliquae
1559 2866 1604 2906 in
1645 2863 1814 2906 Altero

319 2928 608 2970 Memorabili
635 2936 740 2982 post
767 2929 854 2970 hoc
882 2936 1020 2984 caput
1046 2929 1323 2977 revelantur,
1348 2943 1408 2969 ex
1435 2942 1523 2982 qua
1548 2940 1813 2981 persevera-

317 2993 381 3033 tio
407 2993 573 3034 amoris
599 2993 717 3034 illius
744 2994 959 3048 sequitur.
1022 2992 1157 3047 Quod
1190 3006 1269 3046 per
1294 3005 1497 3033 amorem
1524 3005 1630 3033 vere
1655 2989 1811 3044 conju-
