2014 3386
360 354 445 396 354
810 350 1139 385 VOLUPTATES
1170 351 1416 384 INSANIAE

428 465 479 501 Et
498 465 641 500 iterum
661 464 954 512 quaesiverunt,
974 469 995 484 ‘¹
1010 464 1155 512 Qualia
1171 470 1265 500 sunt
1281 465 1458 511 jucunda
1480 464 1545 500 illa
1555 463 1596 500 ?”

427 518 636 559 Dicebant,
655 518 764 565 quod
784 519 1010 554 sentiantur
1029 519 1079 553 ab
1099 517 1187 553 aliis
1207 518 1312 555 sicut
1343 518 1491 554 fetores
1533 528 1582 553 ex
1604 516 1856 558 stercoribus,

354 577 396 607 et
413 571 517 607 sicut
534 578 700 617 putores
717 582 767 607 ex
784 572 1057 612 cadaveribus,
1076 578 1117 606 et
1135 571 1238 607 sicut
1255 571 1418 607 nidores
1434 581 1485 607 ex
1501 570 1627 606 urinis
1644 570 1856 618 stagnatis.

428 624 478 660 Et
495 624 792 671 quaesiverunt,
808 630 828 643 ‘⁴
841 624 944 660 Sunt
963 625 1029 660 illa
1045 624 1159 660 vobis
1172 625 1350 671 jucunda
1359 624 1400 661 ?''

429 677 638 718 Dicebant,
653 682 673 696 “
687 677 792 713 Sunt
804 676 1128 723 jucundissima.”

428 730 478 766 Et
496 730 693 772 dixerunt,
712 731 855 766 “Tunc
873 730 969 766 estis
987 730 1090 765 sicut
1109 729 1339 766 immundae
1355 730 1509 766 bestiae
1526 740 1629 777 quae
1650 729 1691 765 in
1710 730 1855 766 talibus

356 783 546 831 degunt.''

429 837 479 872 Et
497 836 801 883 responderunt,
820 840 840 854 ‘⁸
854 835 895 872 Si
913 835 1036 872 simus
1051 846 1200 877 sumus,
1216 835 1288 872 sed
1305 835 1402 871 talia
1415 842 1509 872 sunt
1523 835 1690 872 deliciae
1702 835 1854 871 narium

355 889 621 926 nostrarum.”

428 943 479 978 Et
495 942 791 989 quaesiverunt,
810 946 831 961 ‘¹
844 941 953 989 Quid
973 941 1087 987 plura
1099 940 1141 977 ?'’

429 996 638 1037 Dicebant,
657 996 765 1042 quod
784 995 909 1031 cuivis
930 995 1049 1030 liceat
1070 994 1110 1029 in
1133 1005 1207 1030 suo
1226 994 1405 1040 jucundo
1426 1005 1525 1034 esse,
1543 995 1664 1030 etiam
1683 994 1855 1030 immun-

356 1049 522 1085 dissimo
542 1055 588 1084 ut
614 1049 711 1084 illud
732 1055 890 1089 vocant,
913 1048 1035 1083 modo
1057 1058 1137 1083 non
1160 1047 1322 1083 infestet
1343 1048 1472 1083 bonos
1493 1047 1656 1093 spiritus
1676 1055 1717 1084 et
1737 1058 1855 1094 ange—

355 1103 436 1144 los:
469 1103 571 1138 “sed
593 1102 687 1149 quia
711 1113 760 1138 ex
784 1102 964 1148 jucundo
984 1107 1123 1136 nostro
1149 1111 1229 1136 non
1256 1100 1371 1136 aliter
1388 1100 1603 1146 potuimus,
1621 1111 1740 1147 quam
1768 1100 1855 1137 illos

355 1156 553 1197 infestare,
568 1154 740 1202 conjecti
758 1166 896 1194 sumus
916 1154 955 1189 in
973 1154 1184 1200 ergastula,
1204 1154 1271 1188 ubi
1291 1154 1466 1199 patimur
1480 1154 1587 1189 dira:
1613 1153 1798 1190 inhibitio
1816 1161 1854 1189 et

355 1208 544 1245 retractio
576 1209 844 1255 jucundorum
876 1215 1103 1243 nostrorum
1135 1207 1200 1248 ibi,
1231 1213 1292 1242 est
1321 1207 1429 1253 quod
1459 1213 1628 1243 vocatur
1654 1207 1853 1243 cruciatus

357 1262 521 1304 inferni3
548 1269 610 1298 est
628 1273 789 1308 quoque
808 1262 974 1297 interior
991 1261 1141 1297 dolor.''

428 1316 541 1351 Tunc
558 1316 851 1362 quaesiverunt,
872 1320 892 1334 ‘¹
903 1314 985 1351 Cur
1003 1314 1263 1350 infestavistis
1280 1315 1409 1350 bonos
1422 1312 1462 1350 ?”

428 1368 635 1409 Dicebant,
650 1369 757 1415 quod
777 1379 856 1404 non
876 1368 1078 1414 potuerint
1092 1368 1227 1409 aliter;
1253 1374 1314 1403 est
1332 1367 1434 1402 sicut
1452 1366 1563 1402 furor
1576 1366 1749 1407 invadat,
1763 1376 1854 1402 cum

353 1422 495 1458 vident
520 1422 691 1468 aliquem
725 1422 923 1468 angelum,
950 1428 991 1457 et
1024 1421 1205 1457 sentiunt
1237 1420 1446 1467 sphaeram
1482 1419 1668 1455 Divinam
1701 1419 1852 1455 circum

358 1476 480 1511 illum.

427 1528 543 1564 Tunc
561 1528 760 1569 dixerunt,
779 1532 800 1546 ‘⁶
812 1527 877 1564 Sic
896 1527 992 1563 estis
1010 1527 1131 1563 etiam
1150 1526 1257 1562 sicut
1270 1525 1414 1562 ferae.'’

426 1582 476 1617 Et
495 1592 588 1617 mox
606 1592 697 1617 cum
714 1581 903 1616 viderunt
920 1580 1118 1616 novitium
1133 1579 1316 1625 spiritum
1334 1590 1426 1614 cum
1444 1578 1606 1625 angelis,
1621 1577 1852 1624 supervenit

354 1635 536 1671 diabolos
550 1634 667 1674 furor,
682 1634 750 1681 qui
764 1634 948 1680 apparuit
962 1633 1067 1669 sicut
1081 1633 1184 1679 ignis
1198 1632 1281 1668 odii
1295 1644 1303 1674 ;
1329 1643 1450 1678 quare
1464 1643 1513 1668 ne
1532 1632 1722 1667 damnum
1737 1630 1854 1667 infer·

354 1695 454 1729 rent,
475 1688 514 1723 in
534 1687 732 1723 infernum
752 1685 888 1733 rejecti
906 1693 1011 1722 sunt.

427 1741 525 1777 Post
543 1741 643 1776 haec
660 1741 907 1787 apparebant
924 1739 1065 1786 angeli,
1083 1739 1152 1785 qui
1170 1749 1220 1774 ex
1236 1738 1383 1774 finibus
1399 1737 1540 1773 vident
1557 1747 1707 1778 causas,
1725 1742 1766 1772 et
1784 1747 1854 1783 per

354 1805 493 1830 causas
513 1792 690 1834 effecius,
708 1793 777 1839 qui
803 1793 843 1828 in
869 1793 980 1828 caelo
1001 1803 1121 1838 supra
1137 1799 1219 1828 tres
1241 1792 1329 1827 illos
1350 1797 1488 1827 coetus
1506 1796 1629 1830 erant,
1648 1796 1689 1826 et
1715 1789 1756 1824 hi
1779 1789 1852 1825 visi

353 1854 447 1883 sunt
474 1847 513 1882 in
535 1847 706 1882 candida
726 1847 825 1887 luce,
838 1857 940 1892 quae
962 1857 1032 1892 per
1051 1845 1218 1891 spitales
1238 1845 1367 1880 flexus
1389 1855 1431 1880 se
1452 1844 1694 1879 devolvens:
1718 1852 1851 1878 secum

354 1900 447 1936 tulit
465 1901 681 1936 rotundum
699 1906 850 1935 sertum
869 1910 918 1935 ex
935 1899 1110 1939 floribus,
1129 1905 1170 1933 et
1188 1898 1323 1944 posuit
1339 1907 1459 1943 super
1475 1903 1595 1942 caput
1613 1895 1755 1931 novitii
1773 1895 1853 1940 spi—

355 1954 454 1989 ritus
468 1981 476 1994 .
502 1960 542 1989 et
562 1960 660 1989 tunc
680 1954 730 1988 ad
758 1953 870 1988 illum
892 1951 998 1988 facta
1018 1958 1080 1988 est
1100 1962 1180 1987 vox
1202 1951 1306 1992 inde,
1325 1950 1470 1985 “Haec
1490 1949 1563 1984 tibi
1585 1949 1718 1984 laurea
1735 1948 1853 1984 datur

355 2013 519 2054 propter
535 2018 707 2048 causam,
726 2006 821 2053 quia
836 2017 860 2042 a
877 2005 1047 2052 pueritia
1064 2005 1281 2040 meditatus
1298 2014 1341 2040 es
1359 2004 1409 2039 de
1426 2002 1537 2038 caelo
1555 2009 1595 2038 et
1613 2001 1805 2038 inferno-’¹

1050 2312 1195 2368 [ΧΧ.]

812 2471 819 2477 .
857 2437 933 2479 DE
965 2434 1350 2479 CONcumNATU.
1395 2477 1397 2481 ,

440 2563 574 2619 462.
614 2563 667 2604 In
690 2560 996 2617 praecedente
1013 2558 1181 2613 capite,
1200 2557 1274 2600 ubi
1297 2557 1353 2599 de
1374 2555 1687 2606 fornicatione,
1711 2554 1851 2597 etiam

357 2628 415 2670 de
455 2627 675 2682 pellicatu
707 2624 858 2667 actum
890 2630 975 2672 est,
1008 2629 1055 2664 et
1097 2636 1177 2676 per
1212 2621 1331 2662 hunc
1363 2619 1599 2662 intellecta
1629 2625 1701 2661 est
1739 2631 1850 2660 con-

354 2690 527 2746 junctio
552 2690 635 2731 viri
661 2689 849 2731 caelibis
876 2685 1010 2742 pacta
1035 2699 1137 2727 cum
1164 2685 1357 2735 femina;
1391 2698 1471 2739 per
1496 2683 1849 2725 concubinatum

358 2761 514 2796 autem
557 2753 630 2795 hic
676 2752 951 2805 intelligitur
987 2747 1246 2802 conjunffio
1295 2748 1377 2789 viri
1421 2747 1606 2788 uxorati
1646 2745 1852 2787 similiter

360 2816 494 2872 pacta
515 2829 619 2859 cum
645 2815 825 2857 femina.
886 2813 959 2855 Illi
991 2812 1064 2867 qui
1097 2824 1188 2852 non
1215 2811 1500 2864 distinguunt
1528 2822 1712 2863 genera,
1739 2809 1851 2850 dua-

358 2883 440 2923 bus
471 2881 560 2922 illis
586 2879 791 2927 vocibus,
824 2883 1040 2932 tanquam
1066 2875 1194 2916 unius
1219 2872 1480 2916 intellectus
1506 2879 1553 2914 et
1580 2872 1685 2913 inde
1711 2871 1851 2925 signi-

360 2944 599 2994 ficationis,
633 2942 887 2996 promiscue
913 2942 1136 2988 'utuntur;
1182 2937 1263 2978 sed
1302 2937 1515 2991 quoniam
1555 2935 1645 2976 duo
1682 2947 1852 2988 genera

360 3014 481 3058 sunt,
514 3012 562 3048 et
598 3019 692 3047 vox
732 3003 975 3059 pellicatus
1007 3000 1223 3043 convenit
1268 2999 1418 3053 priori,
1453 2998 1556 3052 quia
1587 2997 1742 3052 pellex
1779 3001 1850 3038 est
