2014 3386
290 336 370 379 168
746 346 989 380 DELICIAE
1020 346 1324 379 SAPIENTIAE

353 461 418 498 Ad
436 460 534 498 haec
551 466 632 498 tres
648 461 825 498 advenae
843 461 987 498 blande
1003 460 1178 497 ridentes
1192 461 1389 502 dixerunt,
1404 461 1513 508 quod
1531 460 1680 509 aliquid
1698 461 1777 498 tale

281 514 586 550 autumaverint.
1724 546 1727 547 ⁷

355 567 405 603 Et
418 574 514 603 tunc
528 578 759 613 responsum
774 573 835 603 est
850 566 935 607 illis,
952 571 972 585 ‘⁴
983 565 1089 614 Quid
1108 567 1261 613 gaudia,
1276 573 1317 602 et
1335 567 1511 607 deliciae,
1525 573 1566 602 et
1585 567 1678 603 inde
1691 567 1777 603 feli-

281 619 391 660 citas,
408 630 619 655 commune
640 620 789 655 habent
808 630 899 655 cum
920 619 1034 655 otio?
1087 619 1145 654 Ex
1165 619 1249 655 otio
1270 620 1479 655 collabitur
1497 631 1609 656 mens
1629 626 1671 655 et
1696 631 1776 656 non

279 672 527 718 expanditur,
542 683 611 707 seu
630 671 890 707 mortificatur
902 672 1024 707 homo
1042 678 1083 707 et
1101 683 1181 707 non
1194 671 1428 708 vivificatur.
1480 673 1590 708 Pone
1604 672 1776 719 aliquem

280 725 486 760 sedentem
506 724 545 759 in
561 725 679 770 pleno
693 724 788 764 otio,
803 724 977 760 remissis
991 724 1182 764 manibus,
1199 723 1365 770 dejectis
1381 731 1450 760 aut
1463 724 1668 760 subductis
1681 735 1776 761 ocu—

279 777 339 818 lis,
358 784 398 812 et
411 788 515 823 pone
533 784 578 812 ut
596 777 660 812 ille
678 777 795 812 simul
814 776 1154 813 circumfundatur
1170 788 1264 812 aura
1281 777 1463 824 laetitiae,
1482 788 1630 813 numne
1647 785 1776 814 veter-

280 841 356 865 nus
385 836 598 875 occuparet
626 836 667 865 et
696 836 816 875 caput
844 836 886 865 et
915 840 1059 875 corpus
1088 830 1184 875 ejus,
1210 840 1256 865 ac
1284 830 1415 865 vitalis
1443 830 1632 876 expansio
1662 829 1774 866 faciei

281 882 520 922 concideret,
540 889 581 918 et
605 883 768 918 tandem
795 882 861 917 ille
887 882 1071 917 relaxatis
1089 882 1196 917 fibris
1214 889 1373 918 nutaret
1396 890 1438 918 et
1463 890 1631 923 nutaret,
1649 894 1775 928 usque

279 935 375 970 dum
389 936 548 970 caderet
562 935 601 970 in
616 934 789 971 terram?
840 933 947 982 Quid
966 934 1005 970 in
1020 935 1259 980 expansione
1273 941 1314 970 et
1331 935 1511 971 tensione
1525 943 1637 972 tenet
1649 936 1775 971 totius

281 988 462 1034 corporis
479 994 660 1034 systema,
680 999 798 1034 quam
817 987 989 1023 intensio
1006 987 1154 1023 animi?
1180 993 1221 1023 et
1238 987 1344 1023 unde
1363 988 1535 1024 intensio
1548 988 1680 1029 animi,
1697 988 1772 1024 nisi

281 1051 332 1076 ex
356 1040 689 1076 administraturis
708 1047 749 1076 et
769 1040 911 1086 operis,
933 1040 1028 1075 dum
1050 1040 1151 1075 fiunt
1170 1051 1220 1076 ex
1239 1040 1443 1086 jucundo?
1493 1040 1623 1088 Quare
1644 1041 1773 1077 dicam

279 1093 394 1129 vobis
411 1104 559 1128 novum
577 1104 599 1129 e
617 1093 737 1134 caelo,
753 1093 860 1139 quod
880 1093 933 1128 ibi
952 1093 1030 1128 sint
1043 1093 1415 1134 administrationes,
1431 1093 1657 1135 ministeria,
1670 1094 1776 1141 judi-

281 1146 343 1182 cia
360 1147 511 1192 majora
527 1152 568 1181 et
586 1146 748 1186 minora,
770 1152 855 1181 tum
875 1145 1042 1181 artificia
1058 1153 1099 1181 et
1116 1146 1294 1192 operae.''

352 1199 450 1234 Tres
467 1199 654 1239 advenae,
665 1210 754 1234 cum
774 1198 1014 1233 audiverunt
1028 1199 1135 1244 quod
1151 1198 1190 1234 in
1205 1199 1315 1234 caelo
1326 1205 1458 1234 essent
1467 1198 1616 1245 judicia
1627 1199 1777 1246 majora

279 1258 321 1287 et
339 1251 501 1292 minora,
520 1251 716 1291 dicebant,
737 1256 758 1270 “
771 1251 851 1287 Cur
868 1250 961 1287 illa?
986 1262 1118 1287 annon
1137 1262 1276 1287 omnes
1294 1252 1333 1286 in
1351 1252 1461 1287 caelo
1479 1251 1720 1298 inspirantur
1735 1259 1776 1288 et

280 1304 481 1340 ducun'tur
505 1315 529 1340 a
555 1303 652 1345 Deo,
670 1311 713 1340 et
737 1302 830 1340 inde
847 1303 978 1340 sciunt
995 1303 1091 1351 quid
1108 1304 1259 1351 justum
1284 1310 1326 1340 et
1350 1303 1529 1340 rectum?
1558 1304 1655 1351 quid
1680 1311 1776 1341 tunc

280 1367 381 1404 opus
398 1357 598 1403 judicibus
609 1356 649 1392 ?''
1774 1399 1776 1401 ¹

354 1410 404 1445 Et
422 1409 628 1455 respondit
644 1409 705 1444 vir
723 1408 974 1455 majorennis,
993 1414 1014 1428 “
1026 1408 1168 1444 Inhoe
1185 1409 1336 1445 mundo
1351 1409 1582 1445 instruimur
1598 1416 1639 1445 et
1659 1410 1777 1446 disci-

282 1474 371 1498 mus
386 1462 482 1508 quid
501 1463 650 1497 bonum
669 1469 710 1497 et
726 1473 878 1502 verum,
893 1468 979 1497 tum
997 1462 1093 1508 quid
1109 1462 1261 1508 justum
1279 1469 1320 1498 et
1336 1473 1518 1508 aequum,
1533 1462 1716 1498 similiter
1732 1470 1776 1499 ut

283 1515 323 1550 in
338 1516 489 1550 mundo
503 1515 671 1550 naturali
685 1526 692 1555 ;
714 1521 755 1550 et
768 1515 866 1550 haec
879 1514 1068 1550 discimus
1082 1525 1161 1550 non
1177 1515 1404 1550 immediate
1417 1526 1442 1550 a
1455 1515 1552 1555 Deo,
1567 1515 1636 1551 sed
1652 1515 1777 1551 medi·

280 1575 345 1603 ate
364 1579 433 1614 per
449 1568 564 1609 alios;
591 1574 632 1603 et
649 1567 779 1603 omnis
796 1568 970 1614 angelus,
985 1567 1089 1605 sicut
1106 1567 1236 1614 omnis
1253 1568 1386 1608 homo,
1405 1567 1554 1614 cogitat
1572 1579 1722 1608 verum,
1735 1575 1777 1604 et

281 1620 377 1656 facit
394 1621 542 1656 bonum
562 1620 665 1655 sicut
688 1631 713 1656 a
736 1631 789 1661 se,
808 1627 849 1656 et
870 1620 947 1656 hoc
964 1621 1182 1655 secundum
1201 1626 1348 1655 statum
1366 1620 1494 1667 angeli
1515 1627 1576 1656 est
1594 1620 1774 1661 mixtum.

281 1680 323 1708 et
343 1684 422 1709 non
446 1684 610 1719 purum;
636 1679 677 1708 et
697 1683 855 1719 quoque
878 1673 981 1708 inter
999 1673 1162 1719 angelos
1182 1673 1326 1708 dantur
1343 1673 1541 1719 simplices
1561 1679 1602 1709 et
1622 1673 1777 1719 sapien*-

280 1732 351 1767 tes,
367 1733 407 1761 et
425 1726 623 1772 sapientes
635 1726 881 1772 judicabunt,
897 1726 991 1760 dum
1006 1725 1204 1772 simplices
1217 1737 1267 1761 ex
1279 1725 1531 1772 simplicitate
1545 1732 1586 1761 et
1602 1737 1652 1761 ex
1665 1726 1777 1772 igno—

282 1779 409 1814 rantia
421 1778 629 1825 ambigunt
647 1779 696 1813 de
713 1779 831 1824 justo,
847 1785 916 1813 aut
933 1779 1081 1813 abeunt
1097 1779 1147 1813 ab
1165 1778 1243 1814 illo,
1293 1778 1372 1814 Sed
1390 1789 1472 1818 vos,
1487 1778 1580 1824 quia
1597 1785 1776 1814 recentes

280 1831 412 1866 adhuc
433 1831 472 1866 in
495 1831 572 1867 hoc
593 1832 744 1866 mundo
761 1831 867 1871 estis,
885 1830 918 1866 si
939 1831 991 1866 sit
1012 1830 1248 1876 beneplaciti
1266 1830 1398 1871 vestri,
1417 1830 1627 1877 sequimini
1649 1841 1712 1869 me
1734 1830 1774 1866 in

281 1885 418 1918 urbem
437 1890 626 1924 nostram,
645 1890 687 1919 et
704 1883 1013 1919 monstrabimus
1029 1883 1198 1919 omnia.”

354 1936 405 1971 Et
421 1936 631 1972 exiverunt
644 1936 855 1976 auditorio,
871 1942 911 1971 et
924 1935 1044 1981 aliqui
1058 1947 1108 1971 ex
1125 1935 1345 1971 senioribus
1358 1935 1477 1971 etiam
1494 1935 1582 1971 illos
1595 1936 1778 1982 comitati,

281 1995 394 2030 sunt;
420 1995 461 2024 et
479 1989 650 2035 primum
669 1988 709 2023 in
727 1988 1009 2024 bibliothecam
1029 1999 1222 2034 magnam,
1238 1999 1338 2034 quae
1357 1989 1575 2023 secundum
1590 1988 1776 2024 scientias

281 2040 469 2077 distinRa
489 2048 573 2076 erat
594 2041 633 2076 in
654 2041 812 2077 libraria
833 2041 996 2076 minora.
1049 2041 1147 2076 Tres
1169 2040 1224 2075 illi
1245 2041 1433 2081 advenae,
1454 2041 1549 2076 visis
1569 2047 1632 2076 tot
1652 2041 1773 2082 libris,

280 2093 544 2140 obstupefacti
559 2100 661 2134 sunt,
677 2100 718 2129 et
731 2094 926 2134 dixerunt,
943 2099 962 2112 “
976 2093 1078 2129 Sunt
1091 2095 1210 2129 etiam
1226 2093 1264 2128 in
1279 2094 1356 2129 hoc
1370 2094 1521 2130 mundo
1533 2093 1642 2136 librij
1667 2095 1774 2131 unde

281 2149 531 2184 membranae
549 2154 590 2182 et
607 2147 776 2188 chartae,
794 2147 899 2183 unde
916 2147 1056 2183 calami
1075 2154 1115 2182 et
1132 2154 1395 2183 atramentum
1406 2148 1446 2183 ?''

353 2200 419 2236 Ad
453 2200 550 2235 haec
576 2200 762 2235 dixerunt
790 2200 975 2241 seniores,
1003 2205 1022 2218 ‘⁴
1036 2200 1279 2246 Percipimus
1312 2201 1419 2246 quod
1454 2200 1701 2237 credideritis
1735 2201 1774 2237 in

283 2253 433 2289 mundo
453 2252 573 2298 priori
591 2253 699 2299 quod
722 2252 786 2288 hic
804 2253 976 2288 mundus
993 2263 1141 2288 vacuus
1158 2253 1219 2293 sit,
1238 2253 1331 2299 quia
1347 2253 1580 2299 spiritualis:
1607 2261 1648 2290 et
1665 2255 1774 2300 quod

282 2306 359 2341 hoc
384 2305 642 2346 credideritis,
663 2311 724 2341 est
748 2305 841 2352 quia
861 2305 989 2341 ideam
1016 2306 1065 2341 de
1090 2305 1283 2351 spirituali
1310 2305 1464 2342 fovistis
1490 2306 1727 2342 abstractam
1752 2317 1776 2343 a

282 2351 475 2392 materiali
491 2369 499 2398 ;
525 2364 566 2392 et
582 2356 823 2392 abstractum
842 2368 865 2392 a
883 2357 1074 2392 materiali
1088 2357 1271 2403 apparuit
1283 2358 1397 2393 vobis
1414 2358 1516 2393 sicut
1530 2358 1708 2399 nihilum,
1721 2358 1777 2398 ita

281 2410 386 2446 sicut
398 2421 567 2445 vacuum
582 2422 589 2451 ;
610 2421 700 2445 cum
715 2416 849 2445 tamen
864 2409 929 2444 hic
942 2416 1002 2445 est
1016 2410 1223 2456 plenitudo
1237 2410 1436 2445 omnium:
1457 2417 1549 2446 sunt
1563 2410 1627 2446 hic
1642 2411 1776 2446 omnia

280 2463 553 2499 substantialia
575 2469 616 2497 et
636 2473 716 2497 non
739 2462 965 2502 materialia,
984 2469 1024 2498 et
1045 2462 1261 2497 materialia
1281 2473 1391 2498 suam
1410 2463 1603 2509 originem
1623 2464 1774 2498 ducunt

282 2525 332 2550 ex
357 2515 702 2556 substantialibus;
736 2526 810 2550 nos
834 2515 901 2561 qui
929 2515 993 2550 hic
1018 2526 1166 2555 sumus,
1189 2515 1371 2550 homines
1391 2516 1615 2561 spirituales
1639 2526 1775 2551 sumus

284 2567 380 2614 quia
406 2568 695 2608 substantiales,
724 2574 765 2603 et
794 2579 875 2603 non
906 2568 1148 2608 materiales:
1188 2568 1279 2603 inde
1306 2575 1377 2608 est,
1403 2569 1510 2614 quod
1539 2568 1604 2604 hic
1629 2569 1776 2603 dentur

285 2620 420 2656 omnia
446 2631 547 2666 quae
576 2620 614 2655 in
642 2621 792 2656 mundo
818 2620 996 2662 naturali,
1025 2620 1063 2655 in
1091 2631 1164 2656 sua
1191 2619 1444 2666 perfectione,
1470 2621 1590 2656 etiam
1617 2620 1707 2656 libri
1733 2627 1774 2656 et

283 2667 511 2718 Scripturae,
530 2679 571 2708 et
590 2674 718 2708 multo
737 2673 882 2719 plura.’'

354 2725 452 2760 Tres
477 2725 654 2760 advenae
679 2736 769 2760 cum
795 2726 1034 2761 audiverunt
1059 2725 1253 2760 nominari
1273 2726 1558 2766 substantialia,
1575 2725 1774 2772 cogitave-

284 2784 378 2813 runt
395 2778 502 2824 quod
521 2777 577 2814 ita
593 2778 654 2818 sit,
673 2785 754 2813 tam
773 2778 868 2824 quia
883 2778 1070 2813 viderunt
1087 2778 1208 2813 libros
1226 2778 1404 2823 scriptos,
1418 2789 1535 2824 quam
1553 2778 1646 2824 quia
1661 2778 1774 2813 audi-

283 2837 427 2865 verunt
453 2829 605 2865 dictum
636 2831 744 2876 quod
770 2831 960 2866 materiae
985 2830 1194 2877 originitus
1221 2830 1300 2865 sint
1337 2842 1386 2865 ex
1422 2830 1666 2866 substantiis.
1717 2829 1773 2866 Ut

283 2883 414 2919 adhuc
432 2883 482 2918 de
504 2883 565 2918 his
579 2883 917 2924 confirmarentur,
932 2883 1052 2919 delati
1071 2889 1164 2918 sunt
1184 2883 1234 2918 ad
1253 2883 1452 2918 domicilia
1466 2883 1691 2923 scribarum,
1705 2883 1772 2928 qui

284 2935 558 2971 exscribebant
579 2936 818 2981 exemplaria
838 2947 861 2971 a
881 2936 1124 2982 sapientibus
1144 2935 1251 2970 urbis
1271 2936 1505 2981 conscripta,
1524 2942 1565 2970 et
1591 2935 1773 2980 inspicie-

284 2988 380 3023 bant
405 2988 628 3036 scripturas,
650 2995 691 3024 et
717 2988 846 3024 mirati
872 2996 964 3024 sunt
984 2989 1091 3036 quod
1117 2994 1199 3024 tam
1226 2988 1376 3024 nitidae
1397 2995 1438 3024 et
1463 2988 1609 3035 politae
1627 2994 1772 3025 essent.
