2014 3386
507 335 574 367 DE
600 333 779 367 AMORE
810 332 1290 366 SCORTATOR10.—N.
1320 332 1413 377 524.
1622 335 1704 377 401

281 449 492 483 “Venturus
517 454 573 480 est
598 448 708 480 Filius
725 448 912 486 hominis„
970 453 1022 481 .et
1045 452 1130 480 tunc
1154 447 1279 479 reddet
1302 447 1493 489 unicuique
1513 448 1709 481 secundum

388 491 485 524 facta
501 491 596 533 ejus*
601 492 767 531 ’(ΜαίίΙι.
784 492 855 523 xvi.
873 490 953 531 27)

281 536 393 569 “Vidi
413 537 522 568 libros
542 542 697 576 apertos,
715 541 751 567 et
769 535 918 576 judicati
938 540 1022 567 sunt
1041 544 1169 567 omnes
1189 534 1386 566 secundum
1406 544 1517 576 opera
1535 510 1678 568 illorum
1690 535 1710 549 '’

280 623 354 656 “In
371 580 567 699 έέἒεὲιέιῗ
571 580 820 707 ¹r‹3;d2de1t3l)eus
833 622 1023 664 unicuique
1037 621 1234 654 secundum
1248 631 1359 663 opera
1371 621 1470 663 ejus'
1474 621 1627 662 ''(Rom.
1617 623 1653 656 1i.
1666 622 1687 655 6
1702 633 1711 663 ;

391 675 410 699 2
455 678 502 699 or.
518 677 552 699 v.
571 675 612 698 10
628 690 636 699 .

214 755 380 811 Opera,
405 755 656 798 secundum
679 770 794 810 quae
819 755 1038 799 reddetur
1058 755 1310 810 unicuique,
1335 762 1442 798 sunt
1467 757 1578 806 vita,
1607 757 1708 811 quia

213 823 310 863 vita
341 821 449 862 facit
480 820 573 869 illa,
601 826 648 861 et
680 820 929 861 secundum
956 820 1099 861 vitam
1126 826 1243 860 sunt.
1305 820 1424 873 Quia
1450 821 1610 862 datum
1637 827 1707 862 est

213 885 322 926 mihi
349 897 428 939 per
453 884 604 938 plures
627 897 772 924 annos
798 897 886 924 una
913 897 1014 925 esse
1039 896 1140 924 cum
1164 883 1356 937 angelis,
1381 898 1433 925 ac
1461 884 1584 938 loqui
1606 898 1708 925 cum

212 948 401 990 advenis
442 961 466 988 e
508 947 692 995 mundo,
726 960 808 999 pro
845 953 975 987 certo
1005 947 1168 987 testari
1200 960 1386 1000 possum
1419 948 1540 1001 quod
1572 961 1708 988 unus-

211 1012 400 1065 quisque
432 1010 700 1063 exploretur
731 1009 791 1050 ibi
823 1009 968 1063 qualis
1006 1010 1046 1050 ei
1086 1010 1183 1051 vita
1219 1010 1313 1059 fuit,
1347 1017 1394 1052 et
1435 1011 1555 1064 quod
1596 1011 1706 1059 vita,

211 1087 346 1128 quam
388 1074 625 1115 contraxit
665 1073 710 1113 in
752 1073 937 1122 mundo,
976 1079 1161 1114 maneat
1201 1072 1328 1113 illum
1369 1074 1414 1113 in
1455 1079 1707 1114 aeternum.

211 1137 416 1179 Locutus
443 1149 541 1177 sum
564 1149 665 1177 cum
691 1135 794 1184 illis,
823 1136 896 1190 qui
919 1142 1027 1177 ante
1054 1136 1237 1177 saecula
1261 1136 1490 1186 vixerunt,
1518 1150 1707 1190 quorum

210 1201 308 1241 vita
338 1214 398 1241 ex
429 1199 659 1240 historicis
691 1199 800 1240 mihi
833 1205 946 1240 nota
976 1199 1072 1248 suit,
1101 1206 1148 1240 et
1181 1201 1380 1253 cognovi
1405 1200 1599 1242 similem
1627 1202 1706 1243 de-

211 1263 473 1317 scriptioni;
521 1268 567 1303 et
608 1262 757 1303 audivi
797 1263 855 1303 ab
886 1262 1077 1316 angelis,
1106 1263 1226 1316 quod
1263 1263 1359 1305 vita
1384 1263 1572 1317 alicujus
1603 1271 1708 1318 post

211 1333 409 1368 mortem
436 1339 527 1366 non
553 1326 699 1379 possit
727 1326 906 1374 mutari,
940 1326 1044 1379 quia
1066 1326 1333 1379 organizata
1359 1333 1431 1368 est
1457 1329 1706 1369 secundum

211 1402 413 1431 amorem
441 1388 535 1442 ejus
562 1395 608 1430 et
635 1389 739 1429 inde
762 1402 927 1442 opera;
960 1395 1006 1429 et
1034 1389 1153 1443 quod
1180 1390 1216 1430 si
1243 1396 1510 1439 mutaretur,
1536 1391 1706 1432 discer-

211 1458 395 1507 peretur
417 1452 717 1505 organizatio,
737 1451 856 1505 quod
884 1464 1105 1505 nusquam
1129 1451 1222 1493 fieri
1248 1459 1432 1506 potest;
1465 1460 1562 1495 tum
1585 1455 1705 1508 quod

212 1516 409 1557 mutatio
441 1515 798 1568 organizationis
829 1515 962 1555 detur
994 1515 1124 1556 unice
1166 1516 1209 1556 in
1242 1529 1432 1569 corpore
1464 1518 1704 1568 materiali,

212 1585 260 1620 et
287 1592 468 1633 prorsus
487 1591 578 1620 non
601 1577 764 1619 dabilis
791 1578 835 1618 in
859 1591 1050 1631 corpore
1069 1579 1306 1632 spirituali,
1327 1585 1566 1634 postquam
1586 1583 1706 1634 prius

212 1640 428 1695 rejectum
451 1647 538 1683 est.
607 1640 815 1690 Tertium,
840 1642 962 1695 quod
989 1641 1111 1682 malo
1134 1648 1241 1683 tunc
1264 1643 1515 1696 imputetur
1537 1645 1706 1687 malum

211 1704 305 1758 ejus
329 1705 467 1754 vitae,
492 1710 539 1746 et
565 1705 686 1758 quod
714 1705 836 1745 bono
862 1705 1113 1758 imputetur
1138 1705 1307 1746 bonum
1330 1706 1437 1760 ejus.
1498 1707 1705 1762 Imputa-

211 1769 278 1810 tio
309 1768 416 1809 mali
448 1781 540 1808 non
571 1774 643 1808 est
675 1769 922 1816 accusatio,
955 1769 1196 1816 incusatio,
1230 1769 1481 1823 inculpatio
1512 1777 1560 1812 et
1587 1771 1705 1824 judi-

212 1832 336 1873 catio
367 1831 484 1872 sicut
515 1832 560 1872 in
593 1831 778 1880 mundo,
812 1831 893 1871 sed
925 1831 1070 1885 ipsum
1103 1832 1271 1873 malum
1303 1832 1390 1874 hoc
1422 1833 1555 1875 facit:
1599 1835 1707 1877 mali

210 1895 331 1937 enim
358 1908 417 1937 ex
441 1908 522 1936 suo
545 1894 688 1935 libero
710 1901 926 1948 separant
953 1909 1001 1936 se
1027 1909 1053 1936 a
1079 1895 1224 1944 bonis,
1249 1897 1462 1949 quoniam
1485 1911 1576 1938 non
1599 1911 1706 1952 pos-

210 1964 317 1999 sunt
343 1957 475 1999 simul
501 1972 628 2009 esse;
657 1957 855 2012 jucunda
881 1959 1048 1999 amoris
1079 1958 1186 1999 mali
1218 1966 1486 2001 aversantur
1505 1958 1707 2012 jucunda

210 2021 377 2062 amoris
399 2021 521 2071 boni,
541 2027 588 2063 et
610 2021 809 2074 jucunda
831 2035 891 2062 ex
914 2023 1166 2076 unoquovis
1189 2022 1428 2073 exhalant,
1453 2024 1568 2066 sicut
1591 2025 1704 2066 odo-

210 2091 311 2127 rata
336 2099 396 2126 ex
427 2086 549 2126 omni
575 2084 826 2139 vegetabili
857 2085 901 2126 in
933 2085 1091 2136 terris;
1134 2099 1224 2127 non
1257 2087 1377 2127 enim
1403 2087 1708 2129 absorbentur

211 2154 259 2191 et
288 2147 582 2190 occultantur
612 2162 638 2189 a
669 2161 860 2202 corpore
887 2148 1114 2190 materiali
1141 2149 1257 2191 sicut
1289 2150 1424 2203 prius,
1452 2151 1533 2191 sed
1566 2151 1705 2193 libere

210 2213 257 2254 in
296 2225 451 2252 auram
489 2211 772 2265 spiritualem
815 2212 1004 2254 effluunt
1042 2227 1101 2254 ex
1138 2210 1366 2254 amoribus
1404 2213 1611 2255 illorum:
1656 2221 1704 2256 et

211 2275 315 2330 quia
341 2275 509 2316 malum
541 2276 600 2316 ibi
631 2276 828 2317 sentitur
853 2276 969 2318 sicut
1000 2276 1044 2317 in
1077 2290 1159 2317 suo
1185 2277 1340 2326 odore,
1368 2283 1439 2318 est
1471 2277 1555 2318 hoc
1583 2279 1705 2331 quod

211 2344 415 2386 accusat,
448 2339 640 2387 incusat,
674 2339 879 2393 inculpat
919 2345 966 2380 et
1002 2338 1190 2392 judicat,
1234 2353 1325 2380 non
1367 2353 1519 2381 coram
1552 2340 1705 2395 aliquo

207 2401 372 2456 judice,
401 2401 481 2442 sed
508 2414 661 2443 coram
687 2403 938 2456 unoquovis
964 2404 1038 2457 qui
1070 2404 1113 2444 in
1146 2403 1269 2444 bono
1301 2409 1397 2455 est;
1441 2410 1488 2445 et
1520 2403 1605 2445 hoc
1633 2411 1705 2446 est

211 2464 333 2518 quod
355 2463 627 2517 intelligitur
648 2479 728 2519 per
750 2466 1113 2520 imputationem.
1175 2466 1430 2515 Praeterea,
1455 2466 1600 2508 malus
1622 2467 1703 2508 eli-

213 2528 280 2581 git
306 2528 471 2576 socios,
497 2541 596 2569 cum
619 2529 779 2582 quibus
802 2530 845 2570 in
868 2543 950 2571 suo
967 2529 1167 2583 jucundo
1189 2530 1341 2580 vivat;
1379 2535 1426 2571 et
1448 2530 1551 2583 quia
1573 2544 1703 2572 aver-

212 2596 340 2632 satur
357 2588 607 2644 jucundum
629 2591 751 2642 boni,
776 2599 942 2646 sponte
964 2607 1012 2634 se
1034 2593 1210 2634 confert
1234 2593 1290 2634 ad
1317 2607 1422 2634 suos
1448 2593 1492 2634 in
1515 2594 1703 2636 inferno.

213 2653 463 2707 Imputatio
495 2653 603 2694 boni
634 2653 683 2696 fit
716 2655 935 2697 similiter.
997 2656 1099 2697 Hoc
1132 2655 1182 2697 fit
1214 2655 1316 2705 illis,
1345 2656 1418 2710 qui
1458 2657 1502 2697 in
1534 2657 1706 2698 mundo

212 2722 502 2770 agnoverunt
533 2717 654 2770 quod
685 2730 821 2760 omne
852 2719 1021 2760 bonum
1054 2719 1097 2760 in
1130 2719 1218 2760 illis
1251 2720 1310 2760 sit
1352 2732 1378 2760 a
1410 2719 1623 2769 Domino,
1657 2727 1704 2762 et

213 2778 325 2820 nihil
346 2792 372 2820 a
395 2793 457 2820 se.
519 2778 580 2820 Hi
606 2786 850 2834 postquam
871 2782 1132 2836 praeparati
1154 2788 1274 2830 sunt,
1299 2782 1546 2824 mittuntur
1570 2783 1614 2824 in
1632 2781 1702 2836 ju·

213 2842 362 2883 cunda
387 2842 603 2883 interiora
628 2842 750 2892 boni,
777 2850 825 2886 et
856 2851 964 2886 tunc
992 2846 1191 2898 aperitur
1216 2845 1306 2886 illis
1336 2846 1409 2886 via
1439 2845 1484 2886 in
1510 2845 1702 2895 caelum,

213 2905 271 2947 ad
302 2906 574 2947 societatem
601 2906 675 2948 ubi
706 2906 800 2961 ejus
819 2906 1020 2962 jucunda
1045 2908 1336 2963 homogenea
1367 2914 1497 2951 sunt:
1532 2908 1618 2950 hoc
1651 2908 1702 2951 fit

214 2981 241 3011 a
266 2968 478 3010 Domino.
