2014 3386
239 300 253 329 1
265 299 286 329 2
698 294 939 328 DELICIAE
971 295 1276 332 SAPIENTIAE

234 403 519 446 ministrorum,
538 412 579 441 et
608 407 837 449 satellitum,
862 415 902 444 et
931 420 980 445 ex
1009 409 1152 445 horum
1175 411 1396 458 magnificis
1422 411 1727 454 investimentis,

232 457 472 493 circumfluit
487 458 575 494 illos
593 459 723 495 honor
739 467 781 496 et
797 461 935 508 gloria.
986 462 1064 498 Sed
1077 464 1251 509 supremi
1270 464 1326 499 illi
1344 471 1437 500 sunt
1451 465 1566 501 elefti
1585 477 1633 502 ex
1652 466 1729 503 illis

232 520 403 556 quorum
421 522 491 547 cor
507 519 568 547 est
586 512 626 547 in
644 513 772 549 salute
790 514 957 560 publica,
970 522 1011 550 et
1028 515 1158 551 solum
1177 527 1317 553 sensus
1330 518 1509 564 corporis
1527 518 1567 553 in
1585 519 1727 564 ampli-

231 563 373 599 tudine
392 565 710 611 magnificentiae
729 574 891 612 propter
907 568 1199 604 obedientiam:
1228 577 1270 605 et
1287 569 1379 616 quia
1396 571 1534 606 salutis
1546 572 1728 617 publicae

232 622 305 658 est,
323 623 368 652 ut
388 617 556 663 quisque
574 618 626 654 sit
643 619 785 665 aliquis
804 631 899 656 usus
918 620 957 655 in
976 621 1179 662 societate,
1198 629 1243 657 ut
1265 622 1304 657 in
1325 624 1529 659 communi
1547 635 1725 670 corpore,

231 675 273 704 et
293 670 386 715 quia
406 671 538 706 omnis
556 682 651 707 usus
668 679 730 707 est
749 683 773 707 a
794 672 981 714 Domino,
1000 680 1041 709 et
1062 674 1106 709 fit
1125 685 1195 720 per
1210 675 1374 722 angelos
1394 682 1435 711 et
1456 687 1526 722 per
1542 677 1726 713 homines

230 722 335 757 sicut
352 723 401 757 ab
422 722 510 764 illis,
529 731 639 770 patet
656 725 764 770 quod
782 725 860 760 hoc
880 726 933 761 sit
950 737 1114 773 regnare
1131 738 1222 762 cum
1243 727 1454 765 Domino.''

304 775 378 811 His
396 776 544 812 auditis
561 788 583 812 e
601 778 722 818 caelo,
742 779 944 824 personati
963 779 1019 814 illi
1038 791 1150 826 reges
1163 787 1204 816 et
1222 781 1419 828 principes
1433 782 1726 818 descenderunt

230 837 252 862 e
277 827 435 864 thronis
461 836 502 864 et
538 830 660 871 soliis,
686 837 727 866 et
752 832 984 877 abjecerunt
1009 839 1175 878 sceptra,
1202 844 1383 875 coronas,
1409 841 1450 870 et
1474 835 1728 882 chlamydesr,

230 886 270 915 et
291 881 454 916 recessit
473 883 523 917 ab
542 882 619 918 illis
640 883 810 924 nimbus,
830 884 869 919 in
890 895 971 931 quo
992 884 1068 920 fuit
1085 896 1182 921 aura
1199 886 1444 932 phantasiae,
1462 894 1503 923 et
1523 888 1726 924 obvelavit

231 932 320 969 illos
339 935 463 970 nubes
477 936 658 977 candida,
674 936 712 971 in
732 948 810 983 qua
827 944 912 973 erat
929 949 1025 973 aura
1042 938 1273 984 sapientiae,
1287 950 1337 975 ex
1354 951 1433 986 qua
1443 940 1561 976 rediit
1573 941 1724 977 sanitas

231 987 431 1023 mentibus
451 987 621 1024 illorum.

302 1041 351 1078 8.
387 1040 485 1076 Post
503 1042 601 1077 haec
618 1042 782 1089 angelus
801 1042 919 1078 rediit
935 1043 985 1078 ad
1004 1043 1168 1079 domum
1186 1051 1408 1080 conventus
1426 1046 1652 1091 sapientum
1670 1057 1720 1083 ex

229 1091 459 1129 Christiano
484 1094 591 1134 orbe,
613 1101 653 1129 et
679 1095 733 1130 ad'
755 1106 797 1131 se
822 1096 983 1131 vocavit
1008 1097 1109 1137 illos,
1131 1097 1199 1143 qui
1225 1097 1299 1132 sibi
1326 1098 1566 1134 induxerant
1589 1099 1722 1142 fidem,

228 1146 337 1191 quod
355 1147 501 1192 gaudia
518 1148 616 1183 caeli
635 1155 676 1183 et
689 1148 858 1184 felicitas
875 1156 1040 1184 aeterna
1056 1157 1190 1185 essent
1207 1150 1373 1186 deliciae
1391 1152 1672 1197 paradisiacae.

301 1198 377 1234 His
407 1200 519 1240 dixit,
551 1200 802 1247 “Sequimini
838 1213 911 1243 me,
946 1208 987 1237 et
1024 1202 1274 1238 introducam
1304 1215 1376 1240 vos
1407 1205 1446 1239 in
1480 1205 1719 1250 paradisum,

227 1252 379 1287 caelum
393 1260 582 1293 vestrum,
598 1260 643 1288 ut
656 1254 917 1289 exordiamini
933 1255 1202 1291 beatitudines
1215 1255 1417 1293 felicitatis
1430 1264 1616 1293 aeternae
1632 1269 1722 1294 ves-

227 1305 348 1340 trae.''
394 1305 444 1340 Et
459 1306 681 1341 introduxit
693 1307 781 1343 illos
799 1318 870 1353 per
883 1308 1079 1343 excelsam
1094 1315 1262 1354 portam,
1276 1320 1325 1345 ex
1343 1310 1463 1346 ramis
1476 1317 1516 1346 et
1535 1311 1719 1358 propagi-

227 1358 343 1393 nibus
369 1358 564 1394 nobilium
586 1360 771 1394 arborum
793 1360 1083 1406 compaginatis
1104 1361 1366 1398 exstructam:
1395 1369 1486 1408 post
1513 1363 1720 1400 introitum

226 1411 492 1446 circumduxit
519 1412 608 1447 illos
629 1423 699 1458 per
719 1413 908 1459 ambages
933 1424 957 1448 a
978 1414 1093 1460 plaga
1114 1414 1154 1449 in
1176 1415 1345 1461 plagam.
1398 1415 1492 1451 Erat
1511 1415 1722 1452 actualiter

226 1464 432 1509 paradisus
451 1464 489 1499 in
510 1465 639 1510 primo
654 1465 834 1511 ingressu
853 1466 903 1501 ad
921 1464 1086 1507 caelum,
1102 1467 1142 1502 in
1160 1478 1278 1513 quem
1294 1468 1564 1504 immittuntur
1579 1469 1634 1504 illi
1652 1469 1720 1516 qui

227 1516 266 1551 in
294 1518 444 1552 mundo
466 1518 719 1553 crediderant
741 1519 849 1564 quod
871 1519 1100 1555 universum
1123 1520 1275 1555 caelum
1301 1521 1354 1556 sit
1378 1532 1481 1557 unus
1503 1523 1720 1567 paradisus.

225 1569 318 1615 quia
337 1577 504 1605 vocatur
525 1571 751 1616 paradisus;
781 1583 827 1607 ac
847 1572 915 1618 qui
938 1572 1220 1618 impresserant
1240 1573 1314 1609 sibi
1337 1573 1477 1615 ideam,
1499 1575 1607 1620 quod
1629 1581 1722 1622 post

226 1630 396 1657 mortem
423 1623 474 1658 sit
497 1624 673 1669 plenaria
694 1624 850 1670 requies
871 1636 894 1660 a
919 1625 1131 1665 laboribus,
1154 1632 1194 1661 et
1214 1626 1323 1672 quod
1344 1627 1499 1672 requies
1521 1628 1618 1663 haec
1639 1638 1720 1664 non

225 1675 331 1710 aliud
355 1683 470 1716 esset,
490 1688 609 1722 quam
630 1677 783 1712 animas
805 1678 1036 1713 deliciarum
1057 1679 1224 1719 trahere,
1246 1690 1366 1725 super
1386 1680 1486 1715 rosis
1506 1681 1719 1722 ambulare,

225 1739 274 1763 ex
300 1729 442 1764 mustis
469 1730 762 1766 delicatissimis
783 1742 948 1766 uvarum
970 1731 1186 1772 laetificari,
1209 1742 1254 1767 ac
1279 1731 1423 1767 festiva
1443 1733 1719 1778 repotiarcele-

224 1782 356 1823 brare;
382 1789 422 1818 et
439 1784 546 1828 quod
566 1783 665 1818 haec
682 1783 766 1819 vita
783 1795 862 1819 non
882 1785 1000 1820 detur
1018 1785 1092 1820 nisi
1112 1785 1150 1820 in
1169 1785 1329 1821 caelesti
1347 1786 1543 1831 paradiso.

298 1834 416 1870 Duffi
451 1837 501 1870 ab
526 1836 670 1882 angelo
695 1837 886 1872 videbant
913 1837 1116 1884 ingentem
1142 1838 1441 1874 multitudinem
1466 1845 1549 1874 tam
1575 1849 1716 1875 senum

223 1899 342 1935 quam
355 1889 558 1935 juvenum,
571 1897 612 1924 et
626 1901 850 1935 puerorum,
863 1897 903 1926 et
916 1902 1076 1938 quoque
1089 1892 1297 1927 mulierum
1309 1898 1350 1928 et
1363 1893 1581 1938 puellarum
1595 1904 1604 1934 ;
1625 1893 1717 1928 tria-

225 1943 295 1978 des
313 1949 354 1978 et
367 1942 527 1983 triades,
546 1954 592 1978 ac
610 1944 781 1979 decades
799 1952 839 1979 et
860 1945 1041 1986 decades,
1059 1946 1244 1981 sedentes
1261 1957 1380 1992 super
1397 1946 1538 1982 rosetis
1555 1945 1717 1982 flecten-

223 2003 284 2031 tes
302 2003 418 2035 serta,
437 1996 580 2042 quibus
598 2004 786 2032 ornarent
804 1999 936 2044 capita
953 2010 1105 2041 senum,
1120 1999 1282 2035 brachia
1292 1999 1494 2045 juvenum,
1512 2010 1559 2035 ae
1575 1999 1715 2036 fascia-

184 2073 190 2080 ,
223 2049 296 2083 tim
323 2048 744 2095 pe&ora,puerorum;
777 2051 875 2086 alias
901 2052 1080 2098 legentes
1106 2063 1155 2088 ex
1180 2052 1387 2088 arboribus
1411 2051 1572 2093 fruens.
1599 2059 1640 2088 et
1675 2053 1715 2088 in

222 2102 390 2137 calathis
409 2110 614 2148 portantes
636 2104 683 2138 ad
707 2104 913 2145 sodalitia;
939 2105 1035 2140 alias
1053 2105 1322 2151 exprimentes
1340 2111 1515 2140 mustum
1541 2116 1590 2141 ex
1615 2105 1714 2146 uvis.

222 2155 368 2190 cerasis
386 2162 426 2190 et
444 2156 568 2191 acinis
588 2156 627 2190 in
646 2157 821 2203 cyathos,
841 2164 882 2192 et
899 2158 1108 2204 genialiter
1122 2158 1324 2199 bibentes;
1349 2158 1446 2193 alias
1463 2158 1713 2194 attrahentes

223 2208 381 2243 naribus
403 2208 637 2254 fragrantias
659 2220 706 2244 ex
728 2210 901 2251 floribus,
920 2210 1112 2246 fruetibus
1133 2222 1179 2246 ac
1200 2210 1409 2246 odoriferis
1430 2210 1537 2246 foliis
1555 2211 1714 2247 exhala-

220 2268 283 2296 tas
303 2268 343 2296 et
364 2261 690 2307 circumsparsas;
715 2263 811 2298 alias
829 2270 1018 2299 canentes
1036 2264 1172 2299 dulces
1193 2264 1291 2300 odas
1308 2263 1451 2310 quibus
1469 2264 1712 2299 mulciebant

222 2314 488 2360 praesentium
516 2315 698 2354 auditus:
732 2316 829 2351 alias
854 2317 1042 2352 sedentes
1067 2317 1116 2352 ad
1144 2316 1286 2357 fontes,
1314 2323 1354 2352 et
1386 2327 1509 2362 aquas
1534 2316 1712 2352 salientis

221 2378 344 2402 venae
364 2367 590 2402 derivantes
609 2367 647 2402 in
665 2368 794 2403 varias
812 2368 978 2410 formas;
1004 2369 1100 2404 alias
1118 2369 1376 2410 ambulantes,
1390 2369 1707 2410 confabulantes,

220 2426 261 2455 et
279 2426 508 2465 spargentes
527 2419 707 2461 facetias:
733 2421 829 2456 alias
843 2428 1058 2462 currentes,
1079 2422 1273 2462 ludentes,
1292 2422 1482 2457 saltantes
1499 2422 1564 2457 hic
1582 2422 1620 2456 in
1640 2433 1713 2457 nu-

222 2483 363 2511 meros,
381 2479 421 2507 et
442 2472 492 2507 ibi
515 2473 553 2506 in
573 2474 708 2513 orbes:
734 2474 830 2509 alias
849 2474 1116 2521 ingredientes
1131 2474 1390 2510 domunculas
1409 2474 1649 2515 hortulanas,
1665 2481 1710 2510 ut

220 2535 339 2570 super
356 2525 520 2570 spondis
537 2526 727 2560 cubarent
742 2538 750 2566 ;
777 2534 933 2572 praeter
950 2528 1081 2573 plures
1098 2528 1195 2563 alias
1213 2527 1382 2562 laetitias
1400 2527 1674 2573 paradisiacas.

294 2577 510 2623 Postquam
532 2578 629 2613 haec
646 2578 731 2613 visa
751 2586 854 2620 sunt,
873 2580 987 2615 duxit
1004 2581 1168 2626 angelus
1185 2580 1352 2615 comites
1370 2590 1463 2615 suos
1482 2590 1552 2625 per
1568 2579 1713 2615 circui·

219 2637 284 2665 tus
307 2630 383 2665 huc
403 2631 504 2670 illuc,
524 2641 569 2665 ac
590 2631 732 2666 ultimo
753 2632 802 2666 ad
829 2632 1013 2668 sedentes
1037 2633 1075 2667 in
1097 2633 1365 2679 pulcherrimo
1386 2639 1520 2668 roseto
1540 2632 1708 2667 circum-

220 2682 351 2718 cinfto
363 2683 568 2718 arboribus
581 2683 718 2724 olivae,
732 2685 912 2724 amantii,
923 2692 963 2720 et
975 2685 1073 2726 citri,
1085 2685 1152 2731 qui
1166 2692 1351 2721 nutantes
1362 2686 1553 2720 tenebant
1567 2696 1708 2721 manus

219 2736 293 2771 sub
304 2736 426 2781 genis,
438 2736 629 2781 lugentes,
641 2743 680 2770 et
695 2736 968 2782 lacrymantes.
1016 2738 1103 2773 Hos
1113 2738 1275 2773 allocuti
1286 2744 1380 2773 sunt
1390 2737 1558 2772 comites
1569 2737 1710 2784 angeli,

220 2795 260 2823 et
274 2789 469 2829 dixerunt,
486 2787 597 2823 “Cur
611 2788 665 2823 ita
679 2789 825 2824 sedetis
837 2789 876 2824 ?''
900 2790 949 2825 Et
963 2791 1264 2836 responderunt,
1279 2795 1300 2808 “
1314 2790 1384 2826 Est
1398 2801 1502 2825 nunc
1515 2790 1710 2836 septimus

220 2841 305 2876 dies
331 2852 354 2876 a
379 2852 459 2886 quo
486 2841 524 2875 in
551 2841 656 2876 hunc
683 2842 906 2886 paradisum
928 2843 1131 2879 venimus:
1164 2854 1254 2879 cum
1277 2842 1519 2883 intravimus,
1539 2843 1623 2879 visa
1648 2850 1710 2879 est

221 2905 332 2929 mens
346 2900 481 2929 nostra
498 2893 601 2928 sicut
614 2894 767 2929 elevata
786 2895 824 2929 in
843 2896 1007 2936 cae-lum,
1022 2907 1067 2931 ac
1090 2895 1262 2931 immissa
1280 2896 1319 2930 in
1339 2895 1497 2930 intimas
1512 2896 1599 2941 ejus
1616 2907 1711 2942 gau-

221 2946 376 2982 diorum
392 2946 635 2987 faustitates;
662 2947 730 2982 sed
750 2954 839 2993 post
861 2948 1036 2983 triduum
1055 2955 1272 2995 coeperunt
1294 2947 1516 2984 faustitates
1533 2949 1621 2984 illae
1641 2949 1709 2984 he-
