2014 3386
269 295 295 338 8
729 303 972 338 DELICIAE
1003 303 1313 337 SAPIENTIAE

266 422 308 452 et
325 421 415 462 post
432 415 507 452 hos
523 415 618 452 viris
634 426 725 452 cum
745 415 896 462 palmis,
914 422 956 452 et
973 415 1204 452 mulieribus
1220 426 1314 453 cum
1330 415 1462 453 aureis
1477 416 1699 454 simulacris
1719 417 1759 454 in

266 469 461 505 manibus.

335 530 385 569 4.
419 521 599 567 Septima
620 520 786 562 Cohors,
806 532 900 567 prae
919 522 1007 557 luce
1029 532 1109 558 non
1131 521 1295 568 reliquis
1313 521 1408 563 visa,
1430 528 1516 558 erat
1535 533 1585 558 ex
1605 523 1761 559 oriente

265 575 386 616 caeli3
411 581 525 610 erant
538 574 668 621 angeli
686 585 734 610 ex
752 575 892 610 eadem
911 574 1113 615 societate,
1128 585 1150 610 e
1163 585 1242 620 qua
1259 573 1336 610 fuit
1349 575 1514 622 angelus
1529 576 1661 612 tubae.
1697 575 1760 612 Illi

266 638 357 663 cum
384 627 424 662 in
451 638 523 663 suo
549 628 660 663 caelo
685 627 934 668 audiverunt,
953 627 1061 673 quod
1089 638 1139 662 ne
1160 627 1323 673 quidem
1344 638 1449 663 unus
1470 628 1511 663 in
1533 627 1763 665 Christiano

266 681 360 715 orbe
379 679 479 716 sciat
496 680 591 726 quid
610 680 802 726 gaudium
821 680 930 721 caeli,
950 687 991 715 et
1008 679 1176 715 felicitas
1193 685 1367 721 aeterna,
1384 680 1488 716 inter
1504 692 1547 717 se
1564 681 1761 722 dixerunt,

267 737 287 751 ¹·
301 731 560 779 Nequaquam
582 733 659 768 hoc
671 733 817 768 veritas
830 739 911 774 est;
937 743 1017 768 non
1035 739 1169 778 potest
1181 738 1295 768 tanta
1308 732 1447 779 caligo,
1461 739 1503 769 et
1519 734 1610 769 talis
1623 740 1764 780 stupor

267 785 475 826 mentium,
503 785 742 821 Christianis
769 796 874 821 esse:
909 785 1199 821 descendamus
1225 785 1347 821 etiarn
1374 797 1458 827 nos,
1485 792 1526 822 et
1551 786 1763 823 audiamus

267 849 364 872 num
381 838 529 874 veritas
547 838 619 879 sit;
645 845 686 873 et
703 838 735 874 si
752 838 899 874 veritas
916 844 987 879 est,
1006 848 1100 873 sane
1118 845 1180 874 est
1196 838 1461 885 prodigium.”

338 891 453 926 Tunc
473 891 604 938 angeli
627 891 682 926 illi
704 891 890 926 dixerunt
910 891 961 926 ad
982 891 1168 937 angelum
1189 891 1321 931 tubae,
1341 891 1488 927 “Nosti
1509 892 1618 938 quod
1639 902 1762 928 unus-

266 943 435 990 quisque
453 945 585 985 homo,
600 943 668 990 qui
687 944 981 979 desideraverat
994 944 1158 984 caelum,
1173 950 1214 979 et
1233 943 1383 990 aliquid
1401 944 1499 980 certi
1516 944 1763 991 cogitaverat

267 996 317 1032 de
334 996 491 1043 gaudiis
510 997 574 1037 ibi,
590 1002 682 1043 post
699 1003 869 1032 mortem
889 996 1165 1032 introducatur
1182 995 1222 1031 in
1242 996 1537 1043 imaginationis
1555 1008 1649 1033 suae
1665 1008 1763 1043 gau-

267 1050 353 1090 dia;
388 1056 429 1085 et
453 1050 561 1095 quod
588 1056 800 1095 postquam
822 1049 975 1095 experti
997 1056 1102 1090 sunt,
1124 1049 1256 1095 qualia
1274 1049 1340 1084 illa
1359 1048 1506 1096 gaudia
1525 1056 1630 1091 sunt,
1651 1050 1761 1096 quod

267 1102 348 1139 sint
368 1103 587 1138 secundum
607 1113 729 1138 vanas
757 1103 865 1138 ideas
891 1102 1046 1142 mentis,
1066 1108 1107 1137 et
1126 1102 1347 1138 secundum
1368 1102 1508 1138 deliria
1528 1102 1762 1148 phantasiae

268 1155 437 1195 illorum,
465 1155 686 1190 educantur
717 1155 767 1190 ab
798 1155 874 1191 illis
903 1161 944 1191 et
978 1155 1236 1190 instruantur.
1287 1154 1378 1190 Hoc
1411 1154 1456 1190 fit
1489 1155 1688 1201 plerisque
1721 1155 1762 1191 in

267 1208 420 1243 mundo
436 1207 658 1253 spirituum,
677 1208 745 1254 qui
773 1208 811 1242 in
830 1208 961 1253 priore
978 1207 1063 1243 vita
1080 1207 1262 1243 meditati
1283 1214 1376 1243 sunt
1393 1208 1443 1243 de
1461 1208 1583 1248 caelo,
1601 1214 1642 1243 et
1666 1219 1762 1244 con·

267 1260 470 1296 cluserunt
487 1260 636 1307 aliquid
654 1261 704 1296 de
722 1260 876 1307 gaudiis
895 1260 947 1296 ibi
962 1271 1091 1307 ‘usque
1108 1261 1158 1296 ad
1177 1260 1319 1296 horum
1338 1260 1614 1296 desiderium.”

341 1313 416 1349 His
433 1313 591 1354 auditis,
609 1313 773 1360 angelus
798 1314 918 1349 tubae
944 1313 1044 1348 dixit
1070 1313 1119 1348 ad
1145 1324 1215 1349 sex
1231 1313 1419 1349 cohortes
1443 1324 1493 1349 ex
1517 1312 1763 1359 sapientibus

267 1366 374 1402 orbis
401 1365 616 1402 Christiani
643 1373 895 1407 convocatas,
914 1365 1170 1412 “Sequimini
1196 1377 1269 1407 me,
1288 1372 1329 1401 et
1354 1366 1604 1402 introducam
1623 1377 1696 1402 vos
1721 1365 1763 1401 in

267 1419 413 1466 gaudia
429 1426 572 1459 vestra,
592 1419 647 1454 ita
667 1419 707 1454 in
726 1418 916 1454 caelum.”

339 1480 389 1519 5.
426 1471 500 1507 His
526 1470 655 1512 dictis,
681 1472 844 1517 angelus
870 1471 1048 1517 praeivit,
1074 1477 1115 1507 et
1147 1471 1320 1517 primum
1346 1470 1538 1509 comitata
1562 1476 1624 1506 est
1650 1470 1760 1506 illum

267 1525 412 1561 cohors
438 1536 487 1560 ex
514 1525 601 1566 illis,
623 1524 690 1571 qui
716 1525 790 1560 sibi
817 1530 1094 1570 persuaserant
1119 1524 1225 1570 quod
1252 1524 1398 1570 gaudia
1418 1524 1603 1559 caelestia
1627 1530 1762 1559 essent

268 1578 397 1614 solum
415 1578 633 1613 laetissima
649 1577 861 1618 consortia,
876 1584 916 1613 et
937 1577 1194 1613 suavissimae
1212 1576 1576 1612 confabulationes:
1602 1576 1676 1612 hos
1693 1587 1762 1612 an-

267 1631 379 1677 gelus
394 1630 615 1666 introduxit
627 1631 676 1665 ad
691 1637 829 1666 coetus
844 1630 883 1665 in
899 1630 1015 1677 plaga
1027 1629 1339 1676 septentrionali,
1350 1630 1495 1676 quibus
1505 1629 1651 1676 gaudia
1663 1629 1762 1665 caeli

270 1684 309 1719 in
329 1684 480 1718 mundo
499 1683 618 1729 priori
637 1694 717 1719 non
735 1683 812 1718 alia
829 1683 997 1719 fuerant.
1049 1683 1143 1718 Erat
1162 1682 1214 1718 ibi
1233 1682 1409 1728 spatiosa
1422 1683 1565 1718 domus
1583 1682 1623 1717 in
1641 1692 1761 1728 quam

268 1737 368 1772 tales
382 1736 612 1782 congregati
631 1743 745 1778 sunt;
767 1736 806 1771 in
825 1737 948 1772 domo
965 1742 1077 1771 erant
1095 1736 1182 1782 plus
1200 1746 1317 1781 quarn
1333 1735 1619 1782 quinquaginta
1632 1745 1762 1770 came-

270 1800 346 1829 rae,
366 1788 576 1824 distinctae
594 1789 814 1825 secundum
831 1789 941 1824 varia
960 1800 1106 1835 genera
1124 1788 1500 1824 confabulationum.
1552 1787 1597 1822 In
1619 1787 1681 1823 his
1698 1797 1762 1822 ca-

270 1842 388 1878 meris
406 1843 671 1888 loquebantur
688 1843 737 1877 de
755 1842 900 1877 talibus
925 1852 1027 1888 quae
1045 1841 1227 1877 viderant
1245 1848 1286 1877 et
1303 1840 1536 1876 audiverant
1554 1840 1593 1875 in
1612 1839 1699 1876 foro
1719 1846 1761 1876 et

271 1895 310 1930 in
338 1895 500 1941 plateis:
535 1895 574 1929 in
602 1895 677 1930 illis
699 1895 965 1941 loquebantur
980 1895 1090 1930 varia
1106 1894 1292 1930 amabilia
1316 1894 1366 1929 de
1390 1904 1486 1929 sexu
1505 1892 1682 1939 pulchro,
1702 1892 1761 1927 in-

269 1947 477 1993 terspersis
496 1947 659 1987 facetiis,
674 1947 853 1983 adauctis
870 1958 995 1994 usque
1012 1947 1062 1983 ad
1081 1947 1365 1993 expansionem
1379 1945 1565 1982 facierum
1580 1945 1760 1981 omnium

271 2000 310 2035 in
331 2000 536 2036 consortio
559 2000 597 2035 in
620 2000 720 2036 risus
739 1999 970 2036 hilaritatis:
997 2000 1036 2035 in
1057 2000 1144 2035 aliis
1162 1999 1327 2035 cameris
1345 1999 1609 2045 loquebantur
1625 1997 1761 2034 novel-

269 2053 327 2088 las
346 2053 394 2088 de
413 2054 523 2093 aulis,
538 2053 587 2088 de
609 2053 848 2093 ministeriis,
862 2054 911 2088 de
929 2059 1035 2089 statu
1050 2052 1226 2099 politico,
1241 2052 1291 2088 de
1308 2052 1426 2087 variis
1440 2062 1541 2097 quae
1558 2061 1580 2086 e
1597 2050 1761 2086 secretis

270 2106 446 2141 consiliis
464 2113 758 2147 emanaverunt,
778 2117 857 2141 una
874 2117 965 2141 cum
983 2105 1201 2141 ratiociniis
1219 2111 1259 2141 et
1279 2103 1518 2151 conjecturis
1539 2103 1588 2139 de
1609 2103 1761 2139 eventi-

270 2159 364 2199 bus:
390 2158 430 2193 in
452 2159 538 2194 aliis
557 2159 606 2194 de
624 2159 921 2205 negotiatione;
948 2159 987 2194 in
1006 2158 1094 2194 aliis
1115 2158 1165 2194 de
1183 2159 1299 2194 rebus
1316 2156 1522 2198 litteratis;
1548 2156 1587 2191 in
1605 2155 1692 2192 aliis
1710 2156 1760 2192 de

269 2211 415 2247 talibus
433 2222 535 2257 quae
554 2219 647 2247 sunt
666 2212 901 2257 prudentiae
915 2211 1052 2252 civilis,
1071 2218 1112 2247 et
1129 2211 1236 2247 vitae
1254 2210 1414 2246 moralis
1429 2221 1438 2251 ;
1464 2209 1503 2244 in
1521 2208 1610 2245 aliis
1629 2209 1681 2245 de
1697 2218 1761 2245 ec-

269 2263 500 2300 clesiasticis
517 2271 557 2299 et
578 2265 627 2299 de
645 2263 773 2304 sectis,
793 2270 834 2299 et
851 2264 908 2299 sic
926 2275 1063 2310 porro„

343 2316 490 2352 Datum
510 2317 605 2351 mihi
625 2323 686 2352 est
705 2317 898 2363 inspicere
918 2317 957 2352 in
977 2317 1083 2352 illam
1102 2316 1277 2356 domum,
1296 2321 1337 2352 et
1353 2315 1435 2351 vidi
1453 2314 1720 2350 discurrentes
1736 2324 1761 2349 a

269 2369 435 2405 cameris
462 2369 500 2403 in
527 2380 713 2410 cameras,
737 2370 982 2416 inquirentes
1007 2369 1210 2405 consortia
1234 2379 1328 2404 suae
1353 2366 1575 2404 affectionis
1600 2373 1641 2402 et
1666 2366 1760 2402 inde

269 2422 423 2468 gaudii;
454 2428 494 2456 et
522 2422 560 2456 in
587 2422 798 2458 consortiis
816 2422 897 2457 vidi
919 2423 996 2457 tria
1011 2433 1167 2468 genera,
1186 2421 1379 2468 quosdam
1397 2420 1499 2456 sicut
1516 2419 1682 2455 anhelos
1707 2420 1758 2454 ad

271 2474 527 2520 loquendum,
549 2475 742 2520 quosdam
764 2475 930 2521 cupidos
951 2475 1001 2510 ad
1027 2474 1321 2514 sciscitandum,
1342 2480 1381 2509 et
1406 2472 1599 2519 quosdam
1620 2471 1759 2507 avidos

270 2527 320 2561 ad
355 2526 612 2562 audiendum.
665 2527 787 2562 Erant
812 2534 984 2573 quatuor
1013 2534 1152 2573 portae
1178 2527 1331 2567 domus,
1358 2536 1437 2561 una
1462 2525 1512 2560 ad
1540 2524 1760 2571 quamlibet
1781 2524 1788 2568 μ’

271 2579 440 2625 plagam,
455 2586 496 2614 et
515 2580 719 2614 observavi
735 2581 840 2626 quod
860 2581 991 2626 plures
1009 2580 1209 2616 solverent
1222 2578 1433 2618 consortia,
1448 2584 1489 2615 et
1502 2583 1760 2623 properarent
1774 2610 1775 2613 ,

271 2632 321 2667 ad
336 2632 574 2667 exeundum.
625 2632 791 2668 Secutus
810 2644 896 2668 sum
911 2633 1104 2679 quosdam
1123 2633 1172 2668 ad
1192 2638 1346 2678 portam
1361 2630 1605 2670 orientalem,
1619 2637 1659 2665 et
1677 2629 1765 2679 vidis

271 2684 426 2730 aliquos
439 2684 552 2729 juxta
567 2684 671 2719 illam
687 2685 870 2720 sedentes
885 2685 983 2721 facie
996 2685 1121 2725 tristi;
1147 2691 1186 2720 et
1199 2683 1344 2720 accessi
1363 2690 1403 2718 et
1419 2682 1607 2729 quaesivi,
1621 2693 1691 2717 cur
1706 2682 1757 2726 ita

272 2737 407 2772 tristes
433 2737 637 2777 sederent;
670 2744 711 2772 et
737 2739 1037 2783 responderunt,
1054 2738 1230 2773 “Portae
1257 2737 1375 2782 hujus
1401 2736 1544 2771 domus
1572 2727 1751 2785 tenentuj

273 2790 430 2824 clausae
456 2800 527 2835 pro
547 2789 733 2830 exituris;
765 2796 805 2825 et
831 2802 936 2826 nunc
953 2791 1094 2826 tertius
1112 2790 1196 2826 dies
1222 2796 1293 2830 est,
1311 2799 1334 2824 a
1358 2799 1438 2834 quo
1458 2787 1701 2828 intravimus,

274 2841 477 2888 exegimus
490 2841 612 2877 vitam
628 2842 812 2877 desiderii
828 2843 953 2878 nostri
973 2843 1010 2878 in
1025 2842 1235 2879 consortiis
1249 2849 1289 2877 et
1306 2840 1526 2887 colloquiis,
1540 2846 1580 2876 et
1597 2851 1621 2875 a
1633 2786 1752 2886 conf}

275 2894 364 2929 nuis
382 2894 781 2929 sermocinationibus
800 2895 1003 2942 defatigati
1023 2907 1159 2931 sumus
1181 2894 1219 2930 in
1241 2901 1396 2929 tantum
1416 2900 1460 2928 ut
1479 2893 1547 2928 vix
1565 2892 1691 2928 sustin
1733 2910 1750 2918 -

277 2957 366 2982 mus
383 2946 519 2982 audire
538 2957 724 2982 sonorum
745 2948 921 2982 murmur
938 2959 985 2983 ex
1005 2948 1099 2990 illis;
1126 2956 1246 2994 quare
1265 2946 1347 2982 1¹]ex
1365 2946 1498 2982 taedio
1519 2890 1750 3057 contuliffis

1678 3096 1680 3104 ι

1675 3109 1677 3119 r

1670 3141 1672 3150 r

1668 3154 1669 3164 l

1660 3194 1663 3213 *l

1657 3214 1660 3231 1

1655 3235 1658 3251 J

1652 3253 1655 3270 ι’
