2014 3386
576 333 644 366 DE
675 330 855 364 AMORE
886 314 1322 371 CONJUGIAL1.—N.'
1341 318 1410 359 62.
1689 327 1740 372 57

244 449 380 499 bona,
413 453 463 490 et
500 445 798 500 omnia'quae
839 449 946 485 sunt
978 442 1230 496 sapientiae
1267 446 1490 482 vocantur
1521 454 1655 492 vera3
1692 447 1740 482 et

244 514 348 568 quia
386 512 445 553 ab
484 511 591 564 Ipso
631 515 681 550 ut
719 508 938 551 Creatore
977 506 1232 561 procedunt
1273 505 1351 546 illa
1390 505 1494 554 duo,
1537 504 1741 558 sequitur

243 576 365 631 quod
403 575 448 616 in
481 574 644 615 creatis
675 573 766 614 sint
805 571 885 613 illa
921 571 1025 612 duo.
1087 570 1190 611 Hoc
1223 568 1440 610 illustrari
1470 573 1628 622 potest
1660 581 1740 621 per

243 639 442 682 calorem
482 644 529 679 et
570 637 731 686 lucem,
763 649 878 690 quae
918 633 1172 689 procedunt
1213 647 1240 673 a
1275 632 1402 673 sole:
1441 646 1500 673 ex
1533 626 1601 672 his
1634 637 1740 672 sunt

242 703 395 744 omnia
434 701 623 750 telluris,
666 700 927 753 germinant
967 698 1088 738 enim
1134 696 1385 737 secundum
1431 695 1736 749 praesentiam

241 765 437 814 illorum,
479 770 527 806 et
568 763 818 804 secundum
859 759 1226 814 conjunctionem
1267 759 1476 810 illorum;
1524 772 1575 799 ac
1614 758 1739 799 calor

242 828 463 871 naturalis
494 826 823 880 correspondet
856 825 995 866 calori
1033 822 1269 878 spirituali,
1297 823 1372 876 qui
1404 828 1475 863 est
1506 835 1661 872 amor;
1694 827 1740 862 et

241 892 322 933 lux
345 890 563 933 naturalis
588 888 917 943 correspondet
943 887 1032 928 luci
1058 885 1293 941 spirituali,
1321 899 1437 940 quae
1459 892 1531 926 est
1557 885 1737 939 sapien-

242 956 322 997 tia.

325 1020 416 1062 61.
459 1016 595 1071 Quod
623 1029 750 1058 amor
771 1014 1037 1069 conjugialis
1063 1014 1284 1068 procedat
1311 1027 1370 1054 ex
1393 1011 1605 1066 conjugio
1630 1011 1738 1053 boni

242 1087 289 1123 et
313 1081 422 1131 veri,
449 1081 494 1121 in
526 1086 746 1134 sequente
778 1076 1089 1120 transacstione
1121 1091 1200 1118 seu
1232 1076 1521 1131 paragrapho
1547 1076 1738 1117 demon·

239 1145 484 1196 strabitur;
531 1144 602 1185 hic
635 1143 784 1184 solum
815 1142 1057 1183 adducitur
1086 1141 1199 1182 illud
1232 1147 1422 1194 propter
1453 1152 1654 1188 causam,
1687 1145 1738 1181 ut

239 1208 448 1249 videatur
473 1207 593 1261 quod
620 1206 696 1248 ille
718 1219 845 1247 amor
866 1206 925 1246 sit
949 1204 1176 1253 caelestis,
1201 1203 1444 1257 spiritualis
1466 1209 1514 1244 et
1536 1201 1735 1252 sanetus,

240 1272 343 1326 quia
368 1285 428 1312 ex
454 1270 659 1320 caelesti,
684 1269 906 1323 spirituali
932 1274 979 1310 et
1006 1266 1165 1309 sancta
1190 1268 1377 1320 origine.
1438 1267 1506 1308 Ut
1529 1266 1738 1307 videatur

240 1334 361 1388 quod
388 1334 516 1386 origo
541 1333 708 1374 amoris
730 1331 996 1385 conjugialis
1023 1332 1082 1372 sit
1108 1345 1167 1372 ex
1195 1330 1406 1383 conjugio
1428 1330 1536 1370 boni
1558 1335 1605 1370 et
1627 1328 1735 1378 veri,

238 1398 433 1438 interest
464 1402 514 1438 ut
545 1396 714 1450 aliquid
745 1396 790 1436 in
821 1396 946 1436 brevi
977 1394 1250 1448 compendio
1276 1394 1333 1434 de
1365 1407 1419 1434 eo
1446 1393 1518 1434 hic
1546 1393 1736 1433 dicatur.

240 1460 355 1501 Mox
382 1473 516 1513 supra
542 1457 712 1500 dietum
735 1465 820 1508 est,
845 1458 966 1512 quod
992 1459 1036 1498 in
1059 1458 1268 1499 omnibus
1291 1463 1339 1498 et
1361 1456 1551 1510 singulis
1574 1455 1737 1497 creatis

238 1525 299 1565 sit
325 1521 583 1576 conjune‘cio
610 1519 755 1563 [¹]boni
787 1528 835 1563 et
860 1522 968 1571 veri,
997 1527 1044 1562 et
1076 1519 1336 1574 conjunctio
1367 1534 1469 1569 non,
1492 1520 1627 1561 datur
1652 1518 1736 1559 nisi

238 1588 299 1629 sit
322 1588 570 1641 reciproca,
591 1599 696 1627 nam
719 1583 978 1638 conjunctio
1000 1585 1057 1626 ab
1079 1598 1170 1626 una
1191 1591 1335 1638 parte,
1354 1590 1402 1625 et
1425 1597 1516 1624 non
1538 1583 1737 1624 vicissim

239 1651 297 1692 ab
318 1650 478 1699 altera,
504 1665 564 1691 ex
589 1664 636 1690 se
659 1648 876 1700 solvitur;
910 1661 1027 1689 nune
1050 1649 1154 1702 quia
1179 1654 1250 1688 est
1274 1645 1532 1699 conjunctio
1558 1646 1666 1687 boni
1691 1651 1738 1687 et

239 1714 350 1762 veri,
380 1720 427 1755 et
453 1713 566 1754 haec
593 1713 838 1766 reciproca,
867 1712 1070 1765 sequitur
1095 1711 1215 1765 quod
1247 1711 1305 1752 sit
1331 1723 1487 1751 verum
1519 1709 1627 1750 boni
1658 1722 1737 1750 seu

238 1790 396 1818 verum
429 1791 488 1817 ex
525 1777 662 1824 bono,
696 1781 744 1816 et
775 1775 896 1828 quod
928 1775 988 1816 sit
1019 1775 1189 1815 bonum
1220 1774 1313 1814 veri
1354 1787 1433 1814 seu
1473 1773 1643 1813 bonum
1675 1786 1736 1812 ex

240 1854 348 1881 vero
369 1854 379 1891 3
411 1839 531 1894 quod
553 1852 709 1880 verum
731 1839 839 1880 boni
865 1852 943 1879 seu
963 1851 1119 1879 verum
1142 1852 1201 1878 ex
1224 1838 1347 1878 bono
1369 1838 1427 1877 sit
1449 1837 1494 1877 in
1516 1835 1735 1884 masculo,

238 1909 287 1944 et
319 1903 440 1957 quod
471 1903 529 1944 sit
561 1903 708 1956 ipsum
740 1901 1055 1950 masculinum,
1088 1914 1140 1942 ac
1173 1901 1295 1954 quod
1332 1901 1501 1941 bonum
1532 1899 1626 1940 veri
1657 1912 1737 1939 seu

238 1967 408 2008 bonum
431 1980 490 2007 ex
512 1980 620 2007 vero
642 1966 700 2006 sit
726 1966 771 2006 in
792 1965 973 2014 semina,
993 1971 1040 2006 et
1062 1965 1184 2018 quod
1207 1965 1266 2004 sit
1288 1965 1433 2017 ipsum
1456 1963 1734 2011 femininum,

239 2036 336 2071 tum
355 2030 476 2084 quod
499 2030 605 2070 unio
627 2028 894 2082 conjugialis
915 2029 976 2071 sit
998 2028 1118 2069 inter
1134 2027 1213 2068 illa
1235 2028 1338 2076 duo,
1358 2028 1402 2067 in
1426 2024 1735 2068 transactione

240 2094 449 2147 proxime
475 2098 696 2146 sequente
721 2092 976 2143 videbitur;
1009 2091 1054 2132 id
1085 2090 1157 2132 hic
1185 2096 1477 2140 memoratur,
1505 2095 1555 2130 ut
1586 2089 1736 2143 aliqua

239 2156 568 2210 praeliminaris
594 2155 695 2196 idea
717 2155 776 2196 sit
803 2155 859 2196 de
885 2169 954 2196 eo.

325 2219 418 2260 62.
461 2218 558 2272 (iii.)
591 2217 719 2267 Quod
751 2218 875 2259 i‘llzus
915 2231 1083 2258 amorzs
1122 2215 1506 2269 correspondentza
1544 2215 1606 2256 szt
1639 2228 1735 2256 cum

239 2281 438 2336 conjugio
462 2281 647 2322 Domi‘nz
662 2287 704 2322 et
722 2281 972 2330 Eccleszae;
1003 2281 1089 2322 hoc
1116 2287 1201 2330 est,
1226 2280 1346 2333 quod
1372 2280 1488 2320 sicut
1513 2279 1736 2320 Dominus

241 2351 366 2386 amat
393 2345 650 2394 ecclesiam,
677 2357 730 2385 ac
756 2344 854 2385 vult
881 2350 930 2385 ut
956 2343 1149 2385 ecclesia
1174 2349 1298 2384 amet
1324 2343 1492 2396 Ipsum,
1516 2343 1580 2383 ita
1602 2342 1733 2382 mari·

242 2414 316 2448 tus
347 2414 394 2449 et
426 2422 542 2448 uxor
573 2421 622 2448 se
653 2413 811 2448 mutuo
842 2413 1023 2458 ament;
1056 2407 1177 2460 quod
1204 2404 1647 2459 [²³correspondentia
1677 2405 1736 2446 sit

242 2471 358 2512 inter
382 2471 475 2520 illa,
503 2472 547 2512 in
574 2471 682 2512 orbe
709 2470 966 2512 Christiano
988 2477 1147 2512 notum
1170 2475 1253 2518 est,
1277 2470 1357 2510 sed
1379 2469 1524 2523 qualis
1549 2468 1627 2509 illa
1649 2474 1734 2517 est,

243 2534 444 2575 nondum
472 2541 631 2575 notum
654 2540 739 2583 est,
764 2548 902 2587 quare
923 2534 1003 2575 illa
1025 2533 1432 2586 correspondentia
1453 2533 1498 2573 in
1521 2531 1737 2585 singulari

243 2597 544 2651 paragrapho,
572 2598 646 2651 qui
672 2598 812 2638 etiam
839 2598 1054 2651 sequitur,
1082 2597 1431 2650 explanabitur:
1466 2595 1537 2636 hic
1561 2608 1735 2635 memo-

244 2666 367 2701 ratur
387 2660 479 2710 illa,
499 2667 685 2714 propter
706 2660 856 2709 finem,
877 2667 926 2701 ut
948 2661 1156 2701 videatur
1177 2660 1297 2714 quod
1320 2672 1448 2700 amor
1469 2658 1737 2711 conjugialis

246 2722 306 2763 sit
351 2723 577 2771 caelestis,
624 2723 882 2776 spiritualis,
929 2729 977 2765 et
1020 2721 1218 2772 sanetus,
1260 2723 1363 2776 quia
1408 2721 1736 2775 correspondet

246 2784 446 2834 caelesti,
474 2786 695 2840 spirituali
721 2793 767 2827 et
794 2785 952 2828 sancto
978 2785 1188 2839 conjugio
1215 2786 1399 2826 Domini
1429 2791 1476 2826 et
1502 2784 1736 2825 ecclesiae.

249 2846 379 2888 Haec
420 2849 827 2902 correspondentia
865 2850 1005 2890 etiam
1038 2849 1240 2902 sequitur
1270 2862 1330 2889 ex
1366 2848 1538 2900 origine
1570 2845 1737 2886 amoris

249 2909 513 2963 conjugialis
550 2925 609 2952 ex
649 2911 860 2964 conjugio
890 2912 996 2953 boni
1029 2918 1075 2953 et
1106 2913 1214 2960 veri,
1248 2912 1304 2952 de
1335 2925 1423 2964 qua
1461 2911 1506 2950 in
1542 2908 1737 2949 articulo

250 2973 567 3026 praecedente,
590 2974 693 3028 quia
715 2974 971 3028 conjugium
993 2975 1099 3016 boni
1126 2981 1173 3016 et
1195 2975 1288 3015 veri
1310 2980 1380 3015 est
1402 2971 1596 3014 ecclesia
1617 2971 1736 3024 apud
