2014 3386
322 334 405 375 282
783 338 1027 371 DELICIAE
1058 338 1370 371 SAPIENTIAE

319 450 506 492 hominis,
523 451 618 498 quia
637 457 699 487 est
725 451 765 487 in
791 451 982 498 conjugio
1002 451 1097 486 boni
1124 457 1165 486 et
1189 450 1285 492 veri,
1303 462 1384 487 non
1406 451 1530 487 modo
1555 450 1597 487 in
1622 458 1816 498 perpetuo

318 505 407 541 nisu
427 505 619 541 unitionis
641 504 747 540 illius
768 511 840 545 est,
859 505 929 540 sed
956 504 1077 540 etiarn
1103 504 1144 539 in
1169 510 1365 550 perpetuo
1386 504 1474 540 nisu
1496 503 1816 540 fructificationis

316 565 359 594 et
385 557 659 605 productionis
679 569 773 594 suae
792 557 1089 593 similitudinis:
1114 563 1156 592 et
1172 568 1263 592 cum
1284 557 1474 594 interiora
1493 557 1669 594 hominis
1690 568 1818 603 usque

315 612 367 647 ab
383 611 518 646 anima
533 622 583 646 ex
600 611 668 646 illo
686 610 875 657 conjugio
889 611 1026 657 patula
1042 617 1147 651 sunt,
1160 621 1208 646 ac
1225 610 1415 646 interiora
1428 611 1619 646 continue
1633 609 1818 656 spectant

316 663 504 700 effectum
536 664 575 699 in
604 663 756 699 ultimis
777 670 822 699 ut
851 663 972 699 finem
993 670 1038 698 ut
1063 663 1248 704 existant,
1270 663 1362 699 inde
1383 670 1599 709 perpetuus
1618 664 1684 699 ille
1705 663 1816 699 nisus

317 716 585 753 fruetificandi
610 723 652 752 et
677 716 1006 763 producendiaesui
1033 716 1168 756 instar,
1187 716 1255 762 qui
1282 722 1344 751 est
1360 717 1526 757 animae,
1546 716 1591 751 fit
1614 716 1815 762 corporis:

317 777 359 805 et
376 770 470 816 quia
487 770 673 805 ultimum
692 769 936 815 operationis
953 769 1111 816 animae
1133 768 1172 804 in
1194 779 1360 815 corpore
1378 769 1484 815 apud
1502 770 1604 805 duos
1621 770 1816 815 conjuges

315 829 377 858 est
395 823 434 858 in
453 823 595 858 ultima
610 823 758 859 amoris
773 823 838 864 ibi,
856 830 898 859 et
915 823 1014 858 haec
1034 834 1057 858 a
1077 829 1184 858 statu
1201 822 1356 858 animae
1374 822 1560 868 pendent,
1580 829 1691 868 patet
1708 823 1815 858 unde

314 883 377 912 est
399 876 476 911 hoc
497 883 734 922 perpetuum
757 876 844 912 illis.
895 875 1015 923 Quod
1037 876 1157 911 etiam
1179 875 1232 911 sit
1253 882 1444 921 perpetua
1463 874 1729 916 fructificatio,
1749 883 1815 911 est

314 929 409 975 quia
437 929 671 965 universalis
700 929 868 975 sphaera
896 929 1112 975 generandi
1143 934 1185 964 et
1218 928 1464 975 propagandi
1493 929 1680 975 caelestia
1712 939 1830 975 quaer

314 982 461 1018 amoris
471 989 579 1023 sunt,
592 989 632 1018 et
646 982 869 1028 spiritualia
882 993 984 1028 quae
1000 981 1229 1027 sapientiae,
1242 988 1283 1016 et
1297 981 1390 1017 inde
1400 981 1596 1016 naturalia
1606 992 1708 1028 quae
1720 988 1815 1018 sunt

315 1035 484 1081 prolum,
507 1035 688 1081 procedit
709 1046 733 1071 a
754 1035 984 1075 Dominum,
1006 1042 1047 1070 et
1074 1034 1212 1080 implet
1233 1034 1464 1070 universum
1485 1034 1639 1070 caelum
1661 1042 1702 1070 et
1726 1035 1815 1070 uni-

313 1099 473 1124 versum
501 1089 706 1129 mundum,
727 1095 769 1124 et
794 1088 965 1134 sphaera
991 1088 1058 1123 illa
1082 1087 1269 1123 caelestis
1296 1087 1434 1133 implet
1455 1087 1608 1123 animas
1633 1087 1813 1123 omnium

314 1141 534 1182 hominum,
549 1148 589 1177 et
603 1141 812 1177 descendit
826 1152 896 1187 per
909 1148 1064 1176 mentes
1078 1141 1236 1176 illorum
1255 1140 1295 1175 in
1309 1151 1454 1186 corpus
1467 1151 1595 1186 usque
1607 1141 1657 1176 ad
1672 1140 1815 1177 ultima

313 1195 411 1241 ejus,
433 1201 475 1230 et
500 1195 570 1230 dat
594 1195 675 1230 vim
701 1194 938 1242 generandi;
971 1195 1042 1229 sed
1069 1194 1170 1230 haec
1195 1205 1276 1229 non
1304 1200 1438 1240 potest
1463 1194 1548 1229 dari
1573 1193 1672 1234 aliis,
1693 1204 1812 1240 quam

312 1248 419 1294 apud
438 1259 538 1294 quos
553 1255 664 1294 patet
677 1247 870 1283 transitus
887 1248 937 1283 ab
954 1248 1088 1282 anima
1106 1258 1177 1293 per
1190 1247 1335 1283 mentis
1350 1247 1556 1292 superiora
1569 1253 1610 1282 et
1627 1246 1815 1283 inferiora

313 1301 353 1336 in
375 1312 520 1347 corpus
541 1301 591 1336 ad
613 1301 700 1347 ejus
718 1300 869 1341 ultima,
888 1301 995 1347 quod
1018 1300 1063 1335 fit
1083 1300 1188 1346 apud
1208 1300 1297 1335 illos
1318 1300 1386 1347 qui
1409 1300 1448 1335 in
1469 1306 1617 1345 statum
1644 1300 1813 1346 primae-

310 1365 406 1390 vum
424 1354 638 1390 creationis
657 1365 699 1389 se
718 1353 926 1399 patiuntur
943 1353 1079 1388 reduci
1097 1364 1120 1388 a
1140 1353 1327 1389 Domino.
1378 1353 1619 1389 Asseverare
1637 1363 1814 1399 possum.

311 1408 420 1454 quod
439 1408 537 1443 mihi
556 1418 662 1442 nunc
683 1418 753 1453 per
771 1407 878 1443 mille
896 1418 1022 1442 annos
1041 1418 1236 1453 nusquam
1256 1406 1428 1442 defuerit
1446 1406 1624 1447 facultas,
1647 1417 1720 1445 nec
1739 1406 1812 1447 vis.

312 1460 385 1497 nec
409 1460 550 1501 virtus,
571 1467 611 1496 et
640 1461 749 1506 quod
776 1471 938 1507 prorsus
968 1471 1049 1496 non
1076 1460 1259 1495 sciverim
1286 1460 1436 1506 aliquid
1466 1460 1516 1495 de
1545 1459 1813 1496 diminutione

309 1514 468 1559 virium,
485 1514 675 1560 quoniam
691 1514 765 1549 hae
796 1509 877 1560 'per
894 1513 1131 1548 continuum
1146 1513 1341 1548 influxum
1356 1513 1548 1559 sphaerae
1563 1511 1812 1558 supradictae

311 1567 545 1603 universalis
566 1567 757 1602 continue
783 1573 994 1607 novantur,
1016 1573 1057 1602 et
1081 1573 1178 1602 tunc
1199 1577 1359 1613 quoque
1380 1566 1600 1602 laetificant
1620 1565 1811 1605 animum,

312 1628 354 1656 et
380 1631 462 1656 non
483 1621 724 1656 contristant
744 1619 848 1656 sicut
868 1620 974 1666 apud
1001 1620 1090 1656 illos
1116 1620 1184 1667 qui
1207 1620 1415 1666 patiuntur
1430 1618 1623 1665 jacturam
1643 1619 1811 1655 illarum.

313 1673 530 1709 Praeterea
546 1685 659 1709 amor
675 1684 769 1709 vere
790 1672 1027 1719 conjugialis
1048 1680 1109 1709 est
1131 1684 1294 1719 prorsus
1311 1673 1416 1708 sicut
1433 1672 1542 1708 calor
1560 1671 1744 1712 vernalis,
1761 1681 1812 1707 ex

311 1727 426 1773 cujus
454 1727 606 1764 influxu
632 1726 769 1762 omnia
793 1726 947 1772 spirant
971 1726 1020 1761 ad
1048 1726 1362 1772 germinationes
1387 1732 1428 1761 et
1461 1724 1811 1765 fructificationes:

310 1791 384 1816 nec
402 1780 504 1816 alius
522 1780 630 1815 calor
648 1779 688 1814 in
706 1780 818 1814 caelo
833 1785 971 1815 nostro
993 1786 1075 1814 est:
1100 1790 1222 1825 quare
1240 1779 1347 1824 apud
1361 1778 1553 1824 conjuges
1572 1778 1625 1813 ibi
1642 1784 1705 1813 est
1721 1787 1814 1813 ver—

310 1844 406 1868 num
426 1834 465 1868 in
484 1840 678 1879 perpetuo
696 1843 768 1868 suo
781 1839 942 1873 conatu,
958 1839 999 1868 et
1017 1832 1082 1867 hic
1099 1839 1316 1878 perpetuus
1329 1838 1498 1866 conatus
1515 1837 1587 1871 est,
1602 1841 1627 1865 a
1641 1840 1723 1876 quo
1741 1829 1810 1866 illa

308 1887 436 1922 virtus
452 1894 526 1923 est.
577 1886 655 1922 Sed
675 1885 1001 1921 fruftificationes
1022 1886 1127 1931 apud
1150 1897 1224 1921 nos
1246 1886 1284 1920 in
1306 1885 1436 1926 caelis,
1456 1891 1550 1920 sunt
1570 1884 1671 1919 aliae
1686 1894 1806 1930 quam

307 1940 414 1986 apud
437 1939 526 1975 illos
547 1939 586 1974 in
608 1940 743 1980 terris:
769 1939 873 1984 apud
897 1950 970 1974 nos
991 1945 1084 1974 sunt
1105 1938 1431 1974 fructificationes
1449 1937 1688 1983 spirituales,
1705 1947 1808 1982 quae

307 1999 402 2029 sunt
419 1993 566 2028 amoris
584 1999 624 2028 et
642 1992 871 2038 sapientiae,
887 2002 957 2026 seu
978 1991 1073 2026 boni
1092 1998 1132 2027 et
1149 1991 1251 2032 veri;
1278 2002 1379 2026 uxor
1395 2002 1444 2026 ex
1462 1990 1659 2036 sapientia
1672 1988 1805 2024 mariti

307 2046 449 2092 recipit
467 2046 507 2081 in
525 2057 567 2081 se
585 2056 761 2081 amorem
781 2045 877 2091 ejus,
896 2052 937 2080 et
955 2045 1121 2079 maritus
1139 2055 1188 2080 ex
1206 2055 1342 2079 amore
1361 2044 1448 2089 ejus
1468 2044 1507 2078 in
1526 2054 1650 2079 uxore
1664 2043 1806 2088 recipit

304 2099 344 2134 in
367 2110 410 2135 se
427 2099 661 2144 sapientiam
680 2110 687 2139 ;
715 2098 838 2133 immo
853 2108 954 2132 uxor
966 2097 1176 2133 actualiter
1189 2096 1384 2132 formatur
1401 2096 1440 2131 in
1454 2107 1631 2132 amorem
1645 2096 1805 2142 sapien-

306 2152 386 2188 tiae
401 2152 543 2192 mariti,
558 2151 666 2197 quod
685 2151 730 2186 fit
748 2162 818 2197 per
835 2150 1085 2196 receptiones
1099 2150 1430 2196 propagationum
1446 2149 1601 2184 animae
1615 2150 1701 2195 ejus
1712 2159 1805 2185 cum

307 2205 452 2241 delicio
463 2205 635 2240 oriundo
653 2215 701 2240 ex
719 2215 779 2245 eo,
791 2204 899 2250 quod
915 2204 1012 2239 velit
1030 2214 1116 2239 esse
1131 2203 1351 2248 sapientiae
1369 2203 1430 2238 sui
1445 2203 1577 2237 mariti
1595 2213 1727 2244 amor;
1750 2202 1806 2238 ita

308 2258 353 2293 fit
379 2259 445 2294 illa
469 2269 493 2294 a
517 2258 670 2304 virgine
691 2268 802 2297 uxor,
825 2264 865 2292 et
890 2256 1136 2297 similitud0;
1164 2256 1256 2291 inde
1276 2255 1396 2291 etiam
1418 2266 1531 2290 amor
1550 2267 1640 2291 cum
1663 2255 1804 2291 intima

306 2322 379 2347 sua
391 2311 568 2347 amicitia
580 2311 685 2356 apud
700 2321 875 2349 uxorem,
891 2321 937 2345 ac
954 2309 1150 2355 sapientia
1162 2319 1253 2343 cum
1271 2319 1343 2344 sua
1360 2308 1549 2344 felicitate
1563 2309 1669 2354 apud
1688 2308 1800 2344 mari-

306 2370 392 2398 tum
408 2363 634 2409 perenniter
646 2362 798 2403 crescit,
811 2368 852 2397 et
870 2362 947 2397 hoc
965 2362 1005 2396 in
1023 2367 1228 2397 aeternum
1241 2370 1248 2396 :
1275 2360 1339 2395 hic
1353 2367 1414 2396 est
1428 2367 1556 2396 status
1569 2361 1802 2407 angelorum

307 2416 444 2456 caeli,''

378 2468 481 2504 Cum
511 2468 678 2515 angelus
696 2467 795 2503 haec
812 2467 971 2503 locutus
997 2473 1068 2507 est,
1087 2466 1244 2511 aspexit
1275 2466 1364 2501 illos
1382 2466 1450 2512 qui
1469 2477 1596 2512 nuper
1609 2476 1631 2502 e
1650 2466 1803 2502 mundo

305 2529 513 2562 venerunt,
532 2529 572 2557 et
601 2522 702 2556 dixit
729 2521 816 2561 illis,
836 2526 856 2539 ‘⁴
870 2519 1008 2555 Nostis
1034 2520 1142 2565 quod
1174 2530 1246 2554 vos
1276 2519 1372 2554 dum
1406 2520 1445 2554 in
1475 2519 1624 2554 virtute
1653 2518 1802 2555 amoris

307 2574 450 2615 fuistis,
475 2574 704 2610 amaveritis
731 2574 924 2619 conjuges
948 2579 1112 2612 vestras,
1134 2578 1175 2607 et
1200 2572 1307 2617 quod
1343 2579 1435 2618 post
1468 2572 1655 2607 delicium
1688 2582 1801 2607 aver-

306 2628 438 2664 teritis
454 2638 549 2677 vos:
574 2628 643 2663 sed
659 2638 740 2662 non
759 2628 897 2667 nostis,
916 2627 1025 2673 quod
1045 2637 1118 2661 nos
1137 2625 1176 2660 in
1194 2626 1306 2660 caelo
1324 2636 1403 2660 non
1418 2636 1596 2660 amemus
1610 2625 1802 2672 conjuges

308 2693 356 2717 ex
373 2682 521 2717 virtute
541 2681 615 2721 illa,
630 2681 700 2716 sed
719 2681 827 2726 quod
845 2680 972 2716 virtus
987 2679 1102 2715 nobis
1120 2678 1172 2714 sit
1189 2689 1238 2713 ex
1255 2689 1402 2718 amore,
1417 2685 1458 2714 et
1476 2679 1584 2724 quod
1602 2678 1697 2724 quia
1713 2689 1802 2724 per-

308 2743 431 2782 petuo
444 2745 624 2770 amamus
638 2735 841 2780 conjuges,
857 2740 1092 2779 perpetuum
1108 2732 1223 2767 nobis
1239 2732 1335 2766 illud
1350 2732 1402 2767 sit
1417 2742 1425 2767 ε
1442 2742 1564 2778 quare
1582 2732 1614 2767 si
1634 2731 1802 2777 potestis

308 2789 507 2823 invertere
524 2794 684 2827 statum,
704 2787 872 2832 potestis
893 2786 971 2822 hoc
987 2785 1344 2831 comprehendere;
1370 2795 1502 2820 annon
1521 2784 1590 2830 qui
1608 2791 1802 2830 perpetuo

308 2848 417 2877 amat
433 2841 657 2887 conjugem,
675 2846 764 2875 tota
781 2846 914 2875 mente
932 2846 972 2874 et
989 2845 1078 2874 toto
1095 2848 1260 2884 corpore
1277 2844 1387 2872 amat
1405 2836 1540 2873 illam?
1565 2847 1677 2872 amor
1693 2836 1800 2872 enim

308 2894 430 2929 vertit
448 2894 582 2929 omnia
601 2893 746 2928 mentis
764 2899 805 2928 et
822 2892 957 2927 omnia
974 2890 1151 2936 corporis
1171 2891 1219 2926 ad
1250 2890 1288 2925 id
1310 2890 1418 2936 quod
1437 2896 1562 2931 amat;
1591 2897 1631 2924 et
1648 2889 1742 2935 quia
1760 2889 1799 2924 id

310 2948 511 2992 reciproce
530 2946 585 2986 fit,
598 2946 810 2991 conjungit
828 2940 986 2980 illos'ita
1003 2951 1047 2980 ut
1065 2943 1162 2978 fiant
1180 2943 1284 2978 sicut
1296 2943 1454 2978 unum.”
1491 2941 1671 2978 Ulterius
1687 2942 1801 2981 dixit.

310 3001 330 3013 ‘⁴
344 2999 435 3035 Non
450 3000 591 3046 loquar
605 2999 720 3034 vobis
731 2999 780 3034 de
793 3009 928 3033 amore
941 2995 1157 3043 conjugiali
1170 3006 1193 3031 a
1207 2995 1408 3031 creatione
1425 2995 1546 3031 insito
1561 2994 1746 3030 masculis
1759 3001 1801 3030 et
