2014 3386
341 366 427 410 290
806 364 1048 398 DELICIAE
1081 364 1384 397 SAPIENTIAE

422 481 563 534 369.
598 478 727 535 (viii.)
765 478 895 531 Quod
904 479 1122 533 zelotypia
1138 479 1268 520 detur
1282 478 1538 533 spiritualis
1555 480 1683 533 apud
1692 495 1836 524 mono-

333 559 508 599 gamos,
527 551 570 585 et
590 544 816 585 naturalis
833 544 960 596 apud
965 541 1441 596 pohtgamos.—-Quod
1459 543 1690 597 zelotypia
1705 545 1840 586 detur

338 608 583 663 spiritualis
608 607 728 660 apud
754 619 1069 660 monogam05‚
1099 613 1170 648 est
1202 608 1307 661 quia
1338 607 1383 648 hi
1415 607 1705 649 solummodo
1731 621 1838 662 pos-

338 679 446 714 sunt
481 672 682 724 recipere
714 683 916 711 amorem
949 669 1254 723 conjugialem
1285 671 1578 724 spiritualem,
1612 666 1669 713 ut⁴
1703 684 1840 725 supra

338 735 519 777 abunde
546 741 783 776 ostensum
809 740 907 775 est:
941 734 1106 775 dicitur
1129 734 1252 788 quod
1278 734 1426 784 detur,
1454 735 1535 776 sed
1566 734 1840 788 intelligitur

338 799 460 853 quod
482 798 602 852 apud
628 798 731 839 illos
754 797 915 838 dabilis
940 798 1029 848 sit;
1060 798 1181 851 quod
1207 811 1299 839 non
1321 798 1455 839 detur
1480 799 1564 839 nisi
1590 798 1709 852 apud
1737 811 1838 851 per-

338 877 507 917 paucos
533 863 578 903 in
609 862 870 903 Christiano
891 862 1015 910 orbe,
1040 862 1115 902 ubi
1142 861 1353 915 conjugia
1374 863 1695 915 monogamica
1716 868 1836 910 sunt,

338 934 387 969 at
413 927 534 981 quod
557 940 695 980 usque
722 926 782 967 ibi
808 925 970 966 dabilis
996 926 1070 974 sit,
1095 939 1229 979 supra
1251 927 1389 967 etiam
1414 925 1731 967 confirmatum
1752 931 1836 966 est.

340 990 478 1044 Quod
509 1003 637 1031 amor
667 989 936 1043 conjugialis
968 990 1089 1042 apud
1122 989 1396 1043 polygamos
1427 990 1485 1031 sit
1523 988 1758 1035 naturalis,
1791 988 1837 1029 in

338 1054 489 1107 capite
516 1053 586 1094 De
605 1052 872 1106 Polygamia
896 1051 959 1106 (n.
981 1062 1075 1105 345,
1098 1052 1199 1106 347)
1225 1053 1460 1104 videatur3
1493 1052 1702 1093 similiter
1727 1058 1836 1093 tunc

339 1117 585 1170 zelotypia,
610 1117 714 1170 quia
736 1116 850 1157 haec
874 1117 1078 1170 sequitur
1099 1129 1316 1157 amorem.
1378 1115 1536 1169 Qualis
1563 1122 1636 1157 est
1661 1115 1837 1168 zeloty-

338 1182 413 1234 pia
434 1180 797 1234 polygamorum‚
817 1177 989 1222 docent
1007 1177 1291 1234 quorundam
1308 1179 1556 1221 relationes
1573 1179 1838 1233 autopsicae

338 1246 396 1286 de
418 1244 496 1285 illa
517 1244 637 1297 apud
654 1244 928 1295 orientales3
962 1257 1076 1298 quae
1101 1250 1222 1293 sunt,
1246 1244 1367 1297 quod
1390 1257 1558 1284 uxores
1581 1249 1628 1284 et
1650 1241 1838 1296 pellices

339 1309 653 1351 custodiantur
675 1308 791 1350 sicut
816 1308 1025 1361 captivae
1051 1308 1095 1348 in
1122 1307 1382 1360 ergastulis,
1406 1313 1453 1348 et
1479 1307 1537 1348 ab
1562 1307 1687 1347 omni
1712 1318 1838 1347 com-

339 1372 647 1413 municatione
674 1384 775 1413 curn
808 1372 916 1413 viris
939 1371 1234 1412 detineantur
1265 1376 1311 1411 et
1341 1377 1608 1421 arceantur3
1641 1369 1761 1424 quod
1791 1369 1838 1410 in

339 1449 578 1489 gynaecea
608 1449 687 1476 seu
719 1435 955 1476 conclavia
981 1435 1219 1476 custodiae
1251 1434 1442 1483 illarum,
1468 1448 1558 1475 non
1591 1434 1726 1475 liceat
1755 1432 1837 1474 ali-

340 1500 409 1541 cui
432 1500 542 1548 viro,
567 1499 651 1540 nisi
673 1500 925 1540 comitante
948 1498 1169 1547 eunucho,
1193 1499 1362 1540 intrare
1381 1512 1390 1549 ;
1422 1504 1469 1539 et
1492 1498 1612 1552 quod
1635 1497 1838 1551 impense
1863 1533 1867 1537 .

339 1563 621 1612 observetur,
641 1563 677 1603 si
699 1562 850 1617 aliqua
871 1577 931 1604 ex
958 1562 1046 1603 illis
1073 1562 1243 1603 lascivo
1269 1561 1402 1603 oculo
1427 1567 1505 1602 aut
1531 1560 1660 1602 vultu
1685 1567 1837 1602 trans-

340 1633 525 1668 euntem
557 1625 792 1680 aspec'cet3
830 1632 876 1667 et
909 1626 1030 1680 quod
1063 1626 1099 1666 si
1130 1625 1217 1667 hoc
1250 1625 1643 1674 animadvertitur,
1670 1624 1838 1666 femina

340 1688 585 1731 mulctetur
610 1689 784 1743 plagis:
824 1696 871 1731 et
904 1691 940 1731 si
972 1689 1206 1731 lasciviam
1232 1695 1421 1730 exercet
1447 1701 1549 1730 cum
1575 1685 1838 1729 introducto

339 1753 491 1808 aliquo
522 1754 618 1795 viro
648 1754 694 1795 in
724 1754 890 1796 atrium
922 1767 1001 1808 per
1031 1759 1196 1803 astum,
1229 1759 1306 1794 aut
1338 1752 1599 1802 forinsecus,
1628 1751 1838 1805 puniatur

341 1823 502 1859 morte.

424 1888 558 1933 370.
599 1881 674 1922 Ex
706 1880 776 1922 his
807 1880 991 1935 quidem
1017 1880 1293 1921 illustratum
1325 1885 1412 1928 est,
1441 1878 1585 1932 qualis
1617 1883 1687 1920 est
1719 1877 1836 1931 ignis

340 1944 637 1997 zelotypieus‚
666 1945 710 1985 in
742 1958 876 1998 quern
903 1944 1165 1986 exardescit
1191 1957 1318 1985 amor
1348 1942 1614 1995 conjugialis
1641 1941 1836 1995 polyga-

340 2008 496 2057 micus,
525 2008 646 2061 quod
673 2009 730 2050 sit
757 2009 801 2049 in
828 2009 938 2049 iram
965 2014 1011 2049 et
1034 2005 1308 2058 vindictam;
1340 2007 1384 2047 in
1416 2006 1526 2047 iram
1559 2005 1678 2058 apud
1705 2017 1836 2046 man-

340 2078 511 2120 suetos,
545 2078 592 2113 et
633 2072 677 2112 in
719 2070 967 2113 vindictam
999 2071 1118 2124 apud
1150 2071 1505 2120 immansuetos3
1553 2075 1600 2110 et
1641 2068 1727 2110 hoc
1769 2067 1835 2117 fit,

340 2135 443 2189 quia
467 2148 595 2176 amor
616 2134 794 2176 illorum
817 2141 887 2176 est
910 2134 1143 2183 naturalis,
1167 2140 1214 2175 et
1241 2146 1332 2174 non
1356 2133 1599 2186 participat
1625 2146 1686 2173 ex
1709 2132 1836 2186 spiri-

340 2198 477 2250 tuali3
509 2199 595 2240 hoc
619 2200 911 2253 consequitur
933 2213 994 2240 ex
1015 2198 1345 2240 demonstratis
1367 2198 1411 2237 in
1434 2197 1583 2249 capite
1608 2196 1677 2237 De
1700 2195 1836 2249 Poly-

340 2263 505 2315 gamia,
534 2277 593 2304 ex
621 2263 690 2304 his
716 2263 789 2312 ibi,
820 2262 955 2316 Quod
983 2262 1251 2315 Polygamia
1276 2262 1334 2302 sit
1362 2260 1572 2302 Lascivia
1606 2259 1667 2314 (n.
1701 2258 1802 2314 345)
1825 2273 1834 2310 ;

340 2331 386 2367 et
409 2324 544 2379 Quod
572 2326 861 2380 Polygamus,
886 2326 1098 2380 quamdiu
1120 2331 1276 2366 manet
1303 2324 1593 2377 Polygamus,
1619 2323 1678 2364 sit'
1703 2329 1836 2364 natu-

340 2390 461 2439 ralis,
489 2396 537 2431 et
578 2403 669 2431 non
702 2389 794 2431 fieri
826 2390 971 2443 possit
1004 2387 1249 2442 spiritualis
1285 2386 1347 2441 (n.
1383 2387 1500 2441 347).
1561 2386 1697 2427 Alius
1726 2399 1837 2427 vero

341 2460 412 2495 est
443 2454 560 2507 ignis
592 2453 874 2506 zelotypicus
906 2453 1024 2506 apud
1052 2464 1354 2504 monogamos
1381 2450 1642 2492 naturales:
1675 2448 1835 2490 horum

340 2530 468 2558 amor
494 2530 585 2558 non
612 2518 676 2558 ita
702 2517 967 2558 accenditur
989 2522 1149 2557 contra
1170 2515 1375 2563 feminas,
1401 2515 1481 2556 sed
1508 2520 1671 2555 contra
1691 2513 1835 2555 viola-

341 2587 491 2631 tores;
525 2587 687 2621 contra
708 2581 792 2621 hos
816 2580 864 2621 fit
887 2580 964 2628 ira,
992 2585 1041 2621 et
1062 2585 1222 2620 contra
1244 2578 1345 2619 illas
1366 2578 1530 2631 frigus:
1564 2577 1695 2618 aliter
1716 2575 1836 2630 apud

341 2644 629 2698 polygamos,
658 2657 847 2698 quorum
881 2643 1137 2697 zelotypiae
1167 2642 1284 2695 ignis
1315 2643 1455 2683 etiam
1486 2641 1651 2695 flagrat
1681 2645 1836 2681 oestro

341 2706 593 2749 vindiEtae:
641 2707 728 2748 hoc
760 2708 878 2749 inter
909 2720 1068 2748 causas
1098 2706 1238 2747 etiam
1277 2712 1363 2755 est,
1396 2705 1518 2760 quod
1550 2703 1737 2757 pellices
1786 2708 1836 2744 et

341 2785 510 2813 uxores
537 2770 885 2824 polygamorum
917 2776 1022 2824 post
1054 2775 1249 2810 mortem
1276 2769 1426 2823 quoad
1458 2767 1631 2822 plurem
1658 2772 1836 2820 partem

342 2835 736 2883 manumittantur,
762 2841 808 2876 et
837 2834 893 2875 ad
921 2846 1157 2888 gynaecea
1179 2846 1270 2874 non
1297 2833 1540 2880 custodita,
1565 2831 1622 2872 ad
1649 2830 1850 2872 concin—'

342 2898 544 2939 nandum
562 2898 699 2947 varia,
719 2911 834 2951 quae
852 2902 1091 2951 operarum
1109 2896 1393 2937 muliebrium
1411 2901 1531 2943 sunt,
1552 2893 1835 2947 delegentur.

425 2969 549 3014 371.
583 2959 686 3014 (ix.)
723 2959 852 3010 Quod
885 2959 1103 3013 zelotypia
1138 2959 1264 3012 apud
1296 2958 1396 2999 illos
1430 2957 1650 3012 conjuges,
1676 2954 1756 3009 qui
1789 2968 1838 2996 se

342 3030 485 3065 tenere
509 3029 675 3074 amant,
699 3024 761 3065 sit
768 3025 926 3078 justus
948 3023 1074 3064 dolor
1095 3036 1151 3063 ex
1170 3035 1284 3063 sana
1305 3020 1450 3063 ration
1477 3053 1486 3071 ,
1514 3034 1566 3061 ne
1588 3033 1713 3061 amor
1736 3031 1833 3060 con-
