2014 3386
321 332 376 373 86
784 344 1027 376 DELICIAE
1059 345 1361 379 SAPIENTIAE

319 457 413 499 veri
449 472 509 499 ex
541 457 620 500 illo
645 472 778 500 vero:
821 474 881 501 ex
913 474 1001 514 qua
1026 459 1294 502 formatione
1325 461 1465 503 videri
1497 467 1666 516 potest,
1695 463 1816 518 quod

319 522 378 563 sit
397 528 553 563 mutua
569 521 805 564 inclinatio
823 523 880 563 ad
899 524 1194 565 reuniendum
1218 533 1280 574 se,
1300 531 1346 566 et
1369 525 1426 566 ad
1445 525 1812 579 conjungendum

318 598 367 625 se
394 585 437 625 in
465 598 616 626 unum.
678 584 767 627 Sed
800 586 887 627 hoc
919 585 969 628 fit
1001 587 1119 641 apud
1143 589 1262 629 viros
1288 589 1362 642 qui
1393 589 1437 629 in
1471 591 1669 642 genuina
1694 592 1812 644 sapi-

319 649 446 689 entia
467 654 587 697 sunt,
613 654 660 690 et
683 649 801 702 apud
824 649 1035 691 mulieres
1053 665 1167 705 quae
1189 652 1232 692 in
1260 665 1412 693 amore
1431 652 1547 694 illius
1566 654 1814 706 sapientiae
1834 673 1836 675 ·

318 711 364 751 in
391 712 555 753 marito
578 718 696 759 sunt.
723 713 788 753 ita
813 713 886 767 qui
912 714 956 753 in
983 727 1136 755 amore
1158 729 1264 756 vere
1286 715 1528 769 conjugiali
1551 722 1671 757 sunt.
1724 715 1814 758 Sed

319 775 376 817 de
403 776 631 828 sapientia
654 789 769 829 quae
796 776 915 830 apud
939 778 1082 818 virum
1105 778 1202 827 erit,
1226 784 1274 820 et
1297 792 1411 832 quae
1437 780 1635 821 amanda
1659 785 1730 821 est
1757 780 1816 821 ab

321 852 479 887 uxore,
504 839 548 879 in
575 839 869 892 sequentibus
894 841 1033 881 etiam
1059 841 1244 882 dicetur.

405 911 507 953 9ο.
541 900 639 956 (ἰν.)
677 901 806 953 Quod
825 902 871 943 in
902 903 1107 957 subjeffls
1135 904 1273 957 regni
1294 904 1505 946 animalis
1532 920 1685 947 verum
1715 905 1820 947 boni
1874 937 1876 939 -

318 978 395 1005 seu
412 979 564 1006 verum
586 979 642 1006 ex
658 965 764 1006 bono
780 965 844 1007 sit
863 966 1167 1015 masculinum,
1187 973 1229 1008 et
1248 968 1367 1021 quod
1377 982 1433 1009 ex
1452 968 1527 1009 illo
1544 968 1699 1010 bonum
1715 969 1819 1010 veri

318 1042 395 1069 seu
425 1028 581 1070 bonum
615 1043 672 1069 ex
710 1028 786 1070 illo
815 1043 917 1070 vero
948 1029 1011 1071 sit
1027 1030 1506 1084 femininum—Quod
1547 1046 1573 1073 a
1614 1032 1812 1074 Domino

319 1092 538 1134 Creatore
569 1098 616 1134 et
648 1091 831 1134 Statore
858 1094 1051 1134 universi
1082 1094 1238 1135 influat
1270 1101 1489 1147 perpetua
1514 1095 1618 1136 unio
1649 1097 1813 1137 amoris

319 1162 366 1197 et
392 1156 642 1208 sapientiae
667 1169 746 1197 seu
772 1156 1030 1210 conjugium
1056 1157 1163 1198 boni
1190 1163 1236 1198 et
1262 1158 1367 1206 veri,
1393 1163 1439 1199 et
1465 1159 1585 1212 quod
1611 1157 1814 1212 subjecta

319 1226 476 1261 creata
506 1220 727 1273 recipiant
759 1219 885 1260 illum
918 1220 1155 1274 quodlibet
1181 1221 1428 1262 secundum
1454 1235 1580 1262 suam
1605 1221 1811 1271 formam,

319 1296 454 1336 supra
482 1280 543 1336 (n.
572 1281 730 1336 84-86)
759 1289 991 1324 ostensum
1023 1290 1120 1334 est;
1162 1284 1282 1337 quod
1314 1290 1467 1325 autem
1493 1285 1722 1326 masculus
1752 1299 1812 1327 ex

317 1346 405 1387 hoc
433 1345 644 1399 conjugio
669 1360 748 1386 seu
774 1360 832 1386 ex
859 1345 936 1387 illa
967 1347 1132 1387 unione
1158 1347 1345 1400 recipiat
1367 1361 1522 1388 verum
1549 1348 1811 1401 sapientiae,

318 1416 365 1451 et
385 1410 425 1450 ei
443 1409 744 1462 conjungatur
761 1423 787 1450 a
805 1409 1004 1450 Domino
1021 1410 1190 1450 bonum
1209 1411 1372 1451 amoris
1390 1411 1638 1452 secundum
1655 1425 1811 1465 recep·

317 1474 519 1523 tionem;
557 1478 603 1513 et
635 1472 754 1526 quod
781 1473 983 1525 receptio
1009 1472 1122 1514 haec
1149 1473 1227 1514 fiat
1258 1474 1302 1514 in
1335 1472 1584 1521 intellectu,
1613 1479 1660 1515 et
1691 1474 1812 1528 quod

317 1536 423 1577 inde
449 1535 675 1576 masculus
701 1542 917 1576 nascatur
947 1542 996 1577 ut
1027 1535 1104 1577 fiat
1130 1535 1465 1584 intellectualis,
1488 1538 1610 1578 -ratio
1641 1551 1700 1578 ex
1732 1551 1813 1578 suo

318 1598 486 1640 lumine
509 1604 663 1651 potest
685 1613 745 1640 ex
767 1599 899 1639 variis
922 1599 1039 1652 apud
1062 1599 1187 1640 illum
1209 1600 1375 1648 videre,
1399 1600 1615 1653 imprimis
1638 1614 1697 1641 ex
1719 1599 1811 1653 ejus

318 1661 570 1711 affectione,
590 1661 683 1715 ejus
706 1662 1026 1715 applicatione,
1046 1662 1138 1715 ejus
1161 1662 1372 1711 moribus,
1392 1669 1438 1704 et
1461 1677 1518 1704 ex
1542 1662 1634 1716 ejus
1654 1663 1810 1705 forma.

318 1725 395 1766 Ex
418 1724 603 1766 masculi
621 1724 864 1779 affec‘lz‘one‚
884 1725 1004 1779 quod
1028 1726 1085 1766 sit
1108 1723 1285 1766 affectio
1308 1726 1491 1773 sciendi,
1511 1725 1809 1779 intelligendi,

318 1794 367 1829 et
389 1788 619 1842 sapiendi;
647 1786 1018 1833 affe&io,sciendi
1040 1789 1084 1829 in
1107 1789 1314 1841 pueritia,
1334 1787 1510 1829 affectio
1528 1788 1812 1841 intelligendi

317 1852 364 1892 in
396 1851 708 1892 adolescentia
734 1857 780 1892 et
812 1852 955 1905 prima
975 1851 1228 1904 juventute,
1257 1858 1303 1892 et
1325 1850 1502 1892 affectio
1528 1852 1729 1904 sapiendi
1755 1851 1812 1892 ab

316 1914 403 1956 hac
421 1914 660 1968 juventute
687 1928 826 1968 usque
852 1915 897 1955 in
924 1913 1232 1964 sene&utem;
1256 1928 1315 1955 ex
1342 1914 1500 1968 quibus
1525 1920 1667 1967 patet,
1691 1914 1811 1968 quod

318 1978 412 2031 ejus
435 1984 596 2019 natura
619 1992 696 2018 seu
718 1977 894 2018 indoles
917 1977 1103 2018 inclinet
1126 1977 1182 2017 ad
1208 1977 1490 2017 formandum
1513 1975 1809 2025 intellectum,

319 2047 652 2094 consequenter
674 2041 794 2094 quod
818 2046 1031 2081 nascatur
1052 2046 1100 2081 ut
1126 2039 1203 2081 fiat
1226 2038 1575 2089 inte11e6>cualis;
1607 2039 1687 2080 sed
1709 2040 1813 2094 quia

318 2104 407 2146 hoc
440 2103 532 2145 fieri
564 2117 653 2145 non
686 2110 842 2157 potest
874 2104 958 2145 nisi
988 2117 1047 2144 ex
1080 2116 1248 2150 amore,
1276 2117 1413 2156 quare
1445 2102 1666 2143 Dominus
1690 2102 1810 2144 hunc

319 2167 526 2220 adjungit
566 2167 629 2207 illi
669 2167 917 2207 secundum
957 2167 1279 2219 receptionem,
1318 2166 1403 2206 hoc
1442 2172 1525 2214 est,
1564 2165 1811 2206 secundum

318 2231 518 2271 animum
544 2230 664 2283 quod
687 2230 798 2271 velit
821 2243 991 2282 sapere.
1054 2229 1128 2270 Ex
1156 2229 1248 2282 ejus
1271 2228 1576 2281 applicatione,
1600 2242 1714 2281 quae
1739 2235 1811 2269 est

317 2294 375 2335 ad
413 2293 524 2334 talia
564 2307 679 2347 quae
715 2291 975 2334 intellectus
1006 2298 1126 2340 sunt,
1160 2306 1238 2332 seu
1278 2293 1322 2332 in
1362 2292 1521 2345 quibus
1552 2289 1811 2332 intellectus

317 2356 701 2410 praedominatur,
726 2369 913 2410 quorum
937 2355 1148 2409 pleraque
1170 2355 1365 2396 forensia
1386 2360 1505 2403 sunt,
1529 2359 1575 2395 et
1598 2352 1809 2406 spectant

319 2433 424 2460 usus
456 2420 499 2460 in
527 2419 721 2472 publico.
782 2419 857 2459 Ex
884 2418 977 2472 ejus
1003 2418 1212 2467 moribus,
1240 2418 1314 2471 qui
1346 2430 1503 2458 omnes
1529 2416 1718 2458 trahunt
1749 2431 1810 2458 ex

318 2482 628 2537 praedominio
654 2480 942 2532 intelle&us;
980 2481 1098 2521 unde
1130 2487 1216 2529 est,
1244 2480 1364 2534 quod
1397 2478 1524 2520 aetus
1549 2480 1669 2519 vitae
1700 2478 1808 2532 ejus,

318 2546 392 2600 qui
415 2544 731 2597 intelliguntur
752 2557 831 2597 per
852 2557 1014 2592 mores,
1039 2544 1129 2584 sint
1155 2542 1414 2591 rationales,
1438 2549 1485 2583 et
1511 2542 1547 2582 si
1574 2555 1664 2582 non
1687 2549 1808 2591 sunt,

316 2608 427 2650 velit
444 2614 492 2649 ut
510 2613 758 2660 appareant
775 2620 784 2647 :
819 2607 1101 2648 rationalitas
1119 2606 1366 2647 masculina
1383 2605 1650 2658 perspicitur
1670 2605 1809 2646 etiam

318 2673 363 2713 in
395 2671 517 2713 omni
543 2671 710 2711 virtute
736 2669 841 2723 ejus.
904 2670 978 2710 Ex
1005 2669 1097 2722 ejus
1112 2670 1286 2721 forma,
1314 2668 1433 2722 quod
1465 2669 1522 2708 sit
1554 2668 1732 2709 diversa
1762 2674 1810 2709 et

318 2748 499 2789 prorsus
525 2731 741 2775 distincta
767 2746 792 2773 a
818 2733 960 2773 forma
985 2732 1202 2781 seminae;
1245 2731 1300 2772 de
1328 2745 1414 2784 qua
1439 2731 1646 2771 videatur
1671 2731 1809 2772 etiam

318 2797 487 2852 aliquid
528 2810 662 2849 supra
697 2794 759 2849 (n.
793 2794 880 2849 33).
945 2794 1029 2835 His
1071 2794 1262 2842 accedit,
1301 2793 1420 2847 quod
1465 2793 1713 2846 prolificum
1749 2794 1809 2833 sit

317 2862 363 2902 in
394 2860 502 2911 illo;
533 2859 621 2900 hoc
649 2872 740 2900 non
766 2858 946 2899 aliunde
971 2863 1041 2898 est
1068 2869 1201 2910 quam
1228 2870 1287 2896 ex
1314 2854 1564 2903 intellectu,
1592 2862 1663 2896 est
1689 2856 1808 2896 enim

321 2938 347 2964 a
372 2937 479 2964 vero
502 2937 561 2964 ex
586 2922 707 2963 bono
728 2921 815 2973 ibi;
848 2920 967 2975 quod
994 2919 1098 2961 inde
1129 2919 1187 2960 sit
1213 2917 1476 2972 prolificum,
1504 2919 1548 2959 in
1580 2918 1808 2972 sequenti-

318 2987 402 3027 bus
427 2986 664 3028 videbitur.
