2014 3386
348 323 398 364 18
807 332 1048 365 DELICIAE
1080 333 1384 367 SAPIENTIAE

341 443 598 485 caelestibus;
628 449 669 479 et
695 443 817 490 plura,
840 455 942 490 quae
967 455 1048 480 non
1074 445 1218 492 aliquis
1238 446 1378 482 oculus
1405 445 1444 482 in
1469 447 1586 483 terris
1610 447 1776 488 viderat,
1794 454 1836 484 et

343 497 434 533 inde
467 507 541 533 nec
565 496 709 544 aliquis
733 497 809 533 sibi
835 497 954 534 fidem
981 498 1169 535 inducere
1194 506 1379 546 potuerat
1403 500 1513 547 'quod
1538 501 1635 536 talia
1659 501 1700 536 in
1725 502 1836 538 caelo

341 551 433 587 sint.

411 603 514 640 Cum
534 602 574 639 in
591 610 756 650 stupore
772 615 822 640 ex
837 604 934 641 visis
952 605 1172 652 magnificis
1191 605 1268 642 illis
1286 612 1409 646 erant,
1427 606 1530 643 dixit
1546 607 1723 654 angelus,
1740 613 1762 627 “
1774 608 1835 645 Ne

340 656 560 698 miremini,
594 657 693 693 haec
713 668 815 704 quae
831 657 988 699 videtis,
1006 669 1087 694 non
1113 665 1208 694 sunt
1233 659 1367 705 aliqua
1387 671 1507 695 manu
1527 660 1708 707 angelica
1732 660 1836 697 fasta

339 716 379 745 et
405 709 607 750 fabricata,
626 710 697 746 sed
718 717 815 746 sunt
840 711 1005 746 condita
1029 712 1079 746 ab
1105 711 1260 758 Opifice
1282 712 1479 754 Universi,
1497 720 1539 748 et
1564 714 1719 749 muneri
1741 714 1836 750 data

338 762 507 808 principi
519 769 678 804 nostro:
700 774 823 810 quare
837 763 902 799 hic
915 770 976 799 est
989 775 1051 800 ars
1062 764 1373 801 architestonica
1385 765 1425 800 in
1440 765 1526 812 ipsa
1536 777 1608 802 sua
1623 773 1720 808 arte,
1732 774 1773 803 et
1786 778 1836 803 ex

340 815 414 850 hac
427 822 521 851 sunt
534 826 674 852 omnes
688 816 807 863 hujus
821 817 917 853 artis
935 818 1094 864 regulae
1113 818 1153 853 in
1172 818 1358 854 mundo.”
1400 818 1527 854 Porro
1541 819 1643 855 dixit
1656 820 1833 867 angelus,

339 868 456 904 “Vos
473 869 642 915 potestis
659 876 866 905 autumare
883 870 992 916 quod
1009 871 1105 906 talia
1122 869 1318 906 fascinent
1331 871 1470 908 oculos
1483 878 1655 914 nostros,
1669 883 1717 908 ac
1735 873 1835 908 infa-

337 928 455 957 tuent
472 922 572 963 illos,
587 933 713 968 usque
730 928 776 958 ut
793 923 1002 959 credamus
1020 923 1087 959 illa
1104 923 1230 959 nostri
1244 924 1343 959 caeli
1360 925 1507 971 gaudia
1523 936 1631 966 esse:
1652 926 1722 962 sed
1741 926 1835 972 quia

337 975 461 1010 corda
478 981 615 1011 nostra
632 986 713 1011 non
732 975 772 1011 in
791 975 868 1011 illis
881 982 985 1016 sunt,
1000 983 1094 1012 sunt
1112 977 1234 1012 modo
1247 977 1470 1013 accessoria
1481 978 1638 1024 gaudiis
1651 979 1833 1015 cordium

338 1034 591 1069 nostrorum:
626 1028 716 1064 ideo
741 1035 934 1075 quantum
955 1030 1276 1075 contemplamur
1297 1030 1364 1066 illa
1388 1037 1434 1066 ut
1458 1031 1689 1073 accessoria,
1715 1043 1762 1068 ac
1787 1039 1834 1068 ut

338 1081 498 1127 opificia
516 1081 602 1122 Dei,
620 1087 778 1117 tantum
796 1083 1116 1128 contemplamur
1134 1082 1322 1119 Divinam
1340 1083 1674 1130 omnipotentiam
1693 1092 1734 1121 et
1754 1086 1833 1122 cle·

339 1134 530 1170 mentiam
549 1134 589 1169 in
609 1134 723 1170 illis?

408 1196 486 1235 13.
521 1187 620 1223 Post
645 1187 745 1223 haec
769 1188 934 1235 angelus
955 1188 1056 1224 dixit
1078 1189 1166 1230 illis,
1189 1188 1411 1225 “Nondum
1435 1196 1498 1226 est
1523 1190 1709 1227 meridies
1729 1191 1832 1234 diei;

335 1241 472 1277 venite
493 1252 648 1276 mecum
668 1241 707 1276 in
726 1241 916 1287 principis
937 1242 1064 1277 nostri
1086 1242 1259 1284 hortum,
1277 1243 1426 1289 palatio
1449 1244 1541 1280 huic
1562 1244 1832 1291 contiguum.”

339 1294 390 1329 Et
417 1294 584 1335 iverunt,
602 1305 648 1329 ac
670 1294 710 1329 in
738 1294 904 1330 introitu
926 1295 1038 1337 dixit,
1061 1300 1081 1313 ‘¹
1096 1295 1155 1330 En
1177 1295 1316 1332 hortus
1335 1297 1569 1344 magnificus
1591 1308 1684 1344 prae
1705 1298 1833 1334 hortis

337 1347 377 1383 in
395 1346 555 1383 caelesti
574 1347 649 1382 hac
666 1347 894 1383 societate.''

407 1400 465 1436 At
495 1400 797 1446 responderunt,
830 1399 968 1447 “Quid
999 1400 1128 1437 dicis?
1159 1411 1241 1436 non
1271 1401 1337 1437 hic
1364 1408 1426 1438 est
1454 1402 1614 1445 hortus;
1649 1403 1833 1440 videmus

337 1453 459 1489 modo
478 1464 598 1488 unam
616 1454 808 1493 arborem.
828 1465 874 1489 ac
892 1454 931 1488 in
951 1454 1070 1490 ramis
1091 1460 1134 1489 et
1155 1454 1195 1489 in
1212 1455 1362 1491 vertice
1382 1455 1469 1501 ejus
1489 1456 1593 1491 sicut
1613 1455 1765 1492 fruetus
1782 1467 1832 1492 ex

335 1518 443 1547 auro,
463 1513 503 1542 et
521 1507 624 1542 sicut
642 1506 737 1542 folia
755 1517 804 1542 ex
821 1513 999 1553 argento,
1018 1514 1058 1542 et
1084 1507 1228 1543 horum
1255 1519 1344 1543 oras
1361 1515 1572 1545 exornatas
1590 1509 1831 1556 smaragdis;

336 1566 377 1595 et
394 1560 468 1595 sub
487 1559 552 1595 illa
569 1560 708 1595 arbore
728 1559 899 1595 infantes
917 1571 1007 1595 curn
1027 1560 1197 1596 alumnis
1216 1560 1409 1596 illorum.¹'

407 1612 472 1648 Ad
492 1613 591 1648 haec
608 1613 771 1659 angelus
790 1623 889 1648 voce
911 1612 1104 1659 inspirata
1125 1613 1236 1654 dixit,
1256 1613 1400 1649 “Haec
1420 1614 1538 1650 arbor
1553 1620 1615 1650 est
1636 1614 1675 1650 in
1697 1614 1831 1651 medio

336 1665 454 1706 horti,
467 1672 507 1701 et
520 1677 543 1701 a
557 1665 672 1701 nobis
681 1672 850 1703 vocatur
860 1666 978 1701 arbor
989 1665 1115 1701 nostri
1127 1666 1236 1707 caeli,
1248 1673 1288 1702 et
1302 1677 1325 1702 a
1338 1667 1576 1713 quibusdam
1588 1668 1706 1703 arbor
1713 1667 1830 1704 vitae.

336 1718 415 1754 Sed
435 1718 599 1765 pergite,
618 1725 659 1754 et
677 1719 1005 1765 appropinquate,
1026 1726 1067 1754 et
1087 1719 1316 1765 aperientur
1335 1719 1440 1755 oculi
1465 1720 1599 1761 vestri,
1617 1726 1658 1756 et
1678 1720 1830 1756 videbi-

335 1771 388 1807 tis
406 1771 606 1807 hortum.”

407 1825 469 1860 Ac
494 1824 676 1860 fecerunt
697 1824 761 1865 ita,
780 1830 820 1860 et
840 1824 967 1870 aperti
991 1830 1085 1859 sunt
1102 1824 1219 1865 oculi,
1237 1831 1278 1860 et
1294 1824 1484 1860 videbant
1501 1825 1661 1861 arbores
1678 1825 1831 1861 uberri-

336 1887 421 1912 mas
458 1876 651 1912 fructibus
687 1877 851 1923 saporis,
882 1877 1175 1924 circumligatas
1209 1877 1358 1914 vitibus
1396 1877 1628 1924 pampineis,
1659 1889 1827 1924 quarum

334 1930 506 1966 vertices
540 1941 631 1965 cum
662 1928 856 1965 frussibus
887 1930 1083 1964 nutabant
1108 1941 1244 1966 versus
1273 1931 1454 1966 arborem
1479 1930 1586 1966 vitae
1616 1930 1656 1965 in
1682 1931 1829 1967 medio.

336 1983 513 2019 Arbores
532 1982 606 2018 hae
626 1982 665 2017 in
687 1982 878 2018 continua
898 1982 998 2017 serie
1020 1983 1197 2018 consitae
1219 1990 1341 2024 erant,
1360 1994 1460 2030 quae
1481 1983 1614 2018 exibat
1631 1990 1673 2019 et
1690 1994 1830 2031 perge·

335 2037 403 2071 bat
422 2036 461 2071 in
481 2046 674 2082 perennes
688 2036 804 2070 orbes
818 2046 887 2071 seu
901 2046 1019 2081 gyros
1034 2036 1136 2070 sicut
1151 2043 1363 2082 perpetuae
1377 2036 1534 2077 helicis:
1554 2042 1640 2072 erat
1653 2035 1830 2083 perrefita

335 2089 443 2124 helix
468 2089 642 2129 arborea,
666 2088 704 2123 in
727 2099 808 2134 qua
833 2088 985 2133 species
1012 2095 1102 2133 post
1128 2089 1279 2134 species
1305 2089 1494 2124 continue
1515 2089 1733 2125 secundum
1755 2099 1828 2125 no-

335 2141 510 2177 bilitates
528 2140 727 2176 fructuum
747 2141 1035 2186 sequebantur:
1062 2141 1299 2187 principium
1317 2141 1687 2188 circumgyrationis
1705 2141 1828 2178 dista-

334 2195 403 2230 bat
427 2195 477 2230 ab
503 2195 643 2229 arbore
679 2194 719 2228 in
745 2193 878 2229 medio
908 2193 1052 2239 insigni
1080 2193 1298 2235 intervallo,
1324 2205 1371 2230 ac
1404 2195 1655 2230 intervallum
1685 2205 1827 2230 corus-

334 2248 450 2283 cabat
474 2247 613 2293 jubare
638 2246 748 2287 lucis,
767 2257 816 2282 ex
836 2257 916 2292 quo
937 2247 1096 2281 arbores
1116 2247 1200 2293 gyri
1222 2247 1486 2292 splendebant
1506 2247 1718 2293 splendore
1737 2258 1827 2283 suc-

334 2301 488 2337 cessivo
514 2307 555 2336 et
580 2300 818 2336 continuato
844 2310 868 2335 a
894 2299 1032 2346 primis
1057 2300 1108 2334 ad
1137 2299 1317 2336 ultimas:
1348 2301 1498 2346 primae
1525 2301 1686 2336 arbores
1712 2307 1827 2336 erant

335 2354 514 2390 omnium
549 2352 923 2399 praestantissimae,
958 2351 1152 2388 fructibus
1188 2353 1334 2398 opimis
1367 2354 1624 2394 luxuriantes,
1658 2360 1825 2389 vocatae

335 2406 614 2453 paradisiacae,
634 2416 829 2452 nusquam
855 2405 965 2440 visae
992 2405 1085 2451 quia
1113 2416 1192 2440 non
1223 2406 1339 2441 datae
1367 2417 1440 2441 nec
1467 2406 1619 2441 dabiles
1645 2405 1684 2441 in
1709 2403 1826 2441 terris

336 2459 475 2494 mundi
491 2459 700 2499 naturalis:
724 2465 814 2504 post
828 2457 899 2493 has
913 2457 1162 2503 excipiebant
1176 2458 1336 2493 arbores
1350 2458 1427 2493 olei
1442 2470 1450 2499 ;
1476 2465 1567 2504 post
1582 2458 1652 2494 has
1663 2459 1825 2494 arbores

334 2512 438 2552 vini:
465 2518 556 2558 post
574 2512 645 2547 has
663 2512 825 2546 arbores
843 2510 1090 2557 fragrantiae,
1109 2521 1154 2545 ac
1175 2511 1319 2546 ultimo
1339 2511 1498 2546 arbores
1518 2510 1614 2557 ligni
1636 2510 1755 2546 utiles
1771 2511 1822 2546 ad

335 2564 514 2600 fabricas.
565 2564 644 2600 Hic
672 2570 713 2599 et
740 2563 792 2599 ibi
820 2563 858 2598 in
885 2564 959 2598 hac
985 2563 1110 2598 helice
1137 2564 1300 2599 arborea
1325 2574 1394 2599 seu
1422 2564 1461 2598 in
1489 2563 1565 2598 hoc
1589 2574 1687 2610 gyro
1712 2570 1825 2599 erant

334 2618 475 2654 sedilia
495 2617 665 2653 formata
685 2628 733 2652 ex
753 2615 937 2652 addutstis
958 2622 999 2652 et
1019 2616 1269 2661 complicatis
1290 2616 1573 2662 propaginibus
1594 2616 1780 2651 arborum
1802 2627 1826 2651 a

326 2677 459 2718 tergo,
481 2681 527 2706 ac
551 2670 729 2716 opimata
749 2676 789 2705 et
815 2675 1006 2704 exornata
1031 2668 1222 2704 fructibus
1250 2669 1416 2704 illarum.
1469 2668 1513 2704 In
1541 2675 1735 2714 perpetuo
1756 2668 1825 2704 illo

335 2725 431 2760 orbe
449 2720 614 2758 arboreo
628 2729 739 2758 erant
757 2722 870 2762 ostia,
885 2733 986 2768 quae
1004 2722 1193 2768 patebant
1212 2721 1251 2756 in
1269 2722 1421 2763 floreta,
1435 2728 1475 2757 et
1488 2722 1537 2757 ab
1552 2721 1613 2757 his
1632 2721 1672 2757 in
1685 2721 1823 2763 vireta,

335 2774 524 2812 distincta
543 2776 582 2810 in
600 2786 711 2811 areas
729 2781 770 2810 et
787 2781 910 2811 toros.

407 2829 586 2866 Comites
600 2828 730 2875 angeli
744 2828 807 2864 his
820 2828 915 2864 visis
929 2827 1214 2868 exclamabant,
1227 2832 1246 2846 ‘⁴
1261 2827 1320 2862 En
1334 2827 1486 2863 caelum
1502 2827 1541 2862 in
1556 2826 1705 2863 forma:
1725 2838 1825 2874 quo-

334 2894 491 2929 cunque
507 2881 700 2918 vertimus
717 2882 822 2917 acies
843 2881 1050 2916 oculorum
1073 2887 1312 2921 nostrorum,
1332 2880 1461 2916 influit
1478 2880 1627 2927 aliquid
1653 2881 1824 2917 caeleste

335 2935 637 2983 paradisiacum,
655 2934 763 2981 quod
781 2940 842 2970 est
861 2933 1093 2969 ineffabile.”

408 2987 484 3024 His
508 2987 656 3024 auditis
680 2987 845 3033 angelus
870 2987 1029 3034 gavisus
1055 2993 1126 3027 est,
1147 2992 1188 3022 et
1214 2985 1324 3027 dixit,
1348 2985 1532 3022 “Omnes
1562 2985 1669 3022 horti
1696 2986 1821 3023 nostri
