2014 3386
602 342 669 375 DE
701 339 882 374 AMORE
913 338 1340 382 CONJUGIAL1.—-N.
1370 326 1469 383 336,
1694 328 1777 381 267

281 458 452 513 gialem
485 457 576 499 duo
607 462 849 498 consortes
880 454 990 496 fiant
1020 468 1109 495 una
1140 467 1261 503 caro,
1294 453 1339 494 in
1376 451 1594 507 peculiari
1618 451 1778 510 *capite

283 522 426 578 (quod
451 528 522 563 est
549 535 576 562 a
597 534 638 561 n.
671 520 749 573 156
769 520 827 561 ad
851 519 947 572 183)
976 525 1214 560 ostensum
1241 524 1327 558 est.

363 596 494 641 335.
529 583 613 639 (ii.)
649 583 779 634 Quod
798 583 862 624 sic
885 582 980 623 nisi
995 596 1090 623 cum
1112 595 1200 622 una
1222 595 1359 622 uxore
1383 593 1466 620 non
1492 578 1602 621 dari
1618 585 1780 632 queant

280 649 572 691 beatitudines
593 647 811 695 caelestes,
824 646 1096 699 faustitates
1118 645 1395 698 spirituales,
1419 651 1461 685 et
1470 643 1779 698 jucunditates

279 712 526 761 naturales,
559 726 671 765 quae
699 710 756 752 ab
786 710 914 751 initio
937 709 1153 762 provisae
1181 715 1287 750 sunt
1317 708 1411 748 illis
1443 707 1523 761 qui
1554 707 1600 747 in
1631 719 1781 748 amore

276 790 378 816 vere
396 774 637 830 conjugiali
653 774 1060 815 suni—Dicuntur
1081 772 1394 813 beatitudines
1418 770 1657 819 caelestes,
1683 770 1779 810 sau-

277 839 465 879 stitates
497 837 773 892 spirituales,
808 843 855 878 et
883 836 1198 889 jucunditates
1231 834 1479 883 naturales,
1513 835 1616 888 quia
1648 846 1778 874 mens

276 902 476 943 humana
508 900 726 942 distincta
757 906 829 942 est
869 901 914 941 in
956 906 1051 941 tres
1082 900 1310 953 regiones,
1345 911 1534 952 quarum
1565 910 1779 951 suprema

275 972 469 1007 vocatur
499 964 729 1013 caelestis,
756 963 960 1005 secunda
986 962 1249 1017 spiritualiS,
1278 968 1326 1003 et
1358 962 1496 1002 tertia
1527 960 1779 1010 naturalis;

275 1042 328 1070 ac
347 1035 441 1070 tres
458 1028 563 1070 illae
581 1029 792 1081 regiones
811 1027 930 1081 apud
948 1026 1066 1075 illos,
1086 1026 1160 1080 qui
1176 1026 1221 1066 in
1239 1038 1393 1066 amore
1411 1038 1516 1065 vere
1535 1023 1780 1077 conjugiali

276 1098 398 1141 sunt,
426 1099 615 1146 apertae
642 1097 784 1140 stant,
811 1103 863 1131 ac
891 1090 1088 1131 influxus
1114 1089 1316 1142 sequitur
1341 1088 1499 1129 ordine
1526 1087 1778 1128 secundum

276 1162 541 1210 aperturas:
583 1162 629 1196 et
662 1156 766 1209 quia
798 1154 1106 1195 amoenitates
1137 1153 1257 1194 illius
1289 1153 1456 1193 amoris
1489 1153 1533 1192 in
1566 1164 1778 1205 suprema

275 1219 462 1271 regione
484 1218 873 1273 eminentissimae
896 1222 1015 1265 sunt,
1040 1216 1350 1270 percipiuntur
1372 1214 1478 1255 illae
1501 1221 1549 1255 ut
1576 1214 1778 1255 beatitu-

276 1282 436 1333 dines;
479 1288 526 1323 et
564 1282 667 1336 quia
703 1281 748 1321 in
781 1281 931 1321 media
962 1280 1150 1333 regione
1183 1280 1331 1320 minus
1363 1279 1622 1319 eminentes
1653 1283 1776 1326 sunt,

275 1345 586 1399 percipiuntur
607 1345 712 1386 illae
739 1351 788 1385 ut
813 1343 1099 1394 faustitates;
1132 1349 1179 1383 et
1206 1343 1389 1383 demum
1416 1342 1459 1382 in
1483 1341 1636 1382 infima
1657 1341 1777 1393 regi-

275 1422 377 1457 one,
397 1415 447 1450 ut
468 1407 806 1461 jucunditates:
841 1407 962 1461 quod
989 1406 1095 1447 illae
1118 1407 1225 1454 sint,
1251 1406 1572 1459 percipiantur,
1598 1410 1645 1444 et
1672 1417 1776 1444 sen-

274 1472 462 1522 tiantur,
486 1478 674 1512 constat
696 1485 756 1512 ex
780 1470 1169 1518 Memorabilibus,
1194 1470 1237 1510 in
1261 1470 1421 1523 quibus
1444 1468 1776 1509 describuntur.

275 1534 414 1589 Quod
446 1549 606 1576 omnes
637 1534 743 1576 illae
774 1534 1019 1576 felicitates
1061 1533 1120 1574 ab
1159 1533 1292 1574 initio
1324 1533 1532 1586 provisae
1564 1532 1654 1572 sint
1687 1531 1777 1572 illis

273 1599 347 1652 qui
369 1599 413 1639 in
435 1611 590 1639 amore
609 1612 714 1639 vere
732 1596 976 1650 conjugiali
993 1602 1116 1646 sunt,
1136 1602 1208 1637 est
1230 1596 1334 1650 quia
1356 1595 1557 1636 infinitas
1575 1595 1776 1636 omnium

273 1662 608 1703 beatitudinum
640 1662 684 1702 in
713 1661 919 1701 ‘Domino
957 1666 1044 1709 est,
1077 1665 1125 1701 et
1166 1659 1271 1712 Ipse
1303 1665 1374 1700 est
1417 1659 1607 1699 Divinus
1632 1671 1774 1708 amor,

272 1731 320 1767 et
346 1726 514 1766 amoris
537 1725 740 1766 essentia
766 1730 853 1774 est,
879 1730 928 1765 ut
955 1723 1067 1765 velit
1091 1724 1244 1764 omnia
1270 1737 1351 1763 sua
1375 1723 1495 1763 bona
1519 1723 1774 1763 communi-

273 1802 379 1831 care
409 1789 554 1838 alteri,
588 1801 723 1842 quem
755 1794 907 1829 amat:
951 1801 1090 1841 quare
1122 1801 1211 1828 una
1250 1800 1352 1827 cum
1385 1786 1570 1827 homine
1602 1786 1775 1827 creavit

273 1852 400 1893 illum
433 1865 650 1901 amorem,
684 1865 736 1893 ac
779 1851 844 1892 illi
876 1851 1107 1904 inscripsit
1139 1849 1407 1891 facultatem
1441 1849 1690 1903 recipiendi
1730 1855 1777 1890 et

272 1915 551 1970 percipiendi
576 1915 667 1957 illa.
729 1914 842 1968 Quis
865 1921 961 1956 tam
984 1914 1126 1955 hebes
1153 1920 1200 1955 et
1227 1927 1389 1954 vecors
1412 1914 1597 1966 ingenio
1620 1918 1703 1962 est,
1728 1919 1777 1954 ut

272 1993 364 2020 non
386 1979 531 2034 possit
554 1979 723 2028 videre,
743 1978 864 2032 quod
883 1978 1044 2032 aliquis
1067 1990 1195 2018 amor
1212 1978 1286 2026 sit,
1307 1978 1351 2018 in
1369 1990 1504 2031 quem
1527 1990 1553 2017 a
1575 1977 1775 2018 Domino

270 2042 403 2084 illata
435 2049 541 2084 sunt
573 2043 727 2084 omnia
752 2043 906 2092 beata,
933 2041 1094 2091 fausta,
1122 2047 1169 2083 et
1196 2040 1409 2095 jucunda,
1437 2054 1553 2094 quae
1584 2053 1775 2094 usquam

272 2106 423 2147 inferri
450 2106 674 2160 possunt?

355 2170 492 2223 336.
527 2168 624 2223 (iii.)
662 2167 790 2220 Quod
805 2168 887 2210 illa
911 2168 1059 2210 omnia
1080 2182 1163 2209 non
1188 2168 1298 2210 dari
1318 2174 1492 2222 queant,
1517 2167 1611 2208 nisi
1631 2181 1659 2209 a
1683 2167 1775 2208 solo

271 2233 460 2275 Domino
476 2248 494 2281 ,·
530 2240 572 2275 et
601 2233 721 2287 quod
740 2247 823 2274 non
854 2233 1014 2275 dentur
1033 2233 1153 2282 aliis,
1178 2247 1310 2286 quam
1341 2233 1421 2286 qui
1447 2233 1602 2285 Ipsum
1633 2232 1775 2273 solum

271 2297 447 2346 adeunt,
480 2303 522 2337 et
560 2297 719 2338 vivunt
747 2297 982 2338 secundum
1011 2303 1250 2349 praecepta
1280 2296 1612 2349 Ipsius—Hoc
1651 2296 1772 2349 prius

272 2360 429 2401 multis
466 2361 510 2401 in
543 2359 656 2401 locis
688 2360 1056 2401 demonstratum
1090 2367 1192 2411 est;
1236 2360 1397 2414 quibus
1429 2359 1772 2412 adjungendum

272 2431 358 2473 est,
391 2424 514 2478 quod
546 2425 701 2465 omnia
732 2423 810 2464 illa
842 2423 994 2473 beata,
1027 2423 1178 2464 fausta
1218 2430 1264 2464 et
1300 2423 1516 2477 jucunda,
1551 2436 1642 2464 non
1675 2422 1772 2463 dari

271 2494 444 2541 queant
469 2500 604 2541 quam
630 2501 656 2528 a
683 2487 897 2537 Domino,
921 2493 969 2528 et
994 2487 1116 2541 quod
1142 2493 1386 2541 propterea
1408 2500 1499 2527 non
1526 2486 1639 2527 alius
1661 2486 1771 2527 ade·

272 2551 418 2591 undus
444 2551 529 2591 sit:
563 2551 661 2605 quis
687 2550 816 2601 alius,

337 2640 429 2672 Cum
447 2651 510 2681 per
528 2640 650 2681 Ipsum
669 2639 766 2673 facta
781 2647 866 2673 sunt
882 2641 1006 2672 omnia
1022 2651 1112 2682 quae
1130 2639 1226 2673 faCta
1242 2639 1341 2683 (Joh.
1360 2641 1381 2673 i.
1400 2640 1436 2683 3)
1454 2650 1462 2680 ς

337 2684 429 2717 Cum
450 2685 532 2725 Ipse
550 2691 605 2716 est
623 2684 721 2716 Deus
738 2685 827 2716 caeli
844 2691 880 2717 et
897 2692 1013 2717 terrae
1030 2685 1173 2724 (Matth.
1191 2685 1312 2718 xxviii.
1332 2685 1406 2724 18);

337 2727 430 2762 Cum
448 2738 626 2770 nusquam
644 2729 765 2770 aliqua
780 2729 919 2769 species
935 2728 1001 2761 Dei
1021 2729 1138 2760 Patris
1156 2729 1234 2760 visa
1252 2729 1308 2768 sit,
1327 2739 1391 2760 nec
1411 2739 1480 2760 vox
1500 2728 1618 2769 Ipsius
1636 2727 1769 2767 audita,

448 2772 518 2804 nisi
539 2781 603 2813 per
624 2771 747 2814 Ipsum
764 2771 864 2815 (Joh.
882 2773 903 2805 i.
923 2773 962 2804 18
978 2782 985 2812 ;
1010 2782 1085 2813 cap.
1104 2782 1137 2803 v.
1155 2780 1219 2812 37;
1244 2782 1320 2814 cap.
1338 2773 1408 2805 xiv.
1426 2771 1551 2812 6-11)?

270 2861 347 2902 Ex
371 2861 442 2903 his
467 2868 516 2903 et
541 2860 827 2915 perplurimis
852 2861 951 2903 aliis
977 2862 1021 2903 in
1048 2861 1219 2911 Verbo,
1243 2868 1444 2909 constat,
1470 2861 1589 2915 quod
1614 2859 1769 2914 conju·

271 2925 395 2978 gium
421 2925 587 2966 amoris
613 2931 660 2965 et
686 2925 956 2978 sapientiae,
984 2939 1063 2966 seu
1090 2925 1196 2966 boni
1228 2931 1275 2966 et
1307 2926 1415 2972 veri,
1445 2939 1503 2965 ex
1536 2938 1625 2978 quo
1657 2937 1768 2964 con-

266 2987 393 3042 jugia
418 3001 546 3029 suam
574 2988 795 3041 originem
822 2989 951 3029 unice
979 2988 1165 3038 ducunt,
1189 2988 1246 3030 ab
1274 2989 1380 3042 Ipso
1406 2987 1506 3028 solo
1534 2987 1766 3040 procedat.
