2014 3386
507 336 574 368 DE
607 335 790 368 AMORE
823 335 1248 378 CONJUGIAL1.——N.
1281 314 1371 368 182.
1615 339 1691 381 149

190 449 317 484 bonas
334 459 415 484 una
432 459 519 484 esse
536 459 627 484 cum
646 448 853 494 sapientia,
873 455 913 484 et
931 446 1166 485 affedtiones
1184 449 1306 484 malas
1326 459 1413 484 esse
1432 455 1573 484 contra
1589 450 1691 495 sapi-

190 502 377 538 entiam.''
1586 533 1589 536 .

261 553 435 600 Quando
468 554 734 588 ascenderunt
772 553 916 588 collem
949 553 1216 594 Parnassium‚
1250 553 1371 599 aliqui
1412 554 1599 589 custodes
1638 554 1690 589 ibi

188 607 457 653 apportabant
473 617 616 652 aquam
639 617 687 642 ex
709 606 821 641 fonte
843 607 896 641 ibi
918 606 958 642 in
980 606 1139 652 scyphis
1161 606 1411 653 crystallinis,
1430 613 1471 642 et
1492 607 1690 647 dicebant,

190 660 294 695 “Est
311 671 415 706 aqua
431 670 481 695 ex
498 659 622 700 fonte,
635 660 685 695 de
704 670 785 705 quo
802 659 950 695 vetusti
969 659 1215 695 confabulati
1234 666 1339 700 sunt,
1351 660 1459 706 quod
1479 668 1690 705 perruptus

188 714 241 748 sit
258 714 308 748 ab
326 712 474 759 ungula
491 712 584 758 equi
605 712 759 759 Pegasi,
778 719 818 748 et
840 719 980 758 postea
997 719 1254 748 consecratus
1273 723 1417 748 novem
1437 713 1690 760 Virginibus;

187 773 229 802 at
254 777 325 812 per
348 777 496 812 equum
517 766 668 800 alatum
696 765 905 812 Pegasum,
928 766 1210 801 intellexerunt
1236 765 1485 801 intellectum
1510 766 1594 801 veri
1622 777 1689 812 per

188 830 309 865 quem
327 819 546 864 sapientia;
573 830 644 864 per
661 819 831 865 ungulas
851 818 964 864 pedis
985 819 1083 865 ejus,
1104 819 1386 854 intellexerunt
1419 819 1689 864 experientias

187 883 259 918 per
274 883 373 918 quas
388 872 654 918 intelligentia
667 872 872 910 naturalis:
895 881 936 910 et
944 883 1014 918 per
1027 883 1174 907 novem
1189 872 1386 918 Virgines,
1403 872 1689 907 intellexerunt

186 926 439 972 cognitiones
452 932 493 961 et
506 925 693 961 scientias
708 926 839 962 omnis
852 926 1010 973 generis
1023 938 1032 967 ;
1058 926 1157 961 haec
1171 933 1370 961 vocantur
1383 926 1505 962 hodie
1520 926 1689 968 fabulae,

187 980 257 1015 sed
275 979 436 1015 fuerunt
453 979 840 1024 correspondentiae‚
860 990 908 1014 ex
926 979 1071 1025 quibus
1090 979 1281 1025 primaevi
1301 979 1429 1015 locuti
1448 986 1554 1015 sunt.
1575 979 1596 992 ’⁷

258 1031 436 1068 Comites
462 1032 651 1067 dixerunt
676 1033 727 1067 ad
753 1038 835 1068 tres
856 1033 1042 1072 advenas,
1062 1032 1156 1067 “Ne
1184 1032 1394 1073 miremini,
1417 1033 1605 1068 custodes
1632 1032 1688 1067 ita

169 1085 294 1131 vloqui
315 1084 498 1120 instruCti
521 1092 625 1125 sunt,
644 1092 685 1120 et
706 1096 779 1120 nos
802 1096 871 1130 per
892 1085 1027 1121 bibere
1044 1096 1189 1131 aquam
1220 1097 1269 1120 ex
1291 1085 1404 1121 fonte
1426 1085 1688 1132 intelligimus

187 1138 328 1175 instrui
347 1140 396 1174 de
414 1139 528 1179 veris,
547 1145 589 1174 et
607 1150 677 1185 per
693 1150 788 1174 vera
805 1134 855 1174 d‘e
874 1139 999 1180 bonis,
1018 1146 1060 1175 et
1077 1139 1134 1174 sic
1152 1140 1326 1185 sapere.’'

260 1192 358 1228 Post
388 1192 486 1227 haec
516 1192 766 1227 intraverunt
802 1192 1036 1231 Palladium,
1063 1199 1104 1228 et
1137 1204 1230 1228 cum
1266 1193 1343 1228 illis
1372 1199 1454 1228 tres
1486 1192 1629 1228 novitii
1666 1203 1688 1228 e

186 1246 351 1286 mundo,
377 1246 575 1285 sacerdos,
603 1245 802 1291 politicus,
829 1252 870 1281 et
895 1245 1181 1291 philosophus;
1216 1252 1256 1281 et
1284 1253 1384 1281 tunc
1409 1246 1589 1287 laureati,
1616 1246 1687 1292 qui

186 1299 381 1335 sedebant
395 1298 444 1334 ad
465 1310 632 1338 mensas,
647 1299 942 1344 quaesiverunt,
959 1304 979 1317 ‘⁴
992 1298 1099 1346 Quid
1119 1299 1213 1335 novi
1231 1310 1253 1335 e
1268 1305 1374 1334 terra
1386 1299 1427 1335 ?’'

260 1352 311 1387 Et
337 1352 639 1398 responderunt,
667 1356 687 1369 “
703 1352 794 1387 Hoc
820 1362 971 1387 novum
998 1359 1070 1392 est,
1090 1353 1199 1398 quod
1226 1353 1389 1399 quidam
1412 1352 1620 1398 perhibeat
1646 1363 1688 1388 se

185 1404 296 1451 loqui
316 1416 407 1440 cum
422 1405 584 1451 angelis,
599 1415 645 1440 ac
657 1404 787 1440 visum
802 1405 948 1440 habere
962 1412 1143 1451 apertum
1159 1406 1197 1440 in
1214 1407 1409 1441 mundum
1425 1406 1688 1451 spiritualem,

185 1468 311 1504 aeque
332 1457 435 1493 sicut
452 1465 635 1503 apertum
654 1458 775 1493 habet
798 1458 836 1493 in
859 1459 1052 1493 mundum
1072 1459 1303 1500 naturalem,
1323 1466 1363 1494 et
1384 1459 1449 1494 ille
1472 1470 1575 1494 nova
1595 1459 1687 1494 inde

185 1511 302 1546 affert
324 1511 446 1556 plura,
463 1511 567 1546 inter
581 1522 682 1556 quae
696 1517 789 1546 sunt
804 1512 922 1547 haec:
951 1512 1060 1557 quod
1080 1512 1202 1547 homo
1216 1512 1325 1547 vivat
1339 1512 1461 1547 homo
1476 1518 1567 1557 post
1583 1523 1688 1547 mor-

184 1571 279 1605 tem,
297 1564 401 1599 sicut
417 1564 517 1599 vixit
535 1564 644 1609 prius
663 1564 703 1598 in
723 1565 894 1606 mundo;
921 1565 1029 1610 quod
1046 1565 1192 1606 videat,
1212 1565 1359 1605 audiat,
1379 1565 1566 1610 loquatur
1584 1565 1687 1600 sicut

185 1617 294 1663 prius
306 1617 346 1652 in
359 1617 510 1652 mundo
522 1629 529 1658 ;
547 1618 656 1663 quod
668 1617 863 1652 vestiatur
873 1624 914 1652 et
925 1624 1089 1654 ornetur
1101 1618 1204 1653 sicut
1215 1618 1323 1664 prius
1336 1618 1375 1653 in
1389 1618 1541 1653 mundo
1553 1630 1560 1659 ;
1579 1619 1687 1663 quod

186 1670 335 1706 esuriat
356 1677 397 1705 et
422 1670 542 1711 sitiat,
564 1671 657 1705 edat
678 1677 719 1706 et
741 1671 861 1710 bibat,
884 1671 987 1706 sicut
1010 1671 1117 1716 prius
1144 1671 1183 1706 in
1211 1672 1384 1711 mundo;
1411 1671 1520 1717 quod
1543 1672 1688 1707 delicio

185 1723 402 1770 conjugiali
423 1723 577 1758 fruatur
597 1723 700 1758 sicut
722 1723 830 1769 prius
857 1724 896 1758 in
919 1725 1092 1765 mundo;
1126 1725 1235 1770 quod
1258 1725 1434 1760 dormiat
1459 1731 1499 1760 et
1525 1725 1687 1771 evigilet

186 1776 289 1812 sicut
303 1776 411 1821 prius
431 1776 470 1811 in
490 1777 661 1817 mundo;
687 1777 794 1823 quod
815 1776 867 1811 ibi
886 1777 967 1812 sint
980 1783 1108 1813 terrae
1127 1785 1167 1812 et
1184 1778 1302 1818 lacus,
1318 1784 1475 1813 montes
1493 1784 1533 1814 et
1551 1778 1685 1818 colles,

185 1829 370 1875 planities
388 1836 428 1864 et
445 1830 580 1870 valles,
595 1829 727 1865 fontes
742 1836 783 1865 et
802 1830 923 1870 fluvii,
940 1830 1111 1876 parad1si
1130 1837 1171 1866 et
1189 1831 1267 1866 luci
1282 1843 1289 1871 ;
1308 1837 1394 1866 tum
1409 1831 1518 1877 quod
1538 1831 1591 1866 ibi
1606 1831 1687 1866 sint

185 1882 335 1929 palatia
353 1889 394 1917 et
411 1883 566 1923 domus,
584 1893 630 1918 ac
651 1884 768 1918 urbes
786 1890 827 1918 et
851 1884 981 1924 villae,
1001 1884 1105 1919 sicut
1126 1884 1166 1919 in
1189 1884 1342 1919 mundo
1364 1884 1554 1925 naturali;
1581 1891 1627 1919 ut
1647 1892 1687 1920 et

184 1936 293 1982 quod
308 1936 389 1971 sint
403 1936 622 1981 scripturae
636 1943 676 1972 et
691 1936 791 1976 libri,
807 1943 847 1971 et
861 1937 968 1982 quod
982 1937 1064 1972 sint
1078 1936 1304 1973 functiones
1319 1944 1359 1973 et
1377 1937 1685 1984 negotiationes,

184 1995 271 2023 tum
286 1989 439 2035 lapides
455 1989 629 2034 pretiosi,
645 2000 782 2024 aurum
799 1997 840 2024 et
854 1997 1066 2036 argentum
1082 2002 1090 2031 ;
1111 1992 1246 2032 verbo,
1261 1991 1369 2037 quod
1386 1991 1439 2026 ibi
1455 1991 1536 2026 sint
1550 1991 1687 2026 omnia

185 2048 226 2077 et
239 2042 396 2088 singula
410 2053 511 2088 quae
527 2043 566 2076 in
580 2042 706 2083 terris,
719 2049 761 2078 et
775 2043 842 2078 illa
856 2043 894 2078 in
911 2043 1030 2078 caelis
1046 2043 1199 2078 infinite
1215 2043 1472 2089 perfeetiorae
1494 2055 1584 2079 cum
1600 2045 1685 2079 sola

185 2095 422 2135 differentia,
445 2095 553 2140 quod
580 2096 715 2131 omnia
741 2107 843 2141 quae
870 2096 910 2131 in
937 2097 1089 2132 mundo
1110 2096 1304 2142 spirituali
1328 2104 1432 2138 sunt,
1455 2108 1504 2133 ex
1529 2097 1685 2143 origine

184 2147 377 2193 spirituali
396 2148 486 2188 sint,
505 2155 546 2184 et
564 2148 656 2184 inde
675 2149 904 2194 spiritualia,
923 2149 1016 2195 quia
1034 2156 1126 2190 sunt
1147 2161 1196 2185 ex
1217 2150 1300 2185 sole
1319 2149 1373 2185 ibi
1392 2150 1458 2196 qui
1481 2157 1542 2185 est
1563 2161 1685 2196 purus

184 2211 317 2243 amor;
342 2207 383 2236 et
400 2201 508 2247 quod
523 2201 658 2237 omnia
675 2213 776 2248 quae
794 2202 834 2237 in
854 2202 1005 2238 mundo
1024 2203 1193 2238 naturali
1212 2209 1316 2243 sunt,
1331 2214 1380 2238 ex
1397 2203 1551 2248 origine
1571 2209 1687 2238 natu-

185 2253 255 2289 rali
273 2253 364 2294 sint,
382 2261 423 2289 et
442 2254 534 2289 inde
553 2255 747 2290 naturalia
763 2262 803 2290 et
822 2255 1050 2295 materialia,
1069 2256 1164 2302 quia
1182 2262 1275 2291 sunt
1292 2267 1341 2291 ex
1359 2257 1443 2292 sole
1462 2256 1515 2291 ibi
1537 2256 1604 2302 qui
1623 2263 1684 2291 est

186 2317 306 2352 purus
321 2307 442 2353 ignis:
463 2308 595 2348 verbo,
611 2309 718 2354 quod
734 2308 857 2343 homo
871 2315 962 2354 post
977 2315 1145 2344 mortem
1160 2309 1212 2344 sit
1226 2308 1399 2355 perfecte
1413 2309 1546 2348 homo,
1562 2309 1685 2344 immo

187 2358 398 2405 perfectius
416 2360 539 2395 homo
552 2371 670 2406 quam
691 2360 799 2406 prius
818 2361 856 2396 in
877 2362 1047 2402 mundo;
1075 2362 1182 2407 prius
1199 2362 1305 2397 enim
1324 2361 1363 2396 in
1383 2362 1535 2397 mundo
1549 2361 1624 2397 fuit
1645 2363 1683 2397 in

185 2422 350 2458 corpore
368 2413 573 2453 materiali,
593 2413 632 2448 in
652 2413 728 2449 hoc
746 2420 878 2449 autem
896 2421 957 2449 est
976 2414 1015 2449 in
1033 2425 1199 2460 corpore
1218 2415 1448 2461 spirituali.''

258 2465 334 2501 His
354 2464 482 2507 dietis,
503 2466 786 2512 quaesiverunt
806 2467 1006 2513 sapientes
1027 2467 1193 2514 antiqui,
1211 2468 1308 2515 quid
1330 2468 1380 2504 de
1407 2468 1484 2504 illis
1503 2468 1683 2515 cogitant

186 2517 226 2552 in
243 2523 358 2553 terra.

258 2570 454 2606 Dixerunt
480 2571 535 2606 illi
561 2578 652 2613 tres,
672 2571 789 2608 “Nos
814 2573 961 2609 scimus
983 2573 1092 2619 quod
1112 2584 1208 2609 vera
1227 2573 1317 2614 sint,
1335 2574 1430 2620 quia
1449 2573 1514 2610 hic
1535 2585 1681 2614 sumus,

185 2632 231 2658 ac
251 2623 504 2660 lustravimus
524 2631 566 2659 et
586 2625 878 2671 exploravimus
900 2627 1053 2668 omnia;
1078 2637 1201 2673 quare
1222 2627 1402 2663 dicemus
1419 2627 1515 2674 quid
1538 2628 1586 2663 de
1609 2627 1684 2662 illis

186 2675 308 2711 locuti
326 2683 367 2712 et
385 2677 608 2713 ratiocinati
628 2685 720 2713 sunt
739 2678 777 2713 in
796 2679 937 2714 terra.”

259 2728 310 2764 Et
322 2735 418 2764 tunc
432 2730 615 2765 sacerdos
629 2731 741 2771 dixit,
754 2732 860 2777 quod
877 2731 932 2766 illi
946 2732 1015 2778 qui
1028 2743 1076 2767 ex
1090 2738 1228 2767 nostro
1240 2732 1380 2768 ordine
1391 2739 1495 2773 sunt,
1510 2733 1680 2778 primum

186 2780 281 2815 dum
306 2782 546 2818 audiverunt
572 2783 648 2823 illa,
674 2785 906 2819 vocaverint
935 2785 1121 2825 visiones,
1148 2785 1241 2820 dein
1275 2792 1512 2825 commenta,
1540 2793 1682 2831 postea

186 2833 294 2878 quod
314 2833 456 2870 viderit
473 2835 619 2877 larvas:
644 2842 684 2871 et
703 2837 865 2871 demum
885 2837 1095 2877 haeserint,
1111 2843 1152 2872 et
1169 2838 1353 2878 dixerint,
1373 2837 1534 2874 “Crede
1553 2838 1584 2873 si
1603 2838 1684 2873 vis:

188 2895 260 2920 nos
277 2885 469 2923 haftenus
486 2888 705 2928 docuimus,
724 2889 833 2935 quod
852 2889 974 2924 homo
996 2901 1076 2925 non
1094 2889 1252 2926 futurus
1270 2891 1322 2926 sit
1344 2891 1383 2926 in
1405 2901 1569 2936 corpore
1588 2897 1680 2936 post

189 2944 367 2978 mortem,
387 2939 495 2985 prius
512 2951 629 2986 quam
649 2941 713 2976 die
731 2941 860 2976 ultimi
878 2942 1053 2987 judicii.'’

260 2989 311 3026 Et
331 2992 622 3037 quaesiverunt,
645 2994 825 3029 “Annon
846 2995 967 3041 aliqui
986 2994 1256 3042 intelligentes
1277 2995 1381 3031 inter
1398 2995 1486 3032 illos
1506 2995 1597 3037 sint,
1613 2995 1680 3043 qui
