2014 3386
662 332 730 364 DE
763 331 943 365 AMORE
975 313 1404 377 CONJUGIAL1.—'N.
1431 338 1471 382 7.
1765 342 1808 371 11

313 444 456 485 centia,
482 449 523 478 et
549 444 809 490 superillustri
825 445 1047 491 splendore,
1063 454 1288 492 posuerant,
1303 459 1351 483 ex
1366 450 1495 489 causa,
1511 449 1604 495 quia
1622 449 1660 484 in
1679 450 1813 486 Verbo

313 498 460 533 dicitur
483 499 591 544 quod
618 497 741 532 futuri
767 498 848 534 sint
869 510 981 545 reges
1007 506 1047 534 et
1073 500 1281 546 principes,
1303 507 1345 536 et
1370 502 1478 547 quod
1506 503 1706 548 regnaturi
1734 504 1814 539 sint

311 561 403 586 cum
422 549 584 587 Christo
602 550 642 586 in
661 558 879 593 aeternum,
898 559 940 588 et
957 553 1065 598 quod
1085 553 1336 589 ministrandi
1356 555 1436 590 sint
1454 555 1503 590 ab
1522 555 1683 602 angelis,
1700 567 1814 602 prae-

310 610 373 639 ter
389 604 514 650 plura.

382 657 561 704 Angelus
579 657 629 693 ad
650 657 725 693 hos
743 657 855 698 dixit,
876 662 897 676 “
910 657 1184 704 Sequiminini,
1203 665 1244 695 et
1262 659 1512 695 introducam
1531 671 1603 696 vos
1622 661 1661 695 in
1678 668 1813 697 vestra

308 710 490 756 gaudia.’'
541 711 592 746 Et
617 710 842 746 introduxit
868 710 908 745 in
934 711 1131 757 porticum
1154 711 1428 748 constructum
1455 724 1504 748 ex
1538 714 1736 749 columnis
1771 721 1812 750 et

310 763 603 810 pyramidibus;
636 770 862 800 antrorsum
895 770 982 799 erat
1018 764 1169 800 humile
1200 765 1404 810 palatium,
1435 777 1506 812 per
1539 767 1648 812 quod
1680 768 1812 812 patuit

309 816 511 863 ingressus
538 816 578 851 in
599 817 819 863 porticum:
850 828 921 862 per
941 817 1018 852 hoc
1040 817 1263 853 introduxit
1285 818 1395 859 illos;
1430 825 1470 854 et
1496 830 1588 854 ecce
1614 820 1688 855 visi
1715 827 1811 855 sunt

306 869 450 916 viginti
465 869 540 910 hic,
553 876 595 905 et
611 870 754 916 viginti
770 870 834 911 ibi,
849 877 889 905 et
903 869 1198 916 exspectabant.
1246 871 1296 906 Et
1313 872 1447 907 subito
1460 879 1557 907 tunc
1571 873 1709 907 aderat
1723 873 1810 918 qui-

308 925 400 958 dam
420 930 656 968 personatus
670 923 846 969 angelus,
866 929 907 959 et
927 923 1028 958 dixit
1046 923 1134 964 illis,
1151 928 1170 941 “
1185 923 1261 959 Per
1273 924 1379 959 hunc
1393 925 1590 970 porticum
1606 932 1666 960 est
1679 925 1745 960 via
1759 926 1809 961 ad

306 977 480 1017 caelum3
507 983 664 1011 manete
679 976 976 1022 aliquantisper,
991 983 1031 1011 et
1047 983 1277 1022 praeparate
1291 988 1374 1017 vos,
1388 978 1481 1022 quia
1496 978 1746 1024 majorennes
1762 990 1811 1014 ex

306 1029 420 1064 vobis
438 1028 560 1064 futuri
575 1035 669 1064 sunt
686 1040 809 1075 reges,
824 1040 870 1064 ac
888 1029 1141 1064 minorennes
1157 1029 1278 1064 futuri
1300 1029 1549 1075 principesff’,
1586 1031 1660 1066 His
1678 1030 1807 1072 dictis,

305 1082 419 1128 juxta
439 1082 658 1128 quamlibet
679 1082 906 1117 columnam
928 1082 1113 1127 apparuit
1133 1082 1312 1123 thronus,
1331 1089 1371 1117 et
1393 1094 1514 1128 super
1529 1083 1678 1119 throno
1696 1084 1806 1119 chla-

307 1146 392 1181 mys
407 1146 455 1170 ex
469 1135 606 1175 serico,
622 1141 662 1170 et
672 1145 791 1180 super
803 1135 1013 1181 chlamyde
1027 1141 1230 1180 sceptrum
1245 1141 1286 1170 et
1299 1146 1466 1176 corona;
1487 1142 1527 1171 et
1540 1136 1654 1182 juxta
1667 1148 1806 1182 quam-

305 1189 405 1223 libet
422 1187 666 1234 pyramidem
694 1188 878 1233 apparuit
899 1188 1043 1223 solium
1069 1194 1151 1223 tres
1169 1188 1326 1223 cubitos
1351 1199 1375 1223 a
1399 1195 1505 1224 terra
1530 1189 1742 1229 elevatum,
1765 1196 1806 1225 et

305 1252 426 1286 super
437 1241 539 1276 solio
553 1247 695 1276 catena
707 1251 756 1275 ex
773 1240 929 1276 unculis
945 1241 1040 1281 auri,
1056 1247 1096 1276 et
1111 1241 1304 1286 equestris
1319 1241 1470 1276 ordinis
1485 1241 1629 1277 fasciae
1643 1242 1806 1288 colliga—

304 1300 370 1329 tae
381 1294 431 1329 ad
445 1293 542 1329 fines
554 1293 844 1328 adamanatinis
857 1293 1055 1329 orbiculis.
1099 1294 1149 1329 Et
1162 1300 1258 1329 ωηο
1270 1294 1483 1329 clamatum
1497 1301 1569 1335 est,
1582 1300 1602 1313 ‘⁴
1617 1295 1676 1330 Ite
1689 1306 1806 1336 nunc,

304 1347 465 1382 amicite
477 1358 560 1388 vos,
571 1347 710 1382 sedete
723 1353 764 1382 et
781 1345 1046 1392 exspe&ate.''
1098 1346 1149 1381 Et
1166 1346 1345 1382 actutum
1361 1348 1612 1393 majorennes
1627 1359 1805 1383 accurre-

306 1401 401 1435 bant
412 1400 461 1434 ad
475 1399 655 1440 thronos,
670 1406 711 1434 et
725 1399 978 1435 minorennes
993 1399 1042 1434 ad
1058 1399 1167 1440 solia,
1180 1406 1220 1435 et
1234 1400 1496 1435 amiciverunt
1507 1411 1550 1436 se
1565 1407 1605 1435 et
1619 1412 1807 1446 reposue-

305 1459 398 1487 runt
415 1463 479 1488 se:
511 1459 553 1488 at
569 1460 667 1487 tunc
685 1452 870 1498 apparuit
887 1452 991 1488 sicut
1008 1452 1167 1488 nimbus
1189 1463 1238 1488 ex
1256 1452 1390 1488 inferis
1409 1453 1639 1493 ascendens,
1658 1465 1706 1489 ex
1725 1465 1806 1499 quo

303 1504 474 1541 attracto
488 1505 674 1541 sedentes
688 1517 807 1551 super
818 1505 975 1540 thronis
990 1512 1030 1540 et
1044 1506 1154 1541 soliis
1169 1511 1390 1551 coeperunt
1402 1512 1626 1541 tumescere
1636 1506 1749 1547 facie,
1764 1513 1805 1542 et

304 1559 449 1594 elevari
468 1557 638 1604 peftore,
655 1565 695 1594 et
714 1558 870 1604 impleri
885 1558 1040 1599 fiducia,
1055 1559 1163 1604 quod
1179 1569 1285 1593 nunc
1300 1569 1411 1604 reges
1429 1566 1469 1593 et
1488 1559 1685 1604 principes
1703 1560 1804 1601 sint;

303 1611 462 1647 nimbus
477 1611 541 1646 ille
560 1618 644 1647 erat
662 1622 758 1646 aura
771 1611 1018 1656 phantasiae,
1033 1622 1112 1657 qua
1130 1611 1310 1656 inspirati
1330 1618 1424 1646 sunt
1441 1622 1448 1646 :
1474 1619 1514 1647 et
1533 1612 1666 1647 subito
1680 1613 1803 1647 advo-

303 1665 434 1699 larunt
444 1664 611 1710 juvenes
623 1664 726 1700 sicut
741 1675 789 1699 ex
803 1664 925 1705 caelo,
936 1671 976 1700 et
988 1664 1255 1699 constiterunt
1266 1665 1346 1699 duo
1359 1671 1450 1710 post
1463 1665 1681 1710 quemlibet
1691 1665 1803 1700 thro-

216 1705 226 1719 *
270 1758 272 1760 ¹
302 1721 410 1758 num,
425 1724 466 1752 et
483 1728 584 1752 unus
600 1724 691 1763 post
705 1717 913 1763 quodlibet
927 1717 1083 1758 solium,
1097 1717 1357 1752 ministraturi
1373 1729 1381 1758 ς
1403 1724 1442 1752 et
1459 1724 1557 1752 tunc
1575 1729 1646 1763 per
1657 1718 1763 1753 vices
1778 1728 1802 1753 a

301 1771 475 1817 quodam
499 1781 694 1816 praecone
712 1770 973 1805 acclamatum
993 1776 1064 1810 est,
1080 1774 1100 1788 “
1112 1770 1196 1805 Vos
1215 1781 1326 1816 reges
1348 1777 1388 1805 et
1410 1770 1619 1816 principes,
1638 1781 1802 1816 exspec-

300 1830 384 1859 tate
405 1823 537 1858 adhuc
558 1834 708 1869 parum,
730 1830 972 1869 apparantur
993 1833 1098 1858 nunc
1121 1823 1159 1857 in
1181 1824 1292 1858 caelo
1313 1823 1426 1858 aulae
1446 1830 1613 1863 vestrae,
1633 1823 1799 1869 jamjam

299 1877 457 1912 venturi
479 1883 573 1912 sunt
593 1876 710 1912 aulici
732 1887 823 1911 cum
845 1876 1051 1916 satellitiis,
1070 1883 1112 1911 et
1132 1887 1204 1911 vos
1227 1875 1529 1911 introduRuril’
1576 1875 1798 1921 ‚Exspefta-

300 1930 397 1965 bant
414 1936 455 1965 et
472 1928 767 1975 exspec'tabant,
779 1931 906 1976 usque
923 1935 968 1964 ut
985 1929 1148 1975 spiritus
1167 1929 1324 1964 illorum
1341 1929 1586 1969 anhelarent,
1601 1935 1642 1964 et
1659 1929 1802 1964 defati-

299 1989 489 2029 garentur
506 1982 718 2018 desiderio.

373 2035 471 2071 Post
496 2035 707 2070 trihorium
734 2034 987 2081 aperiebatur
1007 2034 1160 2070 caelum
1186 2045 1305 2080 supra
1325 2041 1446 2080 caput
1473 2034 1640 2074 illorum,
1664 2041 1704 2069 et
1730 2034 1799 2070 de-

299 2095 513 2134 spexerunt
524 2088 666 2135 angeli,
679 2094 718 2123 et
730 2087 882 2123 miserti
895 2087 1063 2127 illorum,
1074 2087 1272 2127 dixerunt,
1286 2092 1306 2105 ⁴‘
1318 2086 1450 2134 Quare
1462 2085 1609 2122 ‘sedetis
1622 2087 1676 2122 ita
1689 2086 1799 2128 fatui,

299 2148 339 2177 et
359 2141 477 2187 agitis
496 2140 738 2176 histriones?
790 2141 987 2176 Luse'runt
1008 2140 1180 2175 ludibria
1196 2140 1416 2180 vobiscum,
1434 2146 1476 2175 et
1496 2141 1546 2174 ab
1568 2140 1797 2175 hominibus

299 2200 557 2229 mutaverunt
581 2205 653 2229 vos
680 2194 720 2228 in
747 2194 864 2234 idola,
883 2205 931 2229 ex
956 2204 1076 2229 causa
1096 2193 1189 2239 quia
1207 2193 1418 2228 induxistis
1445 2193 1484 2227 in
1511 2193 1634 2228 corda
1652 2199 1796 2233 vestra,

298 2247 406 2293 quod
429 2247 630 2293 regnaturi
651 2247 738 2282 sitis
763 2257 854 2282 cum
876 2245 1038 2282 Christo
1060 2246 1163 2281 sicut
1184 2257 1297 2292 reges
1323 2252 1363 2281 et
1390 2246 1598 2291 principes,
1622 2252 1662 2280 et
1687 2245 1796 2291 quod

297 2300 412 2335 vobis
429 2307 526 2335 tunc
542 2300 672 2346 angeli
693 2299 953 2334 ministraturi
971 2299 1062 2334 sint.
1109 2298 1215 2333 Num
1233 2298 1348 2334 obliti
1367 2299 1462 2334 estis
1480 2299 1692 2334 verborum
1714 2298 1796 2334 Do-

298 2353 406 2393 mini,
422 2353 529 2399 quod
550 2353 589 2387 in
607 2353 718 2388 caelo
733 2352 800 2398 qui
818 2352 905 2387 vult
923 2363 1091 2398 magnus
1103 2362 1200 2391 esse,
1216 2351 1285 2386 fiat
1303 2363 1439 2387 servus
1451 2351 1468 2386 ?
1519 2351 1672 2386 Discite
1687 2362 1794 2397 ergo,

298 2406 392 2452 quid
412 2417 482 2451 per
494 2411 503 2424 ‘
516 2417 627 2452 reges
640 2406 647 2418 '
662 2413 703 2440 et
718 2410 726 2423 ‘
738 2404 961 2451 principes,’
975 2412 1015 2440 et
1029 2405 1124 2450 quid
1144 2415 1214 2450 per
1228 2409 1236 2422 ¹
1247 2415 1412 2450 regnare
1430 2415 1521 2439 cum
1537 2403 1699 2439 Christo
1713 2404 1719 2415 ’
1736 2404 1796 2438 in-

296 2459 499 2505 telligitur,
514 2459 622 2505 quod
641 2459 692 2494 sit
710 2469 848 2504 sapere
865 2465 906 2493 et
924 2452 1052 2493 faeere
1070 2468 1185 2497 usus;
1212 2468 1377 2503 regnum
1392 2457 1497 2492 enim
1511 2456 1671 2496 Christi,
1687 2456 1795 2502 quod

297 2518 360 2547 est
389 2512 554 2552 caelum,
584 2518 646 2547 est
676 2522 843 2557 regnum
873 2522 1038 2552 usuum:
1080 2521 1171 2545 nam
1204 2510 1401 2545 Dominus
1429 2516 1536 2544 amat
1569 2520 1719 2549 omnes,
1749 2519 1796 2543 ac

299 2564 390 2600 inde
407 2565 494 2599 vult
508 2564 694 2600 omnibus
708 2565 870 2604 bonum,
885 2574 931 2599 ac
949 2564 1098 2599 bonum
1113 2570 1174 2598 est
1191 2574 1296 2602 usus,
1312 2570 1353 2597 et
1366 2562 1460 2608 quia
1476 2562 1673 2597 Dominus
1688 2563 1795 2596 bona

298 2627 367 2652 seu
389 2629 484 2652 usus
506 2616 600 2652 facit
619 2617 791 2652 mediate
813 2628 884 2662 per
904 2617 1078 2662 angelos,
1097 2622 1138 2651 et
1159 2616 1198 2650 in
1226 2616 1376 2651 mundo
1399 2626 1469 2661 per
1489 2615 1682 2654 homines,
1703 2614 1794 2649 idco

299 2669 386 2711 illis,
404 2670 472 2716 qui
491 2669 663 2705 fideliter
679 2681 774 2705 usus
795 2669 957 2709 faciunt,
976 2670 1045 2703 dat
1066 2679 1241 2703 amorem
1264 2679 1369 2708 usus,
1388 2675 1427 2703 et
1449 2668 1534 2713 ejus
1556 2667 1794 2706 mercedem,

298 2733 400 2768 quae
417 2729 477 2758 est
490 2723 697 2758 beatitudo
713 2722 877 2762 interna,
890 2728 931 2757 et
945 2722 1042 2756 haec
1055 2728 1116 2756 est
1134 2721 1302 2756 felicitas
1315 2727 1487 2756 aeterna.
1535 2719 1637 2755 Sunt
1656 2719 1693 2753 in
1707 2730 1795 2754 cae-

299 2774 357 2815 lis,
375 2775 480 2810 sicut
497 2775 536 2810 in
554 2775 681 2815 terris,
696 2775 1032 2821 supereminentia
1050 2773 1239 2814 dominia,
1250 2780 1290 2808 et
1310 2773 1638 2819 opulentissimae
1655 2782 1795 2817 gazae:

301 2833 394 2862 sunt
413 2828 518 2862 enim
540 2828 735 2874 regimina
760 2834 801 2863 et
827 2827 1064 2874 regiminum
1085 2826 1246 2867 formae,
1269 2832 1309 2861 et
1331 2826 1421 2861 ideo
1442 2832 1535 2860 sunt
1557 2825 1726 2869 majores
1752 2830 1794 2859 et

301 2879 474 2915 minores
491 2887 711 2926 potestates
729 2887 769 2916 et
795 2881 1029 2927 dignitates:
1063 2886 1104 2915 et
1126 2879 1201 2914 illis
1220 2879 1286 2924 qui
1307 2879 1345 2913 in
1365 2878 1559 2923 supremis
1577 2883 1680 2916 sunt,
1700 2883 1794 2911 sunt

303 2933 447 2977 palatia
463 2939 504 2968 et
517 2934 660 2974 curiae,
674 2945 775 2980 quae
790 2933 1087 2979 magnificentia
1098 2939 1138 2967 et
1152 2932 1365 2977 splendore
1380 2931 1578 2966 excedunt
1594 2929 1740 2975 palatia
1753 2935 1795 2964 et

302 2985 429 3021 curias
450 2985 733 3032 imperatorum
759 2993 800 3022 et
833 2997 969 3033 regum
1001 2986 1041 3021 in
1074 2985 1201 3025 terris,
1221 2991 1261 3019 et
1291 2995 1340 3019 ex
1373 2994 1540 3018 numero
1561 2982 1790 3020 aulicorum
