2014 3386
335 371 357 413 3
368 359 417 401 16
794 368 1039 402 DELICIAE
1069 366 1374 401 SAPIENTIAE

330 489 378 525 et
404 482 465 524 ibi
491 482 761 532 subsistunt,
789 488 837 524 et
868 482 914 524 in
945 481 1023 523 illa
1045 487 1236 523 manent
1267 481 1312 522 in
1338 486 1603 523 aeternum:
1647 486 1694 523 et
1723 494 1826 523 cum

329 548 376 588 in
421 546 500 587 illa
544 552 701 587 aetate
742 552 864 596 sunt,
906 546 1074 587 dantur
1115 545 1287 599 nuptui,
1330 545 1451 599 quod
1491 545 1757 599 providetur
1800 557 1828 586 a

330 610 546 658 Domino,
566 615 612 650 et
636 608 894 651 celebratur
914 609 959 650 in
982 608 1112 650 caelo
1134 608 1208 649 ubi
1225 607 1417 661 juvenis,
1441 609 1516 663 qui
1542 621 1654 649 mox
1676 607 1826 662 sequi-

330 679 404 714 tur
426 684 615 713 uxorem
638 672 683 712 in
706 671 800 725 ejus
823 671 1015 720 caelum,
1035 670 1108 713 vel
1135 671 1179 712 in
1202 671 1295 724 ejus
1318 671 1517 720 domum,
1538 671 1574 712 si
1596 671 1640 712 in
1664 671 1826 712 eadem

330 736 556 777 societate
582 740 702 776 sunt.
764 734 831 777 Ut
863 749 944 789 pro
975 741 1104 776 certo
1137 735 1299 776 scirem
1325 734 1446 789 quod
1460 734 1676 775 ·insantes
1709 734 1827 776 sicut

329 798 638 852 intelligentia
663 798 804 840 etiam
830 804 1009 840 statura
1035 804 1246 839 crescant
1272 803 1319 839 et
1351 797 1638 847 adolescant,
1666 797 1826 838 datum

330 868 402 904 est
435 862 557 915 loqui
589 874 691 902 cum
722 862 1005 916 quibusdam,
1034 861 1141 902 dum
1173 861 1372 903 infantes
1402 867 1550 910 erant,
1583 867 1631 902 et
1663 866 1827 915 postea

330 938 432 966 cum
463 925 553 966 illis
584 937 687 966 cum
723 924 1051 975 adoleverant3
1093 937 1145 965 ac
1177 925 1260 965 visi
1291 930 1398 966 sunt
1429 924 1749 966 adolescentes
1779 924 1826 964 in

329 988 465 1029 simili
490 994 670 1029 statura
694 987 739 1029 in
765 1002 853 1042 qua
878 994 985 1029 sunt
1011 987 1333 1029 adolescentes
1354 987 1544 1041 juvenes
1569 988 1614 1028 in
1641 979 1824 1029 mundo.

411 1062 537 1106 412.
579 1051 782 1093 Infantes
799 1052 1085 1093 instruuntur
1101 1051 1320 1105 imprimis
1337 1065 1417 1105 per
1433 1051 1827 1105 repraesentativa

328 1116 475 1168 geniis
496 1114 676 1156 illorum
698 1115 957 1169 adaequata
978 1121 1026 1156 et
1053 1115 1318 1165 conformia,
1342 1129 1458 1169 quae
1480 1127 1614 1169 quam
1637 1114 1827 1169 pulchra

328 1185 376 1220 et
408 1178 540 1219 simul
572 1179 1086 1231 sapientiae'interioris
1126 1177 1264 1233 plena
1302 1185 1425 1227 sunt,
1457 1178 1502 1219 in
1542 1178 1714 1219 mundo
1743 1178 1825 1220 vix

328 1242 451 1283 credi
477 1248 648 1295 potest.
709 1242 846 1283 Binas
869 1243 1319 1295 repraesentationes
1339 1241 1411 1283 hic
1435 1241 1544 1282 licet
1570 1241 1741 1291 afferre,
1764 1255 1826 1284 ex

328 1305 489 1359 quibus
516 1305 728 1346 concludi
751 1312 908 1359 potest
935 1306 993 1346 ad
1019 1305 1229 1359 reliquas.
1285 1304 1530 1358 Quondam
1556 1318 1824 1359 repraesen-

328 1368 493 1410 tabant
512 1368 759 1409 Dominum
779 1382 803 1410 e
821 1368 1031 1422 sepulcro
1046 1369 1390 1418 ascendentem,
1405 1374 1452 1410 et
1470 1367 1603 1409 simul
1624 1368 1825 1411 Humani

329 1432 477 1486 Ipsius
509 1433 762 1473 unitionem
800 1445 902 1473 cum
941 1432 1134 1473 Divino:
1183 1432 1412 1473 sistebant
1450 1432 1643 1485 primum
1673 1432 1825 1474 ideam

327 1495 537 1549 sepulcri,
567 1496 647 1536 sed
674 1509 766 1536 non
793 1495 925 1537 simul
952 1496 1101 1537 ideam
1126 1495 1323 1544 Domini,
1352 1496 1437 1536 nisi
1462 1496 1528 1537 ita
1553 1501 1745 1546 remote,
1774 1501 1826 1538 ut

327 1560 408 1600 vix
440 1560 750 1613 perciperetur
780 1560 902 1614 quod
937 1560 1160 1601 Dominus
1202 1561 1286 1601 nisi
1322 1560 1450 1614 quasi
1490 1574 1515 1602 e
1556 1559 1823 1614 longinquo,

327 1637 387 1664 ex
414 1636 550 1664 causa
572 1624 675 1677 quia
696 1624 826 1665 ideae
849 1623 1044 1677 sepulcri
1070 1624 1190 1665 inest
1211 1623 1379 1678 aliquid
1406 1623 1587 1673 funeris,
1612 1624 1733 1677 quod
1760 1624 1825 1665 sic

327 1687 653 1728 removebant:
689 1694 854 1741 postea
882 1687 1194 1728 admittebant
1222 1687 1472 1741 prudenter
1497 1688 1541 1728 in
1569 1687 1826 1741 sepulcrum

327 1750 559 1803 quoddam
582 1751 1013 1804 atmosphaericum‚
1038 1764 1263 1804 apparens
1286 1764 1426 1804 usque
1449 1756 1498 1791 ut
1525 1756 1662 1792 tenue
1685 1763 1825 1804 aque-

327 1826 418 1862 um,
453 1827 541 1867 quo
574 1814 911 1867 significabant,
945 1814 1085 1855 etiarn
1117 1827 1197 1868 per
1227 1814 1533 1855 remotionem
1565 1813 1824 1863 decentem,

327 1877 470 1917 vitam
498 1877 780 1930 spiritualem
812 1878 856 1918 in
889 1877 1134 1931 baptismo.
1197 1877 1363 1918 Postea
1389 1877 1480 1917 vidi
1505 1883 1824 1930 repraesenta-

329 1947 428 1982 tum
460 1941 517 1981 ab
549 1941 638 1981 illis
672 1941 856 1981 Domini
888 1941 1158 1982 descensum
1189 1940 1248 1981 ad
1279 1938 1471 1989 vin&os,
1505 1946 1552 1981 et
1584 1952 1826 1981 ascensum

329 2016 431 2045 cum
463 2002 627 2044 vinctis
658 2004 703 2044 in
735 2004 943 2055 caelum;
981 2010 1043 2053 et,
1071 2004 1192 2057 quod
1224 2003 1429 2044 infantile
1461 2009 1575 2052 erat,
1602 2002 1826 2044 funiculos

327 2066 421 2108 fere
439 2067 773 2120 inconspicuos,
794 2067 1120 2115 molliusculos,
1141 2073 1187 2108 et
1210 2067 1481 2107 tenerrimos
1499 2066 1824 2116 demittebant,

329 2131 490 2184 quibus
519 2130 767 2171 Dominum
793 2130 1049 2182 allevarent
1075 2131 1120 2171 in
1146 2143 1353 2178 ascensu,
1382 2142 1563 2183 semper
1593 2130 1638 2170 in
1665 2128 1827 2171 saneto

328 2194 508 2241 timore,
543 2207 600 2235 ne
632 2194 871 2247 quicquam
903 2194 948 2234 in
980 2193 1376 2246 repraesentativo
1408 2189 1625 2246 tangeret
1656 2192 1825 2246 aliquid

329 2257 374 2298 in
406 2271 495 2311 quo
527 2271 617 2298 non
651 2263 775 2298 esset
802 2256 1020 2298 caeleste.
1082 2256 1268 2297 Praeter
1299 2255 1411 2296 alias
1438 2256 1827 2309 repraesentatio-

329 2334 426 2370 nes,
451 2334 530 2374 per
556 2335 666 2374 quas
689 2321 822 2362 simul
848 2321 893 2361 in
917 2320 1204 2373 cognitiones
1228 2320 1321 2360 veri
1345 2325 1391 2360 et
1415 2318 1679 2360 affectiones
1701 2319 1824 2368 boni,

329 2384 448 2425 sicut
490 2397 569 2437 per
610 2384 741 2425 ludos
773 2384 935 2424 animis
966 2383 1190 2424 infantum
1223 2389 1579 2431 consentaneos,
1607 2382 1824 2423 seruntur.

329 2447 408 2488 Ad
434 2447 546 2488 haec
575 2454 621 2488 et
649 2447 813 2488 similia
839 2447 1063 2488 ducuntur
1088 2446 1286 2486 infantes
1309 2459 1335 2487 a
1362 2445 1563 2486 Domino
1590 2459 1669 2499 per
1694 2446 1826 2486 inno-

330 2512 530 2552 centiam
573 2517 888 2552 transeuntem
926 2510 1103 2551 caelum
1136 2509 1336 2557 tertium,
1370 2522 1422 2550 ac
1466 2509 1533 2550 ita
1571 2507 1828 2562 spiritualia

329 2575 616 2615 insinuantur
656 2572 971 2615 affectionibus
1015 2579 1061 2614 et
1106 2572 1212 2613 inde
1253 2573 1423 2613 teneris
1465 2571 1825 2625 cogitationibus

329 2638 524 2686 illorum,
561 2645 609 2678 ut
654 2637 852 2678 infantes
898 2650 990 2677 non
1030 2636 1177 2677 sciant
1219 2635 1367 2684 aliter,
1401 2649 1536 2689 quam
1578 2634 1699 2688 quod
1739 2634 1825 2687 ipsi

328 2702 498 2743 faciant
523 2708 570 2742 et
604 2702 814 2754 cogitent
842 2700 953 2742 talia
984 2713 1045 2741 ex
1077 2713 1139 2748 se,
1168 2712 1248 2753 per
1279 2698 1401 2753 quod
1428 2696 1694 2740 intellectus
1719 2696 1824 2739 rllo-

329 2778 427 2807 rum
454 2766 673 2806 initiatur.

414 2838 541 2882 413.
576 2826 715 2881 (xxi.)
754 2826 883 2878 Quod
907 2826 973 2868 ibi
999 2841 1027 2867 a
1065 2825 1252 2867 Domino
1276 2824 1588 2879 provideatur,
1615 2831 1666 2866 ut
1703 2822 1831 2877 apud

330 2891 432 2933 illos
464 2891 707 2932 innocentia
738 2891 958 2945 infantiae
974 2890 1068 2945 fiat
1096 2889 1341 2930 innocentia
1371 2887 1824 2941 sapz'entiae.—Multi

330 2963 566 2996 autumare
595 2961 785 3007 possunt
809 2955 928 3008 quod
951 2954 1148 2995 infantes
1172 2959 1388 2994 maneant
1411 2952 1622 3000 infantes,
1642 2957 1689 2992 et
1711 2950 1824 2991 fiant

331 3019 483 3072 angeli
511 3021 668 3060 statim
702 3025 805 3073 post
833 3024 1054 3069 mortem;
1088 3017 1167 3058 sed
1194 3016 1502 3069 intelligentia
1527 3021 1574 3056 et
1601 3013 1825 3068 sapientia
