2014 3386
338 349 421 392 320
796 347 1039 381 DELICIAE
1071 348 1375 382 SAPIENTIAE

334 460 426 507 igne
447 459 649 496 infernali:
682 466 724 496 et
747 460 936 503 affitutum,
958 472 1049 497 cum
1075 461 1243 507 pedibus
1268 461 1488 508 tetigerunt
1511 467 1671 503 terram,
1693 460 1829 498 hiabat

334 514 465 550 solum
484 515 557 549 sub
577 514 666 555 illis,
685 521 726 550 et
744 515 887 560 relapsi
906 521 1000 550 sunt
1017 515 1067 550 ad
1086 525 1192 550 suos.

403 567 522 614 416.
561 567 658 602 Post
676 567 775 602 haec
793 568 874 602 duo
892 567 947 602 illi
966 567 1096 613 angeli
1114 567 1298 603 videntes
1319 578 1383 603 me
1408 578 1542 614 prope,
1562 567 1751 603 dicebant
1775 567 1827 603 ad

334 619 636 655 circumstantes
662 620 712 655 de
738 630 812 660 me,
830 619 1018 655 “Scimus
1038 620 1147 666 quod
1174 620 1240 655 hic
1263 620 1325 655 vir
1349 620 1400 656 de
1427 620 1514 656 Deo
1540 627 1581 656 et
1607 620 1658 655 de
1684 626 1828 656 natura

334 671 556 718 scripserit;
588 671 831 708 audiamus.’'

405 724 457 760 Et
478 731 731 760 accesserunt
752 731 793 760 et
813 731 1065 771 rogaverunt,
1083 731 1128 760 ut
1154 724 1221 760 illa
1240 735 1341 771 quae
1362 725 1412 760 de
1434 724 1522 761 Deo
1543 731 1584 761 et
1608 725 1659 760 de
1684 730 1829 761 natura

334 777 482 823 scripta
507 784 612 819 sunt,
638 788 772 813 coram
801 777 876 813 illis
902 778 1150 824 legerentur:
1186 784 1227 813 et
1260 778 1336 824 legi
1363 777 1456 813 inde
1482 778 1581 814 haec
1606 778 1828 823 sequentia.

334 829 463 865 η[1111Ιί
478 829 544 876 qui
560 831 729 866 credunt
744 830 931 865 Divinam
946 830 1218 876 operationem
1234 830 1273 865 in
1288 831 1454 877 singulis
1468 837 1644 871 naturae,
1657 837 1828 876 possunt

333 893 382 918 ex
399 883 608 928 permultis
623 894 725 929 quae
743 883 783 918 in
797 889 939 918 natura
951 883 1102 923 vident,
1117 894 1159 918 se
1176 883 1410 919 confirmare
1428 894 1500 929 pro
1516 883 1674 924 Divino,
1689 894 1826 930 aeque,

334 936 458 971 immo
476 936 574 981 plus,
593 947 712 982 quam
732 936 787 970 illi
806 936 873 982 qui
894 947 937 971 se
958 936 1196 971 confirmant
1213 946 1285 982 pro
1303 943 1464 977 natura;
1491 936 1546 971 illi
1565 937 1670 972 enim
1692 936 1760 982 qui
1783 947 1827 973 se

332 988 573 1024 confirmant
593 999 664 1035 pro
687 988 846 1029 Divino,
867 989 1084 1024 attendunt
1104 989 1154 1024 ad
1177 989 1382 1030 mirabilia,
1404 1000 1505 1035 quae
1525 990 1828 1035 conspiciuntur

333 1041 373 1076 in
392 1041 721 1087 productionibus
746 1048 828 1076 tam
855 1042 1137 1088 vegetabilium
1159 1052 1277 1088 quam
1300 1042 1542 1078 animalium.
1593 1042 1638 1077 In
1655 1043 1826 1088 produc-

332 1095 498 1129 tionibus
509 1094 782 1140 vegetabilium
794 1108 812 1136 ,·
836 1095 946 1140 quod
964 1105 1013 1129 ex
1027 1095 1223 1130 seminulo
1235 1093 1343 1140 jae‘to
1357 1094 1396 1129 in
1411 1101 1556 1130 terram
1571 1101 1688 1130 exeat
1701 1095 1825 1136 radix,

333 1158 404 1193 per
424 1147 596 1183 radicem
615 1147 751 1188 caulis,
770 1158 816 1183 ac
834 1147 1036 1192 sucessive
1054 1147 1228 1188 frondes,
1247 1146 1354 1188 folia,
1372 1148 1501 1188 flores,
1520 1146 1682 1189 fructus,
1699 1158 1827 1194 usque

332 1200 383 1235 ad
409 1211 514 1235 nova
535 1200 708 1242 semina;
738 1211 899 1246 prorsus
925 1200 1029 1235 sicut
1049 1211 1184 1235 semen
1207 1200 1326 1235 sciret
1347 1200 1529 1236 ordinem
1550 1201 1826 1243 successionis,

332 1259 402 1288 aut
427 1264 668 1299 processum,
696 1264 776 1299 quo
802 1264 844 1288 se
870 1259 1152 1288 renovaturum
1179 1253 1242 1288 sit.
1293 1251 1393 1299 Quis
1420 1253 1625 1289 rationalis
1649 1253 1826 1300 cogitare

333 1312 478 1351 potest,
500 1306 607 1352 quod
635 1306 707 1347 sol,
728 1305 796 1352 qui
827 1313 888 1341 est
916 1317 1037 1351 purus
1067 1306 1180 1352 ignis,
1203 1306 1279 1341 hoc
1306 1305 1432 1341 sciat?
1466 1313 1535 1341 aut
1563 1307 1671 1352 quod
1699 1313 1828 1353 possit

333 1358 470 1394 indere
488 1359 607 1394 calori
631 1370 703 1394 suo
725 1365 765 1394 et
785 1359 864 1394 luci
886 1370 991 1399 suae,
1010 1365 1055 1394 ut
1075 1359 1171 1394 talia
1188 1359 1343 1400 efficiat,
1362 1365 1448 1394 tum
1467 1360 1576 1405 quod
1599 1360 1726 1405 possit
1747 1359 1827 1396 sor·

333 1423 440 1447 mare
467 1411 660 1446 mirabilia
686 1411 726 1446 in
752 1411 839 1452 illis,
865 1422 911 1446 ac
938 1411 1144 1447 intendere
1171 1411 1317 1447 usum?
1367 1411 1515 1452 Homo,
1542 1411 1604 1447 cui
1633 1413 1827 1449 rationale

333 1465 531 1500 elevatum
559 1471 631 1505 est,
658 1475 748 1499 cum
780 1464 846 1499 illa
870 1464 983 1500 videt
1011 1471 1053 1500 et
1078 1465 1280 1510 expendit,
1307 1475 1386 1500 non
1417 1471 1551 1510 potest
1575 1465 1691 1500 aliter
1719 1466 1828 1513 cogi-

333 1524 429 1558 tare,
447 1529 566 1563 quam
589 1518 699 1563 quod
721 1517 802 1552 sint
827 1518 877 1552 ab
901 1517 1004 1563 Ipso,
1023 1518 1086 1553 cui
1109 1517 1264 1552 infinita
1289 1518 1486 1563 sapientia
1510 1525 1582 1558 est,
1601 1519 1657 1553 ita
1681 1528 1705 1553 a
1726 1517 1826 1556 Deo.

335 1570 396 1606 Illi
415 1571 481 1616 qui
496 1577 719 1617 agnoscunt
736 1570 937 1610 Divinum,
954 1570 993 1605 id
1012 1581 1171 1616 quoque
1185 1570 1324 1606 vident
1342 1577 1382 1606 et
1400 1571 1597 1617 cogitant3
1623 1577 1665 1606 at
1682 1571 1739 1606 illi
1757 1571 1825 1618 qui

361 1634 414 1659 on
440 1630 674 1669 agnoscunt,
697 1623 736 1658 id
763 1634 844 1658 non
870 1623 1010 1658 vident
1036 1630 1077 1658 et
1102 1623 1294 1669 cogitant,
1312 1624 1405 1669 quia
1430 1634 1511 1658 non
1533 1623 1685 1665 volunt,
1703 1630 1744 1659 et
1769 1623 1827 1659 sic

333 1635 552 1712 {emittunt
569 1676 762 1711 rationale
781 1687 895 1711 suum
915 1676 955 1713 in
974 1677 1168 1716 sensuale,
1183 1677 1292 1722 quod
1311 1687 1451 1712 omnes
1470 1676 1578 1712 ideas
1596 1687 1688 1712 suas
1701 1676 1827 1712 trahit

334 1740 382 1764 ex
399 1729 550 1764 lumine
566 1729 604 1763 in
620 1740 700 1775 quo
715 1735 808 1764 sunt
826 1740 966 1764 sensus
984 1729 1229 1775 corporis,ac
1243 1729 1418 1764 fallacias
1438 1729 1595 1764 illorum
1614 1729 1827 1765 confirmat

333 1782 516 1822 dicendo,
533 1772 711 1817 ‘Numiie
726 1782 839 1817 vides
853 1782 978 1818 solem
997 1793 1068 1828 per
1080 1782 1251 1817 calorem
1267 1792 1380 1817 suum
1396 1788 1437 1817 et
1454 1782 1582 1818 lucem
1597 1793 1708 1818 suam
1727 1782 1827 1819 haec

333 1834 592 1880 operantem?
614 1835 709 1880 quid
728 1841 790 1870 est
808 1835 846 1869 id
865 1835 973 1881 quod
992 1846 1071 1870 non
1086 1834 1227 1870 vides?
1252 1846 1346 1870 num
1366 1842 1426 1870 est
1443 1835 1591 1881 aliquid
1604 1835 1632 1871 ?'
1683 1835 1743 1870 Illi
1758 1835 1826 1882 qui

333 1899 376 1923 se
402 1887 640 1923 confirmant
666 1898 738 1932 pro
767 1887 925 1927 Divino,
944 1888 1160 1923 attendunt
1185 1887 1235 1922 ad
1262 1887 1468 1928 mirabilia,
1487 1898 1589 1933 quae
1616 1887 1825 1934 conspicu-

334 1940 507 1975 unturin
519 1941 833 1985 produc‘iionibus
849 1941 1083 1975 animalium
1097 1953 1114 1981 ,·
1138 1946 1184 1975 ut
1202 1940 1267 1976 hic
1284 1941 1414 1976 solum
1433 1951 1650 1976 memorem
1670 1940 1710 1975 in
1725 1940 1824 1982 ovis,

333 1993 440 2039 quod
461 1993 500 2027 in
521 1993 596 2027 illis
614 1993 737 2027 lateat
751 1993 882 2038 pullus
902 1992 941 2027 in
960 2003 1033 2028 suo
1051 1993 1203 2028 semine
1221 2004 1290 2028 seu
1311 1993 1596 2028 inchoamento
1610 2004 1700 2028 eum
1714 1993 1824 2029 omni

334 2046 528 2092 requisito
546 2056 672 2091 usque
690 2045 738 2080 ad
765 2045 1048 2086 exclusionem,
1067 2051 1107 2080 et
1132 2056 1292 2091 quoque
1310 2056 1399 2080 cum
1418 2045 1527 2081 omni
1548 2046 1825 2092 progressione

334 2106 425 2145 post
442 2098 723 2139 exclusionem,
742 2109 867 2144 usque
887 2104 933 2132 ut
954 2097 1023 2133 fiat
1040 2098 1124 2133 avis
1141 2105 1209 2133 aut
1226 2098 1388 2134 volatile
1407 2098 1446 2132 in
1466 2098 1593 2134 forma
1609 2099 1826 2145 genitoris;

333 2159 374 2188 et
391 2151 424 2187 si
443 2151 617 2187 attendit
630 2151 679 2186 ad
700 2150 879 2191 formam,
894 2151 1003 2197 quod
1021 2151 1113 2186 talis
1130 2150 1191 2190 sit,
1206 2157 1252 2186 ut
1270 2162 1348 2186 non
1366 2151 1502 2197 possit,
1518 2151 1551 2187 si
1569 2152 1648 2187 alte
1662 2152 1825 2198 cogitat,

333 2216 452 2252 quam
478 2205 614 2240 venire
640 2204 679 2239 in
706 2211 931 2249 stuporem:
965 2210 1010 2238 ut
1035 2204 1143 2249 quod
1170 2204 1209 2238 in
1237 2203 1411 2239 minimis
1438 2204 1594 2239 illorum
1621 2203 1759 2241 [2Jsicut
1784 2206 1825 2242 in

334 2258 527 2298 maximis,
547 2258 670 2292 immo
689 2257 728 2291 in
747 2256 1010 2292 invisibilibus
1028 2256 1130 2292 sicut
1149 2257 1187 2291 in
1205 2257 1436 2298 visibilibus,
1457 2257 1533 2293 hoc
1550 2264 1622 2298 est,
1641 2258 1680 2293 in
1700 2258 1826 2295 insec-

333 2310 429 2347 tulis
465 2310 568 2346 sicut
602 2310 641 2345 in
674 2309 835 2345 alitibus
871 2315 941 2344 aut
977 2309 1113 2345 bestiis
1149 2309 1312 2356 magnis,
1340 2310 1420 2345 sint
1449 2321 1598 2357 organa
1623 2322 1825 2353 sensuum,

334 2375 436 2410 quae
465 2370 558 2399 sunt
586 2363 706 2403 visus,
731 2360 967 2408 [blanditus]
995 2362 1194 2402 odoratus,
1221 2369 1373 2409 gustus,
1395 2362 1536 2404 taetus,
1558 2370 1644 2398 tum
1676 2374 1826 2410 organa

335 2423 528 2457 motuum,
547 2427 648 2462 quae
662 2422 755 2451 sunt
773 2415 951 2455 musculi,
965 2415 1104 2450 volant
1118 2415 1223 2450 enim
1243 2422 1283 2450 et
1299 2415 1543 2462 gradiuntur.
1559 2423 1603 2451 ut
1620 2423 1661 2452 et
1673 2417 1826 2453 viscera

334 2470 482 2505 circum
508 2469 630 2504 corda
655 2475 697 2504 et
722 2468 944 2514 pulmones,
963 2478 1064 2514 quae
1090 2466 1301 2503 aetuantur
1325 2479 1348 2504 a
1372 2469 1562 2510 cerebris;
1596 2470 1704 2515 quod
1729 2469 1825 2507 vilia

335 2522 484 2557 insecta
498 2522 616 2557 etiam
631 2522 779 2556 talibus
792 2521 1004 2567 gaudeant,
1020 2527 1160 2555 notum
1175 2527 1237 2556 est
1255 2522 1304 2556 ab
1322 2528 1508 2557 anatome
1523 2522 1679 2557 illorum
1697 2533 1721 2558 a
1737 2523 1825 2569 qui-

335 2575 503 2610 busdam
520 2574 729 2620 descripta,
745 2573 937 2619 imprimis
951 2584 973 2609 a
989 2574 1313 2608 Swammerdamo
1328 2574 1366 2609 in
1381 2575 1466 2620 ejus
1482 2574 1621 2611 Bibliis
1637 2575 1824 2613 Naturae.

336 2626 414 2675 Qui
433 2627 566 2663 omnia
585 2634 747 2662 natur-ae
765 2626 1007 2666 adscribunt,
1027 2626 1081 2660 illi
1099 2625 1259 2671 quidem
1277 2627 1416 2662 vident
1432 2627 1538 2668 talia,
1557 2628 1627 2663 sed
1645 2628 1825 2675 cogitant

336 2681 457 2716 modo
471 2681 579 2726 quod
594 2680 683 2720 sint,
698 2687 738 2715 et
756 2680 894 2715 dicunt
907 2679 1014 2725 quod
1029 2685 1169 2714 natura
1182 2680 1375 2724 producat
1388 2692 1396 2721 ;
1422 2687 1462 2716 et
1476 2681 1553 2716 hoc
1567 2681 1717 2721 dicunt,
1731 2681 1825 2728 quia

335 2740 564 2769 averterunt
582 2740 754 2768 mentem
782 2743 805 2767 a
829 2732 1045 2778 cogitando
1071 2731 1120 2766 de
1149 2731 1305 2773 Divino,
1325 2739 1365 2768 et
1390 2733 1456 2779 qui
1483 2739 1710 2769 averterunt
1733 2744 1775 2770 se
1800 2744 1825 2770 a

335 2788 550 2833 cogitando
572 2787 622 2822 de
645 2786 804 2826 Divino,
823 2786 919 2820 dum
941 2785 1078 2820 vident
1097 2785 1291 2820 mirabilia
1317 2786 1355 2820 in
1382 2793 1533 2826 natura,
1552 2797 1632 2822 non
1654 2792 1823 2832 possunt

336 2841 594 2881 rationaliter,
610 2841 741 2876 minus
759 2841 1027 2887 spiritualiter,
1042 2840 1230 2885 cogitare,
1246 2839 1315 2875 sed
1334 2839 1512 2885 cogitant
1530 2840 1765 2875 sensualiter
1781 2846 1823 2876 et

337 2895 603 2935 materialiter,
619 2901 659 2930 et
675 2901 772 2930 tunc
786 2895 964 2941 cogitant
979 2894 1017 2929 in
1033 2900 1176 2928 natura
1189 2904 1237 2928 ex
1251 2899 1401 2932 natura,
1417 2899 1457 2927 et
1475 2903 1555 2927 non
1570 2904 1688 2938 supra
1702 2893 1820 2935 illam,

336 2948 519 2983 similiter
536 2954 580 2982 ut
602 2947 752 2983 iaciunt
771 2947 826 2982 illi
845 2945 911 2993 qui
931 2947 970 2982 in
991 2946 1144 2981 inferno
1162 2951 1277 2985 sunt:
1303 2946 1430 2980 solum
1450 2956 1539 2980 curn
1558 2945 1782 2981 differentia
1797 2957 1823 2982 a
1860 2976 1863 2978 ,

337 3001 485 3042 bestiis,
501 3001 607 3047 quod
628 3000 897 3036 rationalitate
912 2999 1099 3046 polleant,
1115 2999 1191 3034 hoc
1209 3004 1279 3039 est,
1295 2998 1401 3044 quod
1421 2998 1573 3044 possint
1591 2998 1820 3043 intelligere.
