2014 3386
570 345 638 378 DE
668 343 850 378 AMORE
881 342 1305 386 CONJUG1AL1.—N.
1336 334 1429 386 385.
1661 343 1738 386 301

906 544 1099 602 [xva]

246 649 324 691 DE
367 647 764 701 CONJUNCTIONE
796 647 1002 689 AMORIS
1034 647 1372 699 CONJUGIAms
1411 655 1517 688 CUM
1548 645 1741 688 AMORE

846 711 1134 753 INFANTUM.

325 831 460 885 385.
501 828 619 871 Sunt
640 829 807 870 indicia
829 843 944 883 quae
967 828 1263 870 manifestant
1291 827 1411 883 quod
1434 840 1563 868 amor
1584 825 1740 880 conju-

241 893 376 948 gialis
399 901 446 935 et
469 907 597 934 amor
614 893 854 942 infantum,
874 893 948 946 qui
970 898 1162 933 vocatur
1179 898 1352 945 storge,
1373 889 1602 944 conjuncti
1621 891 1711 932 sint
1730 905 1739 940 ;

241 963 290 999 et
313 971 493 1012 quoque
516 963 622 998 sunt
648 957 815 998 indicia
846 970 961 1011 quae
993 956 1208 997 inducere
1234 962 1427 1010 possunt
1454 955 1591 996 fidem
1618 955 1740 1009 quod

240 1035 332 1063 non
358 1020 586 1074 conjuncti
612 1022 703 1062 sint
725 1035 734 1072 ;
767 1021 904 1062 datur
928 1021 1048 1062 enim
1074 1033 1201 1061 amor
1226 1020 1449 1060 infantum
1476 1018 1596 1072 apud
1629 1032 1738 1060 con-

235 1084 368 1139 juges
395 1085 469 1139 qui
501 1099 561 1126 ex
594 1084 734 1125 corde
761 1098 808 1125 se
835 1089 1005 1133 amant,
1034 1089 1080 1124 et
1111 1084 1247 1124 datur
1272 1083 1392 1137 apud
1419 1082 1639 1136 conjuges
1664 1082 1739 1136 qui

196 1160 200 1166 ‘
241 1148 378 1190 corde
406 1148 658 1198 dissident3
691 1153 738 1189 et
765 1161 943 1201 quoque
969 1146 1089 1201 apud
1115 1153 1368 1200 separat05‚
1393 1152 1440 1187 et
1467 1146 1739 1200 quandoque

241 1212 442 1253 tenerior
473 1218 519 1252 et
550 1211 711 1252 fortior
735 1210 855 1264 apud
888 1210 971 1251 hos
1004 1223 1139 1264 quam
1166 1211 1284 1264 apud
1317 1210 1435 1251 illos.
1498 1209 1589 1251 Sed
1616 1209 1737 1263 quod

240 1289 381 1329 usque
407 1288 535 1316 amor
556 1274 780 1316 infantum
804 1287 906 1315 cum
933 1286 1087 1315 amore
1110 1273 1353 1327 conjugiali
1380 1280 1603 1327 perpetuo
1626 1286 1737 1314 con-

236 1337 418 1392 junctus
440 1339 514 1387 sit,
539 1343 750 1379 constare
773 1343 930 1391 potest
954 1351 1013 1378 ex
1037 1337 1211 1390 origine
1234 1336 1343 1390 ejus,
1368 1351 1428 1378 ex
1451 1351 1538 1391 qua
1560 1336 1704 1377 influit
1726 1350 1735 1387 ;

239 1415 356 1456 quae
382 1402 572 1442 tametsi
597 1402 799 1442 variatur
820 1401 939 1455 apud
966 1401 1255 1454 recipientes,
1283 1415 1423 1455 usque
1451 1407 1641 1441 manent
1671 1400 1737 1441 illi

239 1478 421 1507 amores
452 1463 680 1513 indivulsi,
714 1464 849 1518 plane
881 1465 998 1505 sicut
1029 1464 1130 1505 finis
1161 1465 1329 1518 primus
1366 1465 1410 1505 in
1442 1463 1530 1505 fine
1556 1464 1734 1512 ultimo,

238 1529 313 1583 qui
344 1534 414 1569 est
438 1526 636 1569 effectus.
698 1527 821 1568 Finis
847 1528 1015 1581 primus
1041 1528 1207 1568 amoris
1233 1526 1501 1580 conjugialis
1527 1533 1599 1568 est
1631 1541 1736 1580 pro-

238 1592 411 1633 creatio
433 1591 629 1642 sobolis;
663 1597 710 1632 et
737 1590 835 1631 finis
859 1591 1055 1639 ultimus,
1081 1592 1154 1645 qui
1181 1597 1251 1632 est
1278 1589 1478 1640 effectus,
1503 1596 1573 1632 est
1598 1590 1735 1632 sobo-

238 1654 305 1696 les
338 1661 590 1708 procreata.
652 1655 788 1708 Quod
820 1656 989 1709 primus
1021 1654 1119 1696 finis
1151 1669 1200 1696 se
1231 1655 1395 1696 inferat
1432 1655 1476 1695 in
1508 1652 1734 1702 effectum,

238 1732 291 1760 ac
318 1719 427 1760 inibi
453 1719 511 1760 sit
535 1719 652 1759 sicut
683 1719 729 1759 in
756 1733 836 1759 suo
862 1719 1124 1772 primordio,
1153 1724 1198 1760 et
1230 1732 1320 1759 non
1347 1718 1532 1760 recedat
1557 1718 1615 1758 ab
1640 1717 1734 1765 illo,

237 1788 395 1836 potest
425 1782 568 1823 videri
604 1795 664 1823 ex
696 1782 910 1822 rationali
945 1782 1183 1822 intuitione
1215 1782 1548 1835 progressionis
1579 1780 1734 1821 finium

238 1852 286 1898 et
313 1859 549 1887 causarum
576 1846 621 1887 in
647 1860 729 1887 suo
747 1847 905 1887 ordine
931 1846 988 1886 ad
1016 1843 1226 1887 effe&us:
1260 1846 1340 1886 sed
1367 1846 1471 1899 quia
1496 1845 1736 1886 ratiocinia

236 1909 511 1964 perplurium
543 1923 636 1951 non
667 1910 905 1951 ordiuntur
935 1909 1020 1950 nisi
1053 1922 1186 1963 quam
1220 1923 1279 1950 ex
1312 1907 1559 1958 effectibus,
1593 1914 1640 1950 et
1673 1923 1734 1949 ex

235 1973 325 2015 illis
351 1974 607 2028 procedunt
639 1974 696 2014 ad
729 1974 903 2028 aliquas
929 1972 1245 2027 consequelas‚
1273 1979 1321 2014 et
1353 1986 1445 2014 non
1477 1987 1537 2013 ex
1570 1972 1731 2021 causis,

236 2043 283 2079 et
313 2052 373 2079 ex
404 2038 475 2079 his
501 2037 735 2092 analytice
766 2038 824 2079 ad
857 2036 1056 2085 effectus
1090 2043 1137 2078 et
1160 2038 1222 2078 sic
1255 2050 1405 2090 porro,
1455 2036 1560 2077 ideo
1591 2037 1733 2077 ratio-

236 2100 358 2142 nalia
383 2100 495 2142 lucis
527 2114 618 2142 non
645 2107 836 2155 possunt
864 2114 955 2141 non
986 2099 1081 2141 fieri
1107 2100 1300 2140 obscura
1327 2099 1471 2148 nubis,
1500 2099 1620 2140 unde
1651 2100 1732 2140 de-

235 2165 462 2205 viationes
487 2177 514 2205 a
537 2164 670 2214 veris,
696 2164 912 2206 oriundae
939 2178 998 2205 ex
1021 2164 1303 2217 apparentiis
1326 2170 1373 2204 et
1398 2162 1604 2204 fallaciis.
1665 2163 1732 2204 Ut

235 2233 390 2269 autem
415 2227 638 2276 videatur,
667 2227 789 2282 quod
821 2241 949 2269 amor
975 2226 1242 2280 conjugialis
1274 2232 1322 2267 et
1354 2239 1481 2267 amor
1506 2226 1732 2267 infantum

234 2291 422 2332 interius
449 2289 678 2343 conjuncti
704 2291 811 2340 sint,
839 2291 1027 2332 tametsi
1053 2290 1258 2332 exterius
1287 2287 1511 2341 disjuncti,
1540 2290 1732 2330 demon-

234 2353 454 2396 strabitur
478 2354 523 2395 in
549 2354 636 2396 hoc
662 2355 832 2396 ordine.

475 2436 531 2481 (i.)
568 2436 683 2482 Quod
697 2437 809 2472 binae
827 2436 1016 2482 sphaerae
1036 2436 1272 2471 universales
1284 2435 1500 2482 procedant
1519 2446 1543 2470 a
1565 2435 1733 2469 Domino

658 2484 715 2518 ad
727 2484 1028 2519 conservandum
1043 2486 1267 2518 universum
1282 2485 1324 2517 in
1336 2487 1445 2518 statu
1458 2486 1584 2517 creato
1596 2495 1612 2522 ,·
1636 2493 1732 2526 qua-

657 2542 746 2566 rum
765 2542 843 2565 una
857 2535 911 2566 est
922 2531 1088 2577 sphaera
1099 2530 1347 2576 procreandi,
1362 2541 1409 2564 ac
1424 2530 1550 2564 altera
1564 2529 1731 2575 sphaera

658 2578 822 2613 tutandi
827 2581 1049 2624 procreata.

459 2625 530 2671 (ii.)
567 2625 681 2671 Quod
700 2626 812 2660 binae
836 2626 928 2661 illae
950 2626 1140 2671 sphaerae
1164 2624 1402 2659 universales
1422 2635 1545 2659 unum
1566 2624 1732 2671 faciant

658 2684 744 2707 cum
767 2673 935 2718 sphaera
961 2673 1107 2707 amoris
1126 2672 1371 2719 conJ'ugz'al125‚
1392 2675 1429 2706 et
1453 2682 1539 2706 cum
1563 2670 1730 2716 sphaera

661 2722 806 2754 amoris
822 2720 1036 2766 infantum.
1337 2735 1339 2738 >

444 2766 529 2812 (iii.)
568 2766 682 2813 Quod
694 2767 805 2801 binae
821 2767 914 2802 illae
925 2767 1113 2812 sphaerae
1124 2765 1402 2801 universaliter
1417 2769 1455 2800 et
1469 2763 1731 2811 singulariter

659 2813 832 2858 influant
848 2815 891 2848 in
909 2815 1038 2849 omnia
1056 2814 1157 2848 caeli
1169 2817 1205 2848 et
1225 2814 1268 2847 in
1284 2814 1415 2848 omnia
1434 2811 1581 2851 mundi,
1599 2822 1624 2845 a
1636 2812 1730 2856 pri-

662 2862 736 2895 mis
752 2860 808 2895 ad
821 2861 973 2896 ultima.

448 2908 531 2954 (iv.)
568 2907 682 2954 Quod
696 2907 861 2953 sphaera
880 2909 1024 2942 amoris
1044 2908 1257 2954 infantum,
1274 2908 1329 2941 sit
1346 2905 1514 2952 sphaera
1534 2903 1677 2939 tutelae
1694 2907 1731 2939 et

657 2956 944 2989 sustentationis
961 2955 1128 2995 illorum,
1143 2956 1216 3000 qui
1227 2955 1440 2999 semettpsos
1451 2953 1585 2987 tutari
1596 2955 1633 2986 et
1647 2962 1730 2987 sus-

660 3005 813 3037 tentare
828 3005 1028 3048 nequeunt.
