2014 3386
310 322 390 376 368
749 329 1078 363 voLUPTATEs
1109 328 1354 362 INSANIAE
1382 337 1384 340 ·
1419 302 1424 309 s

306 445 428 500 quod
454 445 606 487 omnia
631 445 753 486 bona
782 451 830 487 et
861 459 969 486 vera
994 444 1241 487 contulerit
1271 444 1317 486 in
1348 443 1538 494 caelum,
1566 456 1618 485 ac
1645 443 1799 486 omnia

306 509 426 551 mala
443 515 489 550 et
507 509 621 550 falsa
643 510 687 550 in
705 509 939 558 infernum,
956 522 1007 550 ac
1026 508 1146 562 quod
1164 508 1435 561 disposuerit
1452 508 1564 550 haec
1583 522 1606 549 e
1625 507 1798 550 diame-

306 580 379 615 tro
404 580 566 615 contra
590 572 682 622 illa,
710 587 770 613 ex
802 571 996 614 detectis
1027 573 1072 613 in
1103 585 1241 625 opere
1270 571 1339 613 De
1370 571 1500 615 Caelo
1530 578 1572 613 et
1600 572 1796 624 Inferna,

306 637 516 686 Londini‚
536 650 657 678 anno
680 637 798 689 1758,
818 636 957 685 edito,
978 642 1189 677 constare
1208 641 1388 688 potest:
1422 636 1543 689 quod
1566 636 1610 676 in
1628 634 1798 676 mundo

305 700 500 742 naturali
525 701 591 741 ita
615 714 792 754 quoque
819 699 1081 740 distinxerit
1107 705 1155 740 et
1181 699 1432 752 distinguat
1458 699 1578 740 bona
1603 704 1650 740 et
1675 711 1796 746 vera,

305 777 358 804 ac
385 763 504 804 mala
535 769 582 805 et
614 763 727 804 falsa
752 763 870 816 apud
896 762 1118 811 homines,
1146 762 1212 803 ita
1242 762 1463 811 homines,
1491 767 1646 815 potest
1672 761 1799 802 nosci

308 840 367 867 ex
399 833 523 867 sorte
550 826 728 867 illorum
755 831 859 879 post
889 833 1100 874 mortem,
1128 825 1249 879 quod
1274 825 1408 866 bonis
1434 826 1493 866 sit
1525 824 1716 873 caelum,
1745 836 1798 865 ac

308 889 436 930 malis
475 890 710 930 infernum.
772 889 903 930 Nunc
945 889 1049 942 quia
1089 889 1242 929 omnia
1283 901 1398 942 quae
1442 888 1550 930 boni
1591 893 1709 937 sunt,
1750 893 1800 928 et

307 953 460 994 omnia
477 967 591 1006 quae
609 952 731 1002 mali,
748 950 965 994 distinc'ta
982 958 1088 993 sunt
1107 952 1150 992 in
1172 965 1357 1005 genera,
1375 952 1564 1005 species,
1584 958 1629 992 et
1648 964 1796 1004 porr0‚

306 1016 410 1057 ideo
449 1016 494 1057 in
532 1015 612 1057 illa
651 1014 867 1057 distinebar
906 1021 1011 1056 sunt
1049 1014 1272 1069 conjugia,
1305 1021 1353 1056 et
1393 1015 1600 1056 similiter
1638 1014 1798 1056 horum

306 1080 532 1133 opposita,
560 1093 673 1133 quae
699 1085 804 1120 sunt
830 1078 1066 1120 adulteria.

389 1141 528 1196 480.
562 1141 643 1196 (ii.)
680 1141 808 1193 Quod
817 1141 1084 1190 adulterium
1100 1141 1293 1195 simplex
1311 1140 1373 1183 sit
1393 1141 1491 1182 vz'rz'
1507 1140 1686 1182 caelibis
1705 1154 1801 1182 cum

304 1219 443 1247 uxore
466 1205 667 1255 alterius,
695 1212 774 1246 aut
785 1205 987 1258 feminae
1006 1205 1216 1258 innuptae
1238 1219 1333 1246 cum
1357 1204 1518 1246 marito
1542 1204 1802 1246 alterius.—

307 1268 391 1310 Per
416 1269 690 1310 adulterium
716 1269 788 1311 hic
815 1276 861 1311 et
888 1270 932 1310 in
958 1269 1255 1323 sequentibus
1281 1268 1551 1321 intelligitur
1577 1266 1800 1309 scortatio

306 1334 519 1387 opposita
541 1331 763 1386 conjugio.
808 1331 1082 1386 Oppositum
1105 1339 1190 1382 est,
1210 1333 1313 1386 quia
1334 1332 1476 1374 violat
1497 1332 1655 1373 foedus
1677 1333 1800 1374 vitae

306 1395 488 1451 pactum
519 1396 638 1437 inter
669 1395 901 1449 conjuges,
935 1397 1150 1451 discerpit
1182 1409 1384 1437 amorem
1415 1395 1610 1443 illorum,
1642 1395 1800 1437 foedat

304 1459 445 1509 illum,
474 1465 520 1500 et
554 1458 753 1500 occludit
780 1460 993 1501 unionem
1020 1466 1228 1513 tempore
1254 1459 1620 1513 desponsationis
1648 1459 1800 1500 initia-

306 1529 418 1571 tum,
457 1536 508 1564 ac
541 1523 584 1563 in
616 1523 834 1576 principio
865 1523 1062 1576 conjugii
1093 1522 1350 1574 firmatum;
1394 1535 1499 1564 nam
1530 1534 1658 1563 amor
1688 1535 1799 1563 con-

302 1584 483 1639 jugialis
514 1586 596 1626 viri
635 1599 736 1627 curn
769 1600 856 1627 una
892 1601 1049 1636 uxore,
1077 1592 1182 1640 post
1214 1585 1395 1640 paetum
1427 1592 1474 1627 et
1513 1585 1671 1627 foedus
1701 1586 1800 1627 unit

306 1649 506 1690 animas:
545 1648 663 1690 hanc
696 1650 908 1690 unionem
940 1649 1213 1691 adulterium
1255 1662 1346 1690 non
1386 1649 1538 1699 solvit,
1566 1650 1669 1703 quia
1707 1662 1799 1690 non

306 1711 420 1753 solvi
446 1718 615 1766 potest,
639 1713 720 1753 sed
744 1713 959 1762 occludit,
984 1714 1099 1755 sicut
1121 1713 1196 1767 qui
1218 1713 1403 1754 obturat
1428 1712 1601 1754 sontem
1627 1713 1671 1753 in
1698 1725 1798 1754 sca-

307 1775 504 1828 turigine
538 1775 631 1828 ejus
668 1782 714 1817 et
752 1777 858 1817 inde
894 1789 1072 1826 venam,
1106 1790 1157 1818 ac
1197 1775 1358 1829 implet
1399 1776 1641 1816 cisternam
1673 1776 1799 1829 aquis

306 1837 575 1879 faeculentis
602 1845 648 1880 et
681 1839 874 1893 putidis;
913 1839 1123 1880 similiter
1153 1853 1234 1893 per
1257 1838 1528 1880 adulterium
1555 1839 1800 1880 oblimatur

306 1907 353 1942 et
371 1902 571 1955 operitur
587 1915 714 1942 amor
730 1902 1010 1956 conjugialis,
1027 1902 1150 1956 cujus
1167 1903 1295 1955 origo
1311 1908 1382 1943 est
1400 1902 1504 1942 unio
1521 1901 1769 1942 animarum
1786 1915 1798 1953 ;

308 1977 394 2017 qua
425 1964 644 2005 oblimata
685 1966 742 2006 ab
782 1966 895 2006 infra
925 1967 1135 2020 exsurgit
1166 1978 1295 2007 amor
1325 1965 1550 2014 adulterii,
1578 1965 1652 2019 qui
1682 1966 1799 2007 sicut

307 2027 533 2076 increscit,
569 2026 618 2069 fit
651 2027 728 2069 ille
760 2042 964 2077 carneus,
998 2036 1044 2070 et
1075 2030 1147 2071 hic
1179 2029 1373 2082 insurgit
1404 2034 1565 2069 contra
1595 2040 1797 2069 amorem

306 2089 624 2143 conjugialem,
645 2097 692 2132 et
715 2092 908 2133 destruit
930 2091 1083 2133 illum:
1117 2092 1222 2133 inde
1244 2099 1315 2133 est
1337 2092 1566 2146 oppositio
1588 2091 1799 2133 adulterii

307 2159 354 2194 et
379 2152 588 2207 conjugii.

385 2215 515 2269 481.
556 2217 622 2259 Ut
649 2218 813 2259 iterum
838 2225 1064 2268 noscatur,
1084 2218 1228 2272 qualis
1255 2219 1456 2260 obesitas
1477 2218 1606 2272 hujus
1629 2217 1797 2260 saeculi

307 2285 392 2329 est,
417 2281 537 2333 quod
570 2295 596 2322 a
627 2282 906 2334 sapientibus
938 2282 1031 2335 ejus
1063 2296 1154 2323 non
1186 2283 1394 2324 videatur
1419 2282 1587 2336 aliquid
1619 2282 1798 2336 peccati

306 2343 351 2383 in
383 2344 623 2393 adulterio,
655 2343 724 2398 (ut
756 2359 864 2386 mox
898 2359 1046 2399 supra,
1074 2359 1115 2386 n.
1140 2347 1238 2398 478,
1266 2346 1324 2386 ab
1355 2345 1532 2399 angelis
1563 2343 1796 2387 detec'tum

306 2407 415 2462 est,)
447 2407 534 2448 hoc
563 2407 861 2450 Memorabile
886 2409 958 2450 hic
985 2408 1229 2462 adjungam
1246 2422 1314 2450 :—

377 2509 525 2544 *Erant
545 2510 706 2555 quidam
728 2511 899 2556 spiritus,
920 2510 987 2557 qui
1010 2522 1058 2546 ex
1080 2522 1152 2546 usu
1176 2510 1214 2546 in
1237 2511 1320 2546 vita
1340 2511 1529 2557 corporis,
1551 2522 1614 2547 me
1634 2511 1798 2547 solertia

306 2562 494 2607 peculiari
510 2562 763 2604 infestabant,
778 2571 818 2599 et
834 2564 909 2599 hoc
921 2574 990 2609 per
1004 2564 1193 2599 influxum
1210 2564 1502 2600 molliusculum
1518 2564 1630 2610 quasi
1644 2564 1796 2600 undan-

305 2621 399 2655 tem,
417 2614 544 2660 qualis
561 2616 663 2650 solet
681 2627 769 2652 esse
787 2617 1001 2662 proborum
1020 2616 1231 2662 spirituum
1246 2628 1253 2657 ;
1279 2617 1349 2652 sed
1368 2624 1610 2663 perceptum,
1628 2617 1735 2663 quod
1755 2617 1795 2652 in

308 2666 386 2702 illis
403 2674 536 2702 essent
554 2669 726 2704 astutiae
745 2676 784 2704 et
801 2669 956 2710 similia,
975 2676 1020 2704 ut
1037 2676 1245 2715 captarent
1263 2677 1303 2705 et
1321 2669 1515 2706 fallerent.

378 2719 558 2756 Tandem
574 2721 730 2756 locutus
745 2733 832 2757 sum
847 2733 936 2757 cum
951 2732 1032 2758 uno
1049 2733 1097 2757 ex
1116 2722 1202 2763 illis,
1217 2723 1284 2768 qui
1299 2724 1406 2769 quod
1425 2722 1543 2758 fuerit
1555 2722 1636 2758 dux
1649 2721 1797 2758 exerci-

306 2780 383 2814 tus,
401 2785 492 2810 cum
510 2774 610 2810 vixit
629 2774 667 2809 in
688 2776 849 2815 mundo,
866 2775 962 2810 mihi
981 2774 1130 2811 dicium
1149 2782 1221 2811 est.
1274 2776 1323 2811 Et
1340 2775 1434 2822 quia
1445 2776 1613 2822 percepi,
1628 2775 1736 2822 quod
1755 2775 1794 2810 in

308 2827 407 2863 ideis
425 2828 683 2875 cogitationis
701 2828 787 2874 ejus
807 2835 913 2864 esset
930 2828 1133 2870 lascivum,
1151 2829 1309 2864 locutus
1329 2840 1416 2865 sum
1438 2840 1527 2864 cum
1551 2829 1618 2864 illo
1639 2828 1797 2875 loquela

340 2971 359 2989 ⁹
375 2972 481 3004 NOTA
497 2973 782 3003 ED1TORls.—-Ab
797 2972 939 3003 Autstore
952 2973 1015 3004 hoc
1031 2972 1243 3003 Memorabile
1259 2973 1356 3012 signis
1370 2973 1527 3004 citationis
1541 2973 1698 3004 inclusum
1713 2976 1770 3004 at.
