2014 3386
496 345 562 376 DE
596 343 778 377 AMORE
809 343 1234 387 CONJUGIAL1.—N.
1261 315 1356 388 267.
1595 345 1679 388 209

183 458 400 494 retinemus
430 468 524 493 usus
557 457 596 492 in
629 456 755 497 nobis,
786 462 828 492 et
858 467 939 492 non
968 456 1320 496 communicamus,
1354 462 1512 491 tantum
1542 463 1677 502 pereat

182 511 412 551 beatitudo:
437 517 478 546 et
494 516 592 545 tunc
609 521 705 545 usus
731 509 777 545 fit
802 509 906 546 sicut
930 509 1042 545 cibus
1069 509 1300 544 reconditus
1327 509 1366 544 in
1383 509 1617 550 ventriculo,
1635 516 1678 545 et

181 575 263 600 non
280 564 592 608 circumsparsus
618 562 744 598 nutrit
762 573 906 608 corpus
924 568 965 598 et
989 562 1075 608 ejus
1101 568 1246 608 partes,
1263 562 1333 597 sed
1352 569 1487 597 manet
1506 562 1677 609 indiges-

181 625 258 658 tus,
277 628 326 653 ex
343 628 423 663 quo
441 616 486 651 fit
504 626 671 651 nausea:
695 616 829 656 verbo,
848 623 980 652 totum
998 615 1152 651 caelum
1173 626 1254 651 non
1273 621 1334 651 est
1351 615 1426 650 nisi
1445 627 1563 661 quam
1582 627 1678 651 con-

180 671 313 706 tinens
328 681 423 706 usus
435 680 460 704 a
472 669 610 715 primis
623 669 673 704 ad
688 669 850 704 ultima:
870 668 966 715 quid
980 679 1074 704 usus
1088 668 1164 704 nisi
1178 667 1344 704 actualis
1357 679 1470 704 amor
1480 668 1678 714 proximi?

182 730 224 759 et
241 723 336 769 quid
355 722 536 758 continet
552 722 685 757 caelos
704 721 779 757 nisi
796 721 861 757 hic
879 732 991 756 amor
1001 721 1040 757 ?''

254 775 329 812 His
346 775 495 811 auditis
510 774 764 821 interrogavi,
780 774 1026 821 “Quomodo
1043 780 1178 820 potest
1195 773 1336 820 aliquis
1354 774 1455 810 scire
1470 785 1565 809 num
1583 785 1678 810 usus

180 827 300 864 faciat
324 839 373 864 ex
398 838 534 863 amore
560 827 632 868 sui,
654 828 718 863 vel
744 839 838 862 num
866 839 914 862 ex
939 838 1074 862 amore
1099 826 1273 862 usuum?
1298 827 1429 862 omnis
1451 827 1573 863 homo
1594 834 1676 863 tam

180 882 308 917 bonus
325 891 444 927 quam
463 880 590 916 malus
607 880 702 916 facit
719 892 824 920 usus,
839 887 880 915 et
898 880 992 915 facit
1006 891 1100 915 usus
1119 890 1167 915 ex
1181 880 1355 925 quodam
1374 891 1529 916 amore:
1555 891 1677 926 pona-

179 941 245 969 tur
261 934 369 980 quod
389 934 429 968 in
449 934 599 969 mundo
617 933 670 968 sit
688 933 858 969 societas
877 933 1102 979 composita
1119 944 1168 968 ex
1186 933 1304 968 meris
1322 933 1502 973 diabolis,
1518 940 1559 968 et
1576 934 1677 969 soci-

178 995 263 1023 etas
294 987 518 1032 composita
545 997 595 1021 ex
625 986 744 1021 meris
772 986 922 1032 angelis
937 997 945 1027 ;
980 992 1021 1021 et
1046 985 1191 1031 opinor
1219 986 1327 1031 quod
1358 985 1506 1021 diaboli
1537 987 1576 1021 in
1606 997 1678 1022 sua

178 1040 370 1075 societate
388 1050 436 1074 ex
455 1039 544 1086 igne
558 1039 704 1074 amoris
722 1039 794 1079 sui¹
809 1046 849 1074 et
867 1050 916 1074 ex
933 1039 1145 1084 splendore
1158 1039 1308 1085 gloriae
1322 1050 1426 1079 suae,
1442 1038 1582 1074 facturi
1596 1039 1677 1075 sint

178 1099 242 1128 tot
258 1104 364 1133 usus,
378 1099 477 1138 quot
494 1092 624 1138 angeli
645 1091 684 1126 in
703 1103 794 1133 sua:
820 1092 909 1138 quis
927 1103 1023 1138 ergo
1041 1098 1175 1138 potest
1192 1093 1292 1127 scire
1310 1103 1359 1127 ex
1377 1103 1457 1137 quo
1475 1103 1620 1133 amore,
1635 1101 1675 1127 et

177 1157 227 1182 ex
243 1157 323 1192 qua
339 1146 492 1192 origine
509 1152 602 1180 sunt
619 1157 714 1181 usus
727 1144 766 1181 ?''

251 1198 342 1234 Duo
359 1198 488 1245 angeli
506 1199 556 1233 ad
576 1199 674 1233 haec
692 1198 996 1244 responderunt,
1016 1202 1036 1216 “
1051 1197 1208 1233 Diaboli
1227 1197 1378 1234 faciunt
1396 1209 1491 1234 usus
1511 1206 1677 1244 propter

176 1263 220 1288 se
238 1258 279 1287 et
301 1258 463 1298 propter
483 1251 642 1291 famam,
661 1258 707 1286 ut
726 1251 949 1286 evehantur
965 1251 1015 1286 ad
1041 1251 1226 1292 honores,
1244 1258 1313 1286 aut
1334 1252 1538 1287 lucrentur
1558 1263 1675 1298 opesz

178 1313 219 1341 at
237 1305 368 1351 angeli
387 1315 467 1340 non
486 1304 636 1340 faciunt
650 1315 745 1340 usus
763 1310 984 1350 propterea,
999 1304 1068 1339 sed
1088 1310 1248 1350 propter
1261 1315 1356 1340 usus
1374 1316 1422 1340 ex
1439 1316 1573 1340 amore
1588 1305 1676 1340 illo-

178 1369 264 1393 rum
282 1368 290 1393 ε
315 1358 438 1392 homo
456 1368 536 1392 non
556 1364 690 1403 potest
708 1357 931 1392 discernere
950 1357 1038 1392 illos
1057 1368 1162 1397 usus,
1181 1357 1250 1392 sed
1271 1357 1467 1392 Dominus
1486 1358 1676 1393 discernit

178 1411 288 1452 illos:
314 1411 445 1446 omnis
463 1410 531 1456 qui
557 1411 684 1446 credit
710 1411 749 1445 in
778 1410 1011 1450 Dominum,
1029 1417 1070 1445 et
1095 1410 1197 1456 fugit
1216 1410 1318 1445 mala
1344 1417 1388 1445 ut
1415 1417 1589 1456 peccata,
1609 1411 1674 1446 ille

177 1463 272 1499 facit
293 1474 389 1499 usus
413 1474 463 1499 ex
489 1463 684 1503 Domino:
709 1470 751 1498 at
772 1464 903 1498 omnis
929 1463 998 1509 qui
1024 1474 1104 1498 non
1130 1463 1258 1498 credit
1283 1463 1323 1498 in
1352 1463 1581 1504 Dominum,
1601 1475 1674 1500 nec

177 1516 280 1563 fugit
298 1516 403 1552 mala
420 1522 465 1551 ut
482 1521 657 1562 peccata,
676 1514 772 1551 facit
790 1527 886 1551 usus
903 1526 951 1551 ex
969 1527 1011 1551 se
1030 1523 1071 1551 et
1090 1523 1252 1562 propter
1270 1527 1311 1551 se
1326 1527 1334 1551 :
1362 1516 1439 1551 hoc
1457 1516 1670 1552 discrimen

175 1577 237 1605 est
255 1569 360 1605 inter
377 1580 471 1604 usus
489 1580 513 1604 a
530 1569 710 1609 diabolis,
729 1575 769 1604 et
787 1569 891 1603 inter
909 1580 1003 1604 usus
1021 1569 1071 1603 ab
1088 1569 1276 1614 angelis.”

249 1622 341 1658 Duo
357 1621 487 1668 angeli
506 1621 568 1657 his
585 1620 702 1657 dietis
720 1621 940 1662 abiverunt‚
959 1628 999 1657 et
1017 1633 1038 1657 e
1060 1622 1279 1668 longinquo
1297 1621 1371 1657 visi
1390 1628 1486 1658 sunt
1500 1621 1604 1658 vefti
1630 1623 1672 1658 in

174 1686 292 1711 curru
311 1675 430 1721 igneo
447 1675 550 1710 sicut
570 1674 687 1713 Elias.
706 1681 746 1710 et
765 1675 803 1709 in
823 1674 976 1710 caelum
994 1686 1109 1710 suum
1127 1674 1284 1711 sublati.

175 1756 302 1819 267·
340 1756 554 1798 Alterum
582 1756 880 1797 Memorabile
901 1770 968 1798 :—

250 1835 348 1871 Post
372 1835 534 1882 aliquod
564 1835 756 1881 temporis
783 1835 956 1881 spatium
987 1835 1132 1871 intravi
1158 1836 1358 1881 quendam
1388 1836 1534 1877 lucum,
1556 1844 1597 1872 et
1619 1836 1671 1872 ibi

174 1888 373 1924 ambulavi
393 1888 431 1923 in
451 1888 712 1924 meditatione
731 1889 780 1924 de
800 1889 875 1924 illis
889 1889 957 1935 qui
976 1889 1015 1924 in
1033 1889 1359 1935 concupiscentia
1376 1896 1416 1924 et
1435 1889 1528 1925 inde
1547 1890 1673 1935 phan-

173 1941 275 1976 tasia
299 1942 530 1988 possidendi
558 1942 623 1977 illa
644 1953 745 1988 quae
764 1942 904 1977 mundi
930 1949 1042 1983 sunt;
1069 1949 1109 1977 et
1129 1949 1227 1977 tunc
1248 1943 1298 1978 ad
1325 1943 1497 1989 aliquam
1519 1944 1671 1979 distan-

174 1994 271 2030 tiam
289 2005 313 2030 a
332 2005 395 2029 me
413 1994 495 2030 vidi
514 1995 630 2030 binos
650 1995 814 2041 angelos
837 1995 941 2030 inter
957 2006 1000 2030 se
1020 1995 1307 2041 colloquentes,
1326 2002 1366 2031 et
1388 2007 1459 2041 per
1474 1996 1582 2032 vices
1608 2007 1672 2032 me

173 2047 430 2092 aspicientes:
455 2058 576 2093 quare
594 2048 742 2083 accessi
762 2048 935 2094 propius,
955 2055 995 2083 et
1013 2059 1076 2084 me
1097 2049 1485 2095 appropinquantem
1508 2050 1670 2085 allocuti

174 2099 372 2140 dicebant,
387 2105 409 2118 “
424 2099 669 2146 Percipimus
689 2100 727 2135 in
747 2101 873 2141 nobis,
888 2101 996 2147 quod
1015 2101 1219 2137 mediteris
1237 2102 1346 2147 quod
1370 2113 1442 2138 nos
1461 2102 1670 2148 loquimur,

175 2162 244 2189 seu
261 2153 370 2198 quod
390 2163 461 2188 nos
479 2153 690 2199 loquamur
706 2154 814 2199 quod
832 2160 876 2189 tu
896 2154 1112 2194 meditaris,
1131 2155 1239 2201 quod
1257 2161 1318 2190 est
1335 2166 1384 2191 ex
1402 2155 1671 2191 communica-

173 2205 283 2241 tione
300 2205 557 2242 affeflionum
576 2207 813 2252 reciproca.''

246 2257 433 2305 Quaesivi
458 2259 590 2305 itaque
612 2260 707 2305 quid
734 2260 1014 2306 loquerentur:
1039 2260 1237 2301 dicebant,
1260 2265 1280 2279 “
1296 2260 1357 2296 De
1378 2261 1598 2307 phantasia,
1620 2262 1670 2297 de

173 2311 507 2357 concupiscentia,
526 2319 567 2348 et
586 2313 636 2347 de
655 2312 939 2359 intelligentia:
965 2319 1006 2348 et
1024 2324 1131 2348 nunc
1148 2314 1198 2349 de
1217 2314 1305 2354 illis,
1323 2315 1391 2360 qui
1411 2314 1610 2350 deleftant
1628 2326 1670 2350 se

173 2374 222 2399 ex
239 2363 391 2399 visione
407 2371 449 2400 et
467 2364 752 2411 imaginatione
771 2366 1035 2411 possessionis
1053 2366 1235 2401 omnium
1258 2367 1433 2403 mundi.''

246 2415 297 2451 Et
316 2423 412 2452 tunc
433 2418 572 2463 rogavi
594 2424 639 2452 ut
660 2425 836 2454 mentem
857 2429 968 2454 suam
991 2426 1271 2464 expromerent
1292 2420 1343 2455 de
1363 2420 1493 2455 tribus
1512 2419 1600 2460 illis,
1619 2420 1668 2455 de

173 2469 506 2515 eoncupiscentia,
526 2470 736 2516 phantasia
753 2478 794 2506 et
816 2471 1091 2518 intelligentia.

241 2521 290 2557 Et
301 2523 430 2558 exorsi
442 2534 666 2559 sermonem
681 2524 877 2565 dicebant,
888 2525 996 2570 quod
1010 2524 1281 2571 unusquisque
1294 2525 1332 2559 in
1345 2524 1669 2570 concupiscentia

172 2573 225 2609 sit
238 2574 405 2610 interius
419 2586 468 2611 ex
482 2576 690 2612 nativitate
704 2589 712 2617 :
739 2578 808 2612 sed
825 2577 864 2612 in
880 2577 1147 2624 intelligentia
1161 2578 1334 2613 exterius
1348 2589 1396 2613 ex
1408 2578 1669 2618 educatione:

173 2633 214 2661 et
238 2628 346 2672 quod
374 2639 492 2663 nemo
520 2629 558 2663 in
590 2629 864 2676 intelligentia,
887 2630 1017 2666 minus
1048 2630 1087 2665 in
1118 2630 1314 2675 sapientia
1339 2631 1390 2666 sit
1417 2631 1592 2671 interius,
1613 2631 1668 2666 ita

173 2680 303 2724 quoad
323 2680 516 2726 spiritum,
535 2681 610 2717 nisi
629 2693 652 2717 a
671 2681 867 2718 Domino:
893 2683 1057 2718 “omnis
1074 2683 1180 2718 enirn
1200 2683 1403 2718 detinetur
1418 2695 1442 2718 a
1459 2683 1668 2728 concupis-

173 2731 304 2766 centia
317 2733 420 2773 mali,
434 2743 481 2769 ac
494 2740 655 2769 tenetur
668 2734 707 2769 in
724 2735 996 2782 intelligentia,
1011 2736 1229 2771 secundum
1245 2735 1449 2781 aspectum
1463 2737 1512 2771 ad
1530 2735 1667 2770 Domi-

174 2794 279 2824 num,
297 2791 338 2820 et
362 2785 479 2821 simul
504 2785 828 2828 coniunctionem
850 2799 939 2824 cum
966 2788 1078 2834 Ipso:
1104 2789 1252 2834 absque
1273 2799 1332 2829 eo,
1355 2788 1476 2823 homo
1499 2799 1578 2823 non
1605 2795 1665 2824 est

174 2838 250 2875 nisi
270 2849 389 2884 quam
410 2840 755 2886 concupiscentia:
781 2848 822 2876 at
843 2852 970 2887 usque
992 2842 1057 2876 hic
1080 2841 1117 2876 in
1140 2842 1316 2877 externis
1337 2853 1407 2877 seu
1425 2842 1557 2887 quoad
1579 2852 1666 2876 cor-

174 2901 246 2936 pus
263 2898 325 2927 est
343 2892 382 2927 in
398 2892 660 2938 intelligentia
673 2904 721 2928 ex
735 2894 993 2934 educatione:
1020 2894 1143 2929 homo
1156 2894 1261 2929 enim
1276 2894 1524 2940 concupiscit
1538 2894 1664 2929 hono-

175 2953 236 2979 res
268 2951 309 2980 et
341 2955 449 2991 opes,
482 2956 552 2981 seu
586 2945 843 2981 eminentiam
877 2953 918 2982 et
956 2947 1201 2992 opulentiam
1217 2958 1224 2987 ;
1262 2953 1303 2982 et
1336 2947 1434 2981 haec
1467 2947 1548 2981 duo
1584 2957 1662 2981 non

175 2996 397 3043 assequitur
426 2997 500 3034 nisi
535 3005 723 3044 appareat
753 2999 914 3035 moralis
942 3006 984 3035 et
1017 2999 1245 3046 spiritualis,
1279 3000 1332 3034 ita
1368 2999 1593 3045 intelligens
1623 3005 1661 3035 et
