2014 3386
533 324 600 355 DE
632 323 812 356 AMORE
845 323 1271 368 CONJUGMLL—N.
1299 314 1394 371 2¹50.
1633 330 1714 373 199

211 438 457 479 continens
482 437 590 479 boni
615 444 663 479 et
688 439 796 486 veri,
821 453 880 480 ex
907 452 1095 493 quorum
1119 438 1330 493 conjugio
1352 445 1423 482 est
1450 441 1637 491 creatio,
1662 449 1709 483 et

210 515 390 556 quoque
423 515 550 543 amor
581 501 864 555 conjugialis,
898 510 947 544 ut
979 503 1023 543 in
1056 517 1137 544 suo
1169 504 1321 556 capite
1353 511 1596 545 ostensum
1626 513 1710 546 est.

209 565 296 607 Per
326 566 526 607 studium
558 572 605 607 et
636 567 875 619 negotium
902 567 1172 620 intelligitur
1197 569 1344 608 omnis
1375 568 1622 621 applicatio
1653 569 1711 609 ad

209 643 345 680 usus;
386 629 493 670 dum
519 630 674 684 itaque
705 630 845 671 homo
876 631 920 671 in
952 630 1103 684 aliquo
1135 631 1288 672 studio
1319 638 1366 673 et
1399 632 1602 685 negotio,
1630 646 1710 673 seu

209 694 254 734 in
281 707 363 734 usu
384 700 469 742 est,
489 700 597 734 tunc
616 707 745 734 mens
764 693 856 747 ejus
880 694 1102 736 limitatur
1119 701 1166 736 et
1188 696 1573 737 circumscribitur
1594 697 1710 737 sicut

209 757 392 807 circulo,
421 758 541 799 intra
566 772 700 812 quem
732 759 810 799 illa
835 760 1090 800 successive
1117 760 1410 801 coordinatur
1440 761 1485 801 in
1515 761 1710 802 formam

156 831 161 836 ’
208 835 312 863 vere
339 821 598 870 humanam,
623 836 682 863 ex
710 836 798 876 qua
824 823 940 864 sicut
966 837 1026 863 ex
1054 823 1194 864 domo
1218 823 1344 864 videt
1370 825 1517 865 varias
1540 838 1708 865 concu-

209 885 455 938 piscentias
481 891 617 926 extra
642 897 703 934 se,
732 893 779 926 et
811 900 870 926 ex
898 887 1096 928 sanitate
1122 887 1312 927 rationis
1338 887 1458 928 intra
1489 888 1708 929 extermi-

209 954 290 989 nat
330 948 446 998 illas,
474 955 809 1002 consequenter
849 950 988 990 etiam
1025 949 1141 990 feras
1182 950 1379 991 libidinis
1411 953 1710 992 scortatoriae

207 1012 434 1064 insanias;
467 1013 571 1054 inde
599 1020 670 1054 est
697 1013 819 1067 quod
843 1012 967 1054 calor
993 1013 1262 1067 conjugialis
1288 1015 1410 1067 apud·
1435 1015 1539 1055 illos
1566 1016 1708 1056 satius

208 1082 256 1117 et
287 1076 454 1117 diutius
486 1090 620 1130 quam
653 1077 771 1130 apud
803 1076 916 1117 alios
944 1084 1221 1130 permaneat.
1283 1077 1571 1119 Contrarium
1603 1093 1708 1120 eve-

209 1142 276 1182 nit
297 1140 399 1189 illis,
428 1141 503 1194 qui
529 1154 577 1181 se
605 1141 814 1193 ignaviae
847 1147 894 1182 et
921 1141 1016 1181 otio
1043 1141 1244 1182 dedunt:
1281 1141 1442 1182 horum
1469 1156 1598 1183 mens
1621 1143 1707 1183 illi-

209 1205 374 1246 mitata
402 1211 447 1245 et
480 1205 778 1245 interminata
809 1211 895 1253 est,
929 1210 976 1245 et
1018 1205 1122 1246 inde
1154 1204 1295 1245 homo
1327 1206 1371 1245 in
1404 1205 1529 1246 illam
1562 1212 1710 1247 totam

209 1268 414 1309 admittit
437 1281 572 1309 omne
590 1281 756 1309 vanum
779 1274 825 1309 et
846 1267 1081 1317 ludicrum,
1101 1269 1222 1322 quod
1248 1283 1272 1310 e
1296 1269 1465 1310 mundo
1488 1276 1533 1310 et
1561 1283 1584 1311 e
1607 1283 1706 1311 cor-

209 1345 317 1386 pore
345 1331 500 1380 influit,
529 1338 575 1373 et
611 1331 698 1372 fert
735 1332 779 1372 in
811 1344 1014 1372 amorem
1040 1331 1251 1383 illorum;
1285 1333 1406 1385 quod
1433 1339 1541 1374 tunc
1570 1334 1707 1374 etiam

209 1408 338 1436 amor
370 1394 636 1448 conjugialis
668 1396 712 1436 in
745 1395 957 1436 exsilium
990 1395 1208 1448 ejiciatur,
1237 1402 1394 1448 patet;
1436 1409 1495 1436 ex
1528 1396 1710 1449 ignavia

209 1459 330 1500 enim
357 1465 403 1500 et
430 1460 526 1499 otio
548 1465 704 1512 stupet
727 1472 871 1508 mens,
895 1465 942 1501 et
970 1464 1122 1512 torpet
1149 1472 1328 1511 corpus,
1353 1465 1399 1500 et
1422 1465 1548 1500 totus
1571 1459 1710 1501 homo

207 1522 259 1564 fit
296 1522 568 1564 insensibilis
605 1523 663 1563 ad
700 1535 883 1563 omnem
917 1535 1120 1563 amorem
1147 1522 1361 1574 vitalem;
1399 1523 1617 1576 imprimis
1648 1524 1706 1564 ad

208 1599 410 1628 amorem
434 1586 749 1640 conjugialem,
772 1599 799 1626 a
825 1599 913 1639 quo
938 1592 988 1627 ut
1014 1599 1040 1626 a
1065 1585 1190 1627 sonte
1213 1586 1518 1639 impigritates
1544 1593 1591 1628 et
1613 1587 1707 1628 ala-

209 1651 398 1691 critates
415 1651 536 1691 vitae
554 1655 785 1690 emanant.
847 1649 1010 1703 Frigus
1028 1655 1181 1690 autem
1201 1647 1457 1703 conjugiale
1480 1650 1710 1703 apud.hos

208 1720 280 1755 est
302 1714 529 1754 diversum
556 1727 582 1754 a
606 1713 771 1766 frigore
793 1712 873 1754 illo
898 1713 1016 1765 apud
1039 1712 1180 1764 alios;
1213 1720 1284 1754 est
1310 1713 1492 1767 quidem
1515 1715 1708 1767 privatio

208 1778 375 1819 amoris
402 1775 685 1830 conjugialis‚
713 1777 794 1817 sed
821 1791 880 1818 ex
909 1775 1100 1817 defeetu.

293 1850 426 1895 250.
471 1838 604 1895 (xiV.)
652 1839 782 1891 Quod
819 1853 1058 1881 causarum
1101 1846 1393 1880 externarum
1437 1840 1610 1893 quinta>
1648 1840 1711 1881 sit

208 1903 507 1958 inaequalitas
532 1910 679 1944 status
709 1909 752 1944 et
779 1902 1038 1944 conditionis
1069 1903 1115 1944 in
1139 1903 1526 1945 externis.-Sunt
1557 1903 1708 1956 plures

208 1967 561 2022 inaequalitates
587 1973 734 2009 status
760 1974 806 2008 et
833 1967 1122 2016 conditionis,
1150 1981 1264 2020 quae
1291 1973 1495 2021 tempore
1522 1967 1707 2008 cohabi-

208 2031 398 2074 tationis
421 2031 636 2071 dirimunt
658 2043 860 2071 amorem
884 2029 1189 2083 conjugialem
1212 2030 1441 2071 initiatum
1464 2036 1571 2071 ante
1594 2044 1706 2084 nup-

209 2095 324 2146 tias;
363 2095 443 2135 sed
469 2094 621 2135 referri
648 2099 839 2147 possunt
871 2094 929 2134 ad
960 2093 1313 2147 inaequalitates
1338 2093 1487 2147 quoad
1514 2100 1707 2142 aetates,

210 2158 360 2212 quoad
394 2158 659 2210 dignitates,
687 2163 735 2198 et
768 2156 916 2210 quoad
949 2156 1220 2210 opulentias.
1281 2155 1417 2210 Quod
1449 2157 1709 2211 inaequales

212 2227 387 2262 aetates
413 2221 630 2262 inducant
656 2220 794 2273 frigus
826 2221 870 2260 in
903 2220 1138 2274 conjugiis,
1166 2226 1222 2278 ut
1248 2221 1372 2274 pueri
1399 2233 1500 2261 cum
1532 2233 1634 2269 anu,
1662 2227 1708 2261 et

210 2284 516 2326 adolescentis
556 2284 742 2337 virginis
787 2296 889 2324 cum
935 2284 1186 2336 decrepito,
1229 2283 1574 2325 confirmatione
1615 2297 1707 2324 non

210 2355 330 2402 eget.
393 2346 528 2401 Quod
560 2346 822 2401 inaequales
854 2347 1106 2400 dignitates
1138 2346 1346 2388 similiter
1386 2348 1430 2388 in
1472 2346 1705 2400 conjugiis,

210 2418 260 2452 ut
299 2411 381 2452 viri
421 2412 633 2465 principis
665 2424 766 2452 cum
798 2410 978 2459 ancilla,
1007 2423 1058 2452 ac
1105 2417 1341 2451 matronae
1373 2410 1560 2451 illustris
1604 2423 1707 2451 cum

210 2474 394 2524 famulo,
435 2474 790 2528 etiam'absque
837 2473 1184 2515 confirmatione
1225 2474 1502 2526 agnoscitur.
1571 2472 1707 2526 Quod

211 2539 377 2592 pariter
402 2538 677 2591 opulentiae,
706 2538 788 2578 nisi
812 2537 1060 2578 similitudo
1085 2537 1336 2578 animorum
1369 2543 1415 2578 et
1442 2550 1631 2585 morum,
1659 2543 1706 2577 et

211 2601 457 2655 applicatio
475 2602 602 2642 unius
620 2601 678 2642 ad
700 2601 1019 2642 inclinationes
1037 2607 1083 2642 et
1102 2600 1159 2641 ad
1178 2601 1334 2642 nativa
1351 2600 1574 2641 desideria
1591 2599 1707 2640 alte-

211 2666 315 2714 rius,
348 2665 615 2706 consocient
646 2664 762 2714 illos,
803 2671 947 2718 patet.
1008 2663 1099 2706 Sed
1139 2664 1224 2705 hos
1264 2670 1311 2705 et
1351 2663 1453 2704 illos
1493 2662 1709 2715 obsequia

212 2734 399 2782 propter
437 2729 868 2782 supereminentiam
909 2734 1058 2769 status
1098 2735 1146 2769 et
1192 2728 1467 2769 conditionis
1507 2726 1706 2772 alterius,

213 2804 304 2832 non
346 2791 628 2845 conjungunt
669 2792 752 2832 nisi
793 2791 1044 2843 serviliter;
1095 2797 1144 2832 at
1184 2790 1296 2832 haec
1339 2787 1597 2843 conjunctio
1637 2794 1708 2829 est

213 2853 471 2907 conjunctio
512 2854 698 2907 frigida;
748 2855 866 2908 apud
907 2855 1009 2896 illos
1049 2855 1167 2896 enim
1208 2853 1463 2907 conjugiale
1505 2865 1594 2892 non
1637 2858 1707 2892 est

214 2918 398 2969 spiritus
422 2923 468 2958 et
494 2918 655 2966 cordis,
681 2918 760 2958 sed
793 2918 929 2959 modo
961 2918 1049 2959 oris
1081 2924 1127 2958 et
1159 2917 1367 2965 nominis,
1396 2929 1422 2956 a
1448 2929 1536 2968 quo
1567 2913 1707 2967 glori-

215 2986 317 3021 atur
354 2980 547 3030 inferior,
586 2987 633 3022 et
673 2981 927 3022 verecunde
967 2981 1164 3022 rubescit
1201 2980 1416 3033 superior.
1477 2977 1530 3018 In
1571 2976 1708 3018 caelis
