2014 3386
563 344 632 378 DE
663 341 843 376 AMORE
873 338 1300 384 coNJUGIALL—N.
1317 314 1395 382 ¹46.
1686 339 1744 381 43

244 467 407 506 verunt
429 460 548 502 viros
570 472 690 508 suos,
713 463 761 500 et
787 469 895 499 num
920 456 1083 498 iterum
1107 454 1384 496 conveniant
1404 467 1413 504 ;
1447 452 1577 493 multi
1603 452 1740 494 etiam

245 525 463 579 conjuges
494 528 661 578 optant
693 521 931 575 praescire,
959 533 1067 560 num
1099 525 1204 572 post
1236 525 1433 559 mortem
1460 523 1741 569 separentur,

244 589 318 630 vel
350 600 455 629 num
488 600 577 627 una
606 587 790 636 vivant;
836 583 900 625 illi
931 584 1005 638 qui
1036 583 1156 623 inter
1186 596 1235 622 se
1266 581 1427 622 animis
1459 580 1742 627 discordant,

245 665 413 694 numne
445 655 741 704 separentur3
773 661 825 689 ac
858 647 922 689 illi
954 647 1028 700 qui
1059 638 1221 687 anin‘nis
1248 644 1547 692 concordant,
1577 656 1744 683 numne

246 729 334 756 una
357 715 527 755 vivant.
590 713 720 754 Haec
746 712 850 766 quia
881 725 941 752 ex
974 709 1146 764 optatis
1172 714 1292 758 sunt,
1320 707 1584 757 tradentur;
1623 706 1745 760 quod

241 770 323 820 'fiet
349 779 395 819 in
420 778 509 820 hoc
536 777 694 819 ordine
709 790 780 817 :—

483 874 539 921 (i.)
576 873 692 921 Quod
711 883 823 907 amor
837 882 951 907 sexus
974 873 1132 905 maneat
1148 869 1261 915 apud
1279 879 1424 904 omnem
1450 867 1639 903 bominem
1659 870 1749 913 post

669 924 839 959 mortem,
860 918 989 964 qualis
1013 918 1079 952 ille
1103 918 1280 956 interius,
1302 916 1371 951 hoc
1399 920 1463 956 est,
1490 917 1533 950 in
1562 917 1749 951 interiore

668 969 752 1014 ejus
766 967 967 1002 voluntate
981 969 1018 1000 et
1035 965 1419 1011 cogitationefuerat
1431 965 1474 998 in
1492 963 1644 999 mundo.

468 1015 539 1061 (ii.)
576 1015 690 1061 Quod
702 1025 812 1049 amor
827 1014 914 1060 conj
916 1012 1064 1060 ugialis
1078 1012 1275 1047 similiter.

455 1063 541 1110 (iii.)
578 1062 693 1109 Quod
712 1062 787 1097 duo
802 1062 981 1107 cory'uges
998 1063 1042 1094 ut
1056 1059 1279 1105 plurimum
1290 1060 1380 1104 post
1396 1062 1554 1093 mortem
1572 1058 1747 1092 conveni·

670 1113 751 1149 ant,
762 1120 800 1143 se
816 1111 1050 1154 cognoscant,
1065 1108 1207 1141 iterum
1222 1107 1440 1145 consocient,
1455 1109 1492 1139 et
1501 1108 1577 1151 per
1590 1103 1754 1150 aliquod

671 1159 820 1202 tempus
836 1157 977 1190 vivant
992 1154 1114 1189 simul
1119 1167 1135 1194 ,·
1160 1153 1263 1198 quod
1272 1153 1328 1197 fit
1344 1154 1387 1187 in
1398 1154 1533 1198 primo
1548 1156 1666 1192 statu,
1685 1154 1746 1187 ita

670 1204 762 1238 dum
780 1204 822 1238 in
839 1203 1012 1237 externis
1027 1205 1119 1236 sunt
1133 1203 1235 1235 sicut
1251 1202 1294 1234 in
1313 1200 1464 1235 mundo.

457 1251 539 1298 (iv.)
576 1251 655 1287 Sed
662 1250 767 1297 quod
777 1251 989 1290 successive,
1001 1250 1102 1283 sicut
1118 1251 1268 1282 exuunt
1280 1252 1453 1287 externa,
1468 1258 1515 1281 ac
1530 1248 1689 1281 intrant
1705 1247 1748 1280 in

671 1300 829 1333 interna
846 1308 929 1337 sua,
937 1297 1166 1345 percipiant
1178 1295 1293 1340 quali
1303 1306 1433 1329 amore
1445 1298 1480 1328 et
1493 1295 1749 1329 inclinatione

671 1346 778 1380 inter
793 1356 831 1380 se
846 1344 903 1379 ad
921 1355 960 1379 se
980 1347 1111 1378 mutuo
1123 1343 1308 1390 fuerant,
1326 1346 1363 1377 et
1387 1342 1478 1376 inde
1494 1353 1586 1376 num
1596 1343 1750 1388 possint

671 1404 751 1427 una
768 1394 910 1432 vivere,
924 1391 989 1426 vel
1000 1402 1086 1426 non.

473 1440 540 1487 (v.)
577 1440 692 1488 Quod
710 1441 750 1475 si
763 1442 926 1485 possunt
950 1449 1029 1473 una
1050 1439 1192 1477 vz'vere,
1214 1440 1399 1471 maneant
1418 1437 1623 1483 conjuges:
1646 1439 1691 1470 at
1713 1436 1755 1470 si

672 1498 746 1522 non
756 1490 931 1533 possunt,
943 1497 980 1520 se
991 1487 1179 1530 separent,
1194 1485 1420 1529 quandoque
1431 1495 1469 1518 se
1479 1486 1548 1518 vir
1558 1484 1605 1518 ab
1618 1494 1748 1523 uxore,

671 1534 897 1616 qigandoque
912 1545 950 1568 se
967 1543 1067 1568 uxor
1083 1544 1108 1566 a
1124 1533 1222 1572 viro,
1240 1535 1277 1566 et
1291 1532 1520 1577 quandoque
1535 1542 1574 1565 se
1591 1534 1751 1575 uterque

673 1594 698 1616 a
738 1592 915 1616 znvzcem.

459 1628 541 1676 (vi.)
575 1629 631 1665 Et
650 1629 754 1674 quod
774 1632 866 1663 tunc
884 1627 999 1662 detur
1020 1628 1109 1662 viro
1132 1637 1234 1661 uxor
1257 1626 1490 1665 conveniens,
1509 1636 1556 1659 ac
1567 1625 1751 1671 feminae

674 1677 846 1710 maritus
861 1674 1055 1710 similiter.

440 1723 538 1770 (vii.)
574 1723 690 1770 Quod
715 1724 895 1769 conjuges
923 1723 1029 1756 inter
1052 1733 1090 1756 se
1105 1721 1313 1767 fruantur
1336 1721 1537 1755 consortiis
1559 1719 1751 1753 similibus

673 1770 811 1815 quibus
827 1771 869 1804 in
888 1769 1038 1808 mundo,
1055 1769 1123 1803 sed
1124 1767 1428 1814 jucundioribus
1443 1771 1480 1801 et
1495 1766 1726 1801 beatioribus
1734 1779 1752 1806 ,·

672 1829 808 1852 verum
825 1817 961 1861 absque
978 1816 1274 1862 prolificatione,
1287 1818 1362 1860 pro
1377 1826 1466 1859 qua,
1483 1826 1547 1848 seu
1565 1814 1640 1847 loco
1657 1814 1750 1859 ejus,

674 1868 730 1900 est
745 1865 827 1899 illis
837 1863 1078 1910 prolificatio
1093 1862 1329 1908 spiritualis,
1349 1873 1448 1907 quae
1465 1865 1520 1896 est
1543 1862 1690 1896 amoris
1714 1864 1752 1895 et

673 1913 901 1957 sapientiae.

430 1958 542 2006 (viii.)
579 1959 695 2006 Quod
715 1961 773 1993 ita
789 1959 870 2004 fiat
886 1958 969 1993 illis
984 1958 1058 2003 qui
1077 1958 1242 1992 veniunt
1266 1957 1308 1991 in
1325 1956 1472 1992 caelum
1485 1969 1504 1998 ,·
1527 1955 1648 1991 aliter
1662 1965 1752 1990 vero

675 2006 758 2041 illis
773 2007 848 2051 qui
860 2007 904 2040 in
921 2006 1137 2052 infernum.

253 2097 466 2153 Sequitur
496 2112 615 2140 nunc
647 2097 912 2151 explicatio,
940 2111 1021 2152 per
1052 2110 1187 2152 quam
1213 2096 1391 2139 articuli
1421 2095 1487 2137 illi
1517 2095 1749 2136 illustran-

253 2168 327 2204 tur
352 2168 400 2203 et
426 2161 765 2203 confirmantur.

337 2230 436 2283 46.
470 2227 536 2282 (i.)
574 2227 702 2279 Quod
713 2241 842 2269 amor
863 2241 996 2269 sexus
1013 2233 1192 2268 maneat
1212 2226 1339 2280 apud
1353 2239 1520 2267 omnem
1536 2223 1752 2265 hominem

250 2298 355 2345 post
384 2298 581 2340 mortem,
606 2290 755 2345 qualis
785 2290 860 2331 ille
889 2290 1090 2340 interius,
1123 2289 1203 2331 lzoc
1230 2296 1310 2339 est,
1343 2289 1389 2330 in
1421 2288 1630 2329 interiore
1658 2287 1751 2340 ejus

254 2354 479 2395 voluntate
520 2360 563 2395 et
604 2354 865 2407 cogitatione
899 2354 1062 2406 fuerat
1102 2352 1148 2394 in
1192 2350 1586 2394 munda—Omnis
1624 2363 1753 2391 amor

255 2418 459 2472 sequitur
483 2417 715 2458 hominem
742 2424 846 2471 post
872 2423 1082 2466 mortem,
1110 2417 1214 2470 quia
1245 2423 1316 2457 est
1348 2429 1447 2456 esse
1474 2415 1595 2454 vitae
1627 2412 1751 2466 ejus;

255 2487 303 2522 et
328 2494 456 2522 amor
477 2494 688 2534 regnans,
713 2481 787 2534 qui
808 2487 879 2522 est
902 2487 1038 2533 caput
1061 2480 1347 2533 reliquorum,
1367 2484 1606 2531 permanet
1631 2476 1751 2529 apud

255 2543 487 2585 hominem
519 2545 563 2585 in
604 2551 854 2592 aeternum,
888 2550 935 2585 et
976 2556 1078 2584 cum
1110 2542 1188 2584 illo
1219 2542 1350 2583 simul
1382 2554 1561 2583 amores
1593 2540 1751 2580 subor-

257 2607 426 2659 dinati3
459 2608 580 2662 quod
606 2614 919 2661 permaneant,
943 2614 1013 2648 est
1040 2607 1143 2661 quia
1168 2620 1295 2647 amor
1320 2613 1390 2646 est
1419 2605 1596 2658 proprie
1623 2603 1752 2656 spiri-

257 2676 332 2712 tus
376 2670 584 2719 hominis,
627 2677 674 2712 et
725 2677 795 2712 est
838 2670 1038 2723 corporis
1088 2684 1115 2711 a
1160 2670 1332 2724 spiritu,
1375 2682 1428 2710 ac
1469 2668 1608 2709 homo
1648 2671 1753 2718 post

259 2740 455 2775 mortem
486 2733 535 2776 fit
568 2734 763 2787 spiritus,
790 2740 837 2775 et
868 2734 931 2774 sic
964 2746 1165 2774 amorem
1197 2746 1325 2774 suum
1357 2732 1444 2773 fert
1472 2742 1659 2779 secum;
1706 2733 1753 2769 et

260 2797 362 2850 quia
383 2810 510 2838 amor
530 2804 601 2839 est
623 2811 722 2839 esse
744 2798 866 2838 vitae
889 2797 1098 2846 hominis,
1122 2803 1266 2851 patet,
1291 2795 1412 2850 quod
1439 2793 1583 2848 qualis
1606 2792 1754 2833 homi-

263 2859 332 2899 nis
361 2860 458 2900 vita
487 2860 567 2902 suit
613 2861 657 2902 in
689 2860 872 2910 mundo,
906 2859 1011 2901 talis
1042 2859 1120 2901 fiat
1152 2873 1249 2900 sors
1281 2858 1373 2911 ejus
1407 2863 1510 2910 post
1543 2861 1752 2895 mortem.

262 2920 397 2974 Quod
420 2935 620 2964 amorem
638 2937 777 2964 sexus
796 2924 1045 2971 concernit,
1066 2929 1136 2964 est
1159 2923 1233 2964 ille
1256 2919 1519 2963 universalis
1537 2917 1751 2967 omnium,

266 2998 372 3026 nam
403 2991 474 3027 est
507 2999 533 3026 a
563 2987 792 3028 creatione
823 2987 992 3027 inditus
1023 2987 1106 3040 ipsi
1138 2987 1310 3027 animae
1337 2983 1546 3031 hominis,
1573 2995 1633 3022 ex
1664 2994 1753 3035 qua
