2014 3386
308 332 388 376 106
768 341 1011 375 DELICIAE
1043 341 1347 375 SAPIENTIAE

301 456 476 499 Verum
508 457 685 499 unitum
718 456 886 498 Divino
918 456 1063 506 Bono,
1091 470 1144 498 ac
1177 456 1391 498 Divinum
1419 457 1596 499 Bonum
1622 458 1809 501 unitum·

301 521 470 562 Divino
495 520 648 572 Vero;
682 520 803 574 quod
830 520 942 561 haec
969 520 1114 561 unitio
1139 520 1198 561 sit
1225 521 1268 561 in
1296 521 1505 561 omnibus
1533 527 1579 562 et
1607 521 1801 575 singulis

300 584 515 626 Verbi1in
542 598 679 625 sensu
701 583 892 625 caelesti
923 590 970 624 et
1002 583 1225 637 spirituali
1251 584 1359 638 ejus,
1386 584 1594 625 videatur
1618 584 1797 637 Apoca-
1828 629 1830 633 ,

300 647 443 701 lypsz's
467 647 683 688 Revelata
711 646 773 700 (n.
803 657 897 699 373,
929 648 1028 699 483,
1060 646 1158 699 689,
1187 646 1319 700 881);
1365 661 1426 688 ex
1460 661 1550 701 quo
1576 648 1796 701 sequitur,

300 712 422 766 quod
455 710 661 751 Verbum
693 711 752 751 sit
785 708 1034 764 perfeetum
1067 710 1328 764 conjugium
1361 710 1467 751 boni
1500 717 1547 751 et
1579 711 1704 751 veri:
1748 716 1797 751 et
1829 719 1835 758 ς

299 776 403 829 quia
433 774 544 815 illud
577 780 649 815 est
681 787 707 814 a
739 774 954 822 Domino,
987 779 1035 814 et
1067 773 1189 827 quod
1220 780 1292 814 est
1324 773 1382 814 ab
1414 773 1521 827 Ipso
1553 774 1693 814 etiam
1727 779 1800 814 est
1830 765 1833 783 ⁵

300 839 419 892 Ipse,
448 838 745 891 consequitur
767 837 887 890 quod
914 837 1021 877 dum
1047 836 1186 877 homo
1208 836 1322 889 legit
1346 835 1565 885 Verbum,
1590 843 1636 877 et
1662 837 1797 877 desu·
1829 874 1831 888 2

299 903 381 943 mit
414 916 473 949 ex
505 901 586 942 illo
616 915 738 950 vera,
767 900 991 941 Dominus
1017 899 1238 953 adjungat
1264 900 1461 950 bonum;
1503 899 1643 941 homo
1674 901 1796 942 enim

299 979 390 1007 non
423 965 549 1006 videt
580 965 701 1005 bona
732 963 992 1012 afficientia,
1027 964 1131 1017 quia
1161 977 1221 1004 ex
1253 961 1490 1004 intelle6tu
1523 963 1636 1016 legit
1667 963 1794 1012 illud,

298 1042 350 1070 ac
382 1027 645 1070 intelle6³ms
687 1041 778 1069 non
810 1027 960 1068 haurit
993 1027 1098 1068 inde
1131 1027 1216 1067 nisi
1247 1040 1342 1075 sua,
1376 1040 1490 1080 quae
1517 1033 1623 1067 sunt
1659 1041 1796 1077 vera;

297 1093 419 1147 quod
452 1092 522 1133 his
554 1092 828 1145 adjungatur
854 1091 1023 1131 bonum
1055 1104 1081 1131 a
1115 1090 1329 1143 Domino,
1358 1090 1501 1130 sentit
1533 1088 1796 1131 intelle&us

297 1171 357 1198 ex
379 1157 595 1212 jucundo,
624 1155 746 1210 quod
773 1154 931 1203 influit,
961 1154 1066 1194 dum
1093 1149 1376 1204 illustratum
1410 1153 1491 1194 sed
1513 1152 1600 1194 hoc
1629 1166 1718 1194 non
1745 1153 1796 1194 fit

297 1221 395 1262 aliis
421 1221 622 1269 interius,
651 1232 786 1273 quam
819 1219 893 1272 qui
925 1218 1087 1270 legunt
1112 1217 1223 1258 illud
1255 1216 1342 1258 fine
1369 1217 1588 1270 sapiendi,
1618 1222 1664 1258 et
1695 1216 1796 1258 finis

297 1284 504 1338 sapiendi
536 1289 608 1324 est
646 1282 735 1323 illis
775 1282 850 1336 qui
888 1281 1125 1322 addiscere
1156 1279 1319 1321 volunt
1351 1280 1549 1333 genuina
1580 1294 1688 1321 vera
1719 1280 1795 1328 ibi,

297 1354 344 1389 et
375 1361 455 1401 per
480 1347 594 1388 haec
621 1346 816 1387 formare
843 1345 1087 1386 ecclesiam
1115 1344 1234 1398 apud
1262 1357 1336 1384 se:
1370 1343 1435 1384 illi
1462 1350 1617 1384 autem
1644 1344 1719 1398 qui
1751 1343 1796 1384 id

296 1411 457 1464 legunt
477 1410 624 1451 solum
643 1416 829 1464 propter
847 1408 1039 1462 gloriam
1058 1408 1340 1455 eruditionis,
1360 1413 1457 1448 tum
1475 1407 1549 1460 qui
1567 1421 1626 1447 ex
1649 1407 1795 1461 opini-

296 1490 383 1517 one
416 1475 537 1529 quod
570 1474 717 1515 solum
750 1472 901 1522 Ιεξῑῑίο,
934 1472 1009 1513 vel
1043 1471 1224 1512 auditus
1256 1468 1365 1522 ejus,
1394 1471 1615 1523 inspirent
1642 1469 1793 1519 fidem,

296 1547 343 1581 et
359 1539 620 1580 conducant
637 1537 787 1585 saluti,
802 1550 892 1577 non
908 1535 1130 1589 recipiunt
1146 1534 1328 1588 aliquod
1347 1534 1516 1575 bonum
1535 1547 1561 1574 a
1579 1534 1793 1583 Domino,

296 1604 401 1659 quia
426 1602 495 1644 his
527 1608 598 1643 est
630 1601 730 1642 finis
762 1615 811 1641 se
843 1600 1049 1641 salvandi
1081 1613 1140 1640 ex
1174 1598 1281 1639 solis
1313 1598 1500 1639 vocibus
1531 1598 1605 1646 ibi,
1633 1597 1794 1651 quibus

296 1681 387 1708 non
415 1666 583 1720 aliquid
616 1680 675 1707 ex
706 1679 815 1706 vero
847 1665 994 1715 inest;
1037 1669 1084 1705 et
1116 1662 1206 1704 illis
1237 1668 1308 1703 est
1341 1661 1440 1702 finis
1472 1661 1701 1702 eminendi
1732 1675 1794 1702 ex

296 1731 562 1779 eruditione,
583 1743 685 1771 cum
710 1743 799 1783 quo
826 1742 917 1769 non
945 1727 1235 1780 conjungitur
1257 1725 1442 1780 aliquod
1469 1725 1637 1765 bonum
1664 1725 1794 1778 spiri-

295 1794 436 1843 tuale,
466 1794 546 1835 sed
576 1793 821 1846 jucundum
849 1790 1072 1839 naturale,
1101 1790 1222 1844 quod
1254 1795 1326 1830 est
1359 1803 1418 1829 ex
1451 1787 1597 1840 gloria
1623 1787 1792 1828 mundi.

297 1857 526 1910 Quoniam
549 1856 753 1898 Verbum
780 1861 850 1896 est
878 1855 1075 1895 medium
1102 1851 1445 1905 conjunfftionis,
1475 1851 1578 1891 ideo
1603 1856 1795 1892 vocatur

294 1921 405 1962 illud
428 1920 602 1970 foedus,
627 1925 760 1960 vetus
783 1925 830 1960 et
857 1913 1040 1967 novum,
1066 1923 1113 1958 et
1138 1916 1296 1957 foedus
1320 1913 1546 1969 significat
1574 1913 1794 1966 conjunc-

295 1985 483 2027 tionem.

380 2058 506 2100 129.
541 2044 628 2100 (x.)
666 2044 795 2097 Quod
813 2043 990 2085 ecclesia
1016 2043 1077 2085 sit
1101 2057 1129 2084 a
1153 2041 1352 2090 Domino,
1380 2048 1423 2082 et
1447 2041 1572 2094 apud
1593 2040 1693 2081 illos
1718 2039 1800 2094 qui

295 2111 458 2153 adeunt
477 2110 646 2164 Ipsum,
666 2115 709 2149 et
728 2108 885 2149 vivunt
904 2106 1137 2148 secundum
1151 2111 1392 2159 praecepta
1413 2103 1793 2157 Ipsz·us.—Hodie

296 2188 387 2215 non
415 2179 610 2227 negatur
632 2173 738 2226 quin
765 2171 960 2212 ecclesia
985 2171 1044 2211 sit
1073 2169 1271 2217 Domini,
1296 2176 1342 2209 et
1369 2169 1471 2222 quia
1498 2174 1567 2208 est
1593 2167 1791 2215 Domini,

295 2237 417 2292 quod
441 2238 499 2278 sit
523 2251 549 2278 a
576 2237 775 2277 Domino
795 2248 804 2276 :
838 2235 958 2289 quod
981 2234 1038 2275 sit
1062 2233 1181 2287 apud
1204 2232 1307 2273 illos
1330 2232 1404 2285 qui
1427 2231 1597 2272 adeunt
1619 2230 1790 2282 Ipsum,

295 2308 368 2343 est
400 2302 504 2355 quia
530 2300 726 2341 ecclesia
754 2299 899 2353 Ipsius
931 2299 975 2338 in
1009 2297 1271 2339 Christiano
1297 2296 1405 2336 orbe
1433 2301 1504 2335 est
1530 2308 1589 2334 ex
1617 2293 1812 2342 Verbo,-

295 2378 346 2405 ac
381 2364 584 2405 Verbum
618 2370 687 2403 est
721 2363 778 2403 ab
811 2362 932 2415 Ipso,
966 2374 1017 2402 ac
1051 2361 1115 2401 ita
1147 2359 1205 2400 ab
1237 2359 1343 2411 Ipso
1375 2364 1423 2398 ut
1457 2358 1514 2398 sit
1548 2357 1678 2410 Ipse;
1719 2362 1812 2397 est2

295 2428 354 2468 ibi
379 2427 593 2467 Divinum
616 2426 788 2467 Verum
812 2426 987 2466 unitum
1011 2424 1179 2464 Divino
1198 2422 1342 2469 Bono,
1367 2427 1413 2461 et
1441 2421 1526 2461 hoc
1551 2421 1693 2461 etiam
1719 2418 1809 2461 est?

296 2491 546 2531 Dominus:
582 2503 672 2530 non
699 2489 820 2530 aliud
847 2488 1118 2541 intelligitur
1143 2500 1222 2540 per
1249 2485 1467 2533 Verbum,

362 2590 468 2632 Quod
486 2590 553 2622 fuit
570 2590 664 2630 apud
684 2590 810 2626 Deum,
824 2595 859 2620 et
876 2588 969 2629 quod
985 2587 1050 2619 fuit
1069 2587 1176 2624 Deus,
1194 2595 1239 2617 ex
1255 2594 1325 2626 quo
1342 2591 1397 2616 est
1413 2584 1488 2616 vita
1504 2589 1539 2616 et
1559 2583 1621 2616 lux
1636 2582 1792 2615 bomini·
1808 2613 1811 2618 „

471 2635 547 2673 bus,
565 2640 601 2665 et
620 2634 715 2676 quod
732 2633 826 2664 Caro
844 2631 978 2664 iaCtum
996 2637 1050 2663 est
1067 2630 1166 2673 (Joh.
1184 2630 1206 2661 i.
1226 2628 1341 2668 1—14):
1729 2636 1731 2638 ·

295 2733 343 2769 et
375 2739 522 2780 porro,
551 2724 671 2778 quod
703 2724 762 2764 sit
789 2723 908 2776 apud
935 2722 1052 2770 illos,
1081 2722 1154 2775 qui
1186 2721 1356 2762 adeunt
1386 2721 1554 2774 Ipsum,
1583 2728 1655 2763 est
1688 2723 1794 2776 quia

296 2797 367 2832 est
395 2789 513 2843 apud
545 2787 648 2829 illos
674 2787 748 2840 qui
775 2786 966 2826 credunt
998 2786 1042 2825 in
1070 2784 1251 2838 Ipsum;
1293 2790 1339 2825 et
1369 2784 1554 2825 credere
1581 2785 1701 2838 quod
1733 2786 1792 2838 sit

297 2854 422 2895 Deus
455 2852 668 2894 Salvator
708 2856 754 2891 et
801 2848 1100 2901 Redemptor,
1132 2847 1339 2900 Jehovah
1374 2847 1573 2900 Justitia,
1608 2847 1790 2890 Ostium

297 2931 376 2971 per
398 2916 519 2971 quod
546 2912 892 2967 ingrediendum
913 2917 984 2952 est
1009 2912 1053 2951 in
1079 2910 1213 2959 ovile,
1238 2910 1324 2951 hoc
1347 2917 1434 2958 est,
1459 2912 1503 2951 in
1529 2911 1782 2958 ecclesiam,

300 2980 404 3030 Via,
438 2979 624 3021 Veritas
655 2983 702 3019 et
735 2975 860 3025 Vita,
894 2974 1014 3029 quod
1047 2987 1182 3015 nemo
1214 2974 1367 3015 veniat
1400 2974 1458 3015 ad
1491 2974 1672 3016 Patrem
1698 2975 1776 3016 nisi
