2014 3386
516 355 582 387 DE
613 353 792 387 AMORE
825 353 1301 387 SCORTATOR10.—N.
1325 345 1421 399 463.
1633 357 1710 400 355

223 467 430 518 moecha,
464 473 512 509 et
555 481 649 509 vox
694 467 1026 509 concubinatus
1066 467 1282 508 convenit
1322 467 1424 508 huic
1457 468 1711 521 posteriori,

222 533 326 587 quia
349 532 602 574 concubina
633 537 704 573 est
736 531 934 572 succuba
959 529 1079 580 lecti,
1102 531 1206 572 ideo
1232 532 1533 584 separationis
1559 545 1710 581 causa,

222 593 403 648 pactum
429 594 746 648 antenuptiale
779 607 881 636 cum
912 594 1078 635 femina
1104 594 1388 647 significatur
1418 608 1498 648 per
1523 594 1711 648 pellica-

221 664 334 708 tum,
361 663 409 699 et
434 657 748 711 postnuptiale
775 671 853 711 per
879 657 1246 698 concubinatum.
1308 657 1378 698 De
1405 658 1710 699 concubinatu

220 722 292 763 hic
326 721 478 774 agitur
511 727 700 774 propter
733 722 967 772 ordinem;
1014 733 1118 761 nam
1162 734 1222 761 ex
1265 721 1422 761 ordine
1459 721 1708 774 detegitur,

219 784 351 838 quale
373 790 444 825 est
466 783 725 837 conjugium
751 784 809 825 ab
831 797 919 824 una
941 790 1084 838 parte,
1108 790 1156 825 et
1181 783 1315 837 quale
1341 789 1411 824 est
1437 783 1709 825 adulterium

217 847 277 888 ab
305 847 465 888 altera.
527 845 662 899 Quod
689 846 948 900 conjugium
981 853 1027 889 et
1059 847 1330 888 adulterium
1357 848 1448 888 sint
1480 848 1706 901 opposita,

217 911 262 951 in
294 911 446 964 capite
477 909 535 951 de
575 911 867 964 oppositione
898 910 1078 951 illorum
1110 911 1304 964 primum
1336 917 1407 952 est
1439 910 1617 961 actum;
1660 917 1708 951 et

217 979 439 1026 quantum
481 979 528 1014 et
570 973 765 1027 qualiter
798 973 1014 1027 opposita
1046 980 1168 1023 sunt,
1205 987 1296 1014 non
1335 980 1491 1027 potest
1530 974 1614 1014 nisi
1648 987 1708 1014 ex

216 1036 512 1085 intermediis,
537 1051 652 1091 quae
675 1037 976 1086 intercedunt,
1001 1036 1178 1095 hauriri,
1204 1051 1263 1078 ex
1290 1037 1449 1090 quibus
1472 1038 1610 1078 etiam
1637 1043 1708 1078 est

216 1099 560 1141 concubinatus.
622 1099 712 1142 Sed
744 1101 849 1154 quia
879 1101 969 1142 duo
1000 1099 1130 1153 hujus
1161 1113 1332 1153 genera
1363 1106 1484 1149 sunt,
1512 1106 1559 1141 et
1592 1100 1705 1140 haec

215 1174 396 1217 prorsus
422 1164 788 1213 discriminanda,
816 1164 919 1205 ideo
943 1164 1054 1205 haec
1082 1162 1344 1213 transactio,
1373 1170 1422 1205 ut
1448 1164 1632 1217 priores,
1661 1163 1706 1203 in

215 1239 318 1267 suas
344 1233 498 1279 partes
524 1227 830 1280 dispescenda
855 1233 955 1279 est;
987 1227 1108 1281 quod
1134 1226 1212 1268 fiet
1238 1227 1282 1267 in
1309 1227 1391 1268 has
1412 1240 1482 1267 :—

452 1328 507 1373 (i.)
545 1328 660 1374 Quod
674 1328 748 1363 duo
764 1329 1035 1363 concubinatus
1041 1339 1190 1374 genera
1207 1329 1296 1368 sint,
1310 1340 1409 1373 quae
1420 1330 1525 1363 inter
1540 1339 1578 1362 se
1593 1329 1705 1363 valde

634 1375 851 1420 dgfferunt;
883 1386 1002 1410 unum
1023 1375 1252 1421 conjunt‘t'im
1278 1387 1364 1410 cum
1391 1387 1519 1417 uxore,
1537 1376 1704 1410 alterum

633 1423 832 1468 sey'unllim
850 1422 898 1456 ab
915 1433 1043 1457 uxore.

436 1468 508 1513 (ii.)
546 1469 659 1514 Quod
673 1469 944 1504 concubinatus
963 1469 1192 1515 conjunti'im
1213 1481 1298 1504 cum
1319 1481 1448 1510 uxore,
1469 1471 1522 1504 sit
1538 1472 1704 1515 prorsus

634 1516 799 1551 illicitus
817 1516 1065 1556 Christianis,
1083 1520 1120 1551 et
1135 1517 1378 1552 detestabilzs.

421 1562 508 1607 (iii.)
547 1563 660 1608 Quod
670 1564 724 1597 sit
732 1563 969 1608 polygamia,
987 1574 1086 1607 quae
1102 1574 1150 1598 ex
1167 1563 1251 1598 orbe
1270 1563 1494 1598 Christiano
1513 1563 1702 1598 damnata

634 1613 688 1644 est
704 1614 739 1644 et
756 1610 992 1645 damnanda.

421 1656 504 1701 (iv.)
542 1656 654 1702 Quod
666 1658 719 1691 sit
734 1658 926 1697 scortatio,
937 1660 1014 1702 per
1029 1668 1145 1701 quam
1162 1657 1390 1703 conjugiale,
1405 1657 1508 1701 quod
1520 1661 1574 1692 est
1589 1659 1703 1693 cirne-

630 1704 728 1738 lium
745 1706 851 1740 vitae
870 1705 1126 1744 Christianae,
1144 1704 1381 1749 deperditur.

432 1751 500 1795 (v.)
539 1751 652 1796 Quod
662 1752 931 1785 concubinatus
946 1751 1144 1796 sey'unftim
1162 1751 1209 1785 ab
1226 1762 1354 1791 uxore,
1373 1762 1458 1786 cum
1468 1751 1524 1796 fit
1542 1762 1590 1786 ex
1609 1763 1701 1786 cau-

629 1799 683 1832 sis
694 1798 890 1844 legitimis,
894 1799 1029 1844 justis,
1044 1801 1079 1832 et
1095 1809 1183 1832 vere
1192 1799 1358 1838 sonticis,
1373 1809 1447 1832 non
1458 1800 1512 1832 sit
1525 1799 1699 1834 illicitus.

421 1843 504 1889 (vi.)
542 1844 656 1890 Quod
667 1856 805 1879 causae
820 1845 1021 1891 legitimae
1036 1845 1156 1890 liujus
1171 1845 1452 1885 concubinatus,
1465 1847 1547 1880 sint
1563 1853 1701 1880 causae

629 1892 827 1937 legitimae
838 1893 1012 1932 divortii,
1025 1892 1117 1926 dum
1131 1903 1231 1926 uxor
1242 1892 1497 1927 nihilominus
1509 1894 1701 1928 retinetur

629 1939 742 1974 domi.

403 1984 500 2029 (vii.)
538 1985 652 2031 Quod
674 1997 812 2020 causae
832 1986 970 2032 justae
997 1985 1117 2032 hujus
1144 1986 1424 2026 concubinatus,
1452 1987 1533 2020 sint
1562 1997 1699 2022 causae

617 2033 756 2078 justae
770 2034 1030 2078 separationis
1045 2045 1069 2067 a
1088 2037 1180 2068 toro.
1494 2050 1508 2063 ι

391 2078 502 2123 (viii.)
539 2079 653 2125 Quod
663 2091 802 2114 causae
817 2082 984 2115 sonticae
999 2080 1119 2126 liujus
1134 2080 1414 2120 concubinatus,
1427 2081 1508 2115 sint
1524 2081 1646 2116 reales
1662 2085 1698 2116 et

628 2137 702 2161 non
720 2127 851 2162 reales.

420 2171 504 2216 (ὶκ.)
540 2173 654 2218 Quod
665 2184 803 2208 causae
817 2175 984 2208 sonticae
999 2174 1128 2214 reales,
1147 2175 1237 2214 sint,
1252 2185 1350 2218 quae
1365 2185 1412 2208 ex
1413 2175 1525 2219 justo
1540 2179 1641 2211 sunt.

430 2219 498 2263 (x.)
533 2220 591 2254 At
614 2221 716 2265 quod
730 2232 869 2255 causae
886 2223 1053 2256 sonticae
1077 2233 1152 2256 non
1172 2221 1302 2260 reales,
1319 2223 1408 2261 sint,
1427 2232 1525 2265 quae
1548 2233 1623 2256 non
1649 2233 1696 2257 ex

613 2268 726 2313 justo
741 2271 842 2308 sunt,
862 2269 1020 2303 tametsi
1032 2279 1081 2303 ex
1098 2270 1333 2313 apparentia
1340 2269 1459 2313 justi.

419 2312 501 2356 (xi.)
538 2313 652 2359 Quod
672 2314 744 2354 illi,
770 2316 844 2359 qui
863 2326 911 2350 ex
943 2317 1071 2350 causis
1095 2316 1291 2361 legitimis,
1310 2315 1445 2360 justis,
1472 2320 1517 2350 et·
1539 2318 1695 2352 sonticis

626 2361 804 2402 realibus,
822 2363 866 2396 in
883 2361 952 2396 boc
967 2363 1219 2396 concubinatu
1235 2366 1335 2402 sunt,
1346 2364 1500 2406 possint
1514 2363 1636 2397 simul
1651 2365 1694 2398 in

624 2419 753 2442 amore
769 2410 856 2455 conj
858 2409 990 2455 ugiali
1002 2421 1087 2444 esse.

398 2453 495 2499 (xii.)
533 2453 647 2499 Quod
665 2456 818 2500 quando
850 2456 915 2490 hic
945 2457 1216 2491 concubinatus
1232 2458 1396 2502 perstat,
1423 2456 1585 2491 ailualis
1608 2467 1693 2491 con-

615 2502 770 2548 junttio
786 2514 871 2537 cum
890 2514 1010 2538 uxore
1026 2513 1099 2538 non
1117 2503 1226 2537 licita
1244 2505 1308 2538 sit.

205 2599 416 2654 Sequitur
441 2613 558 2642 nunc
583 2600 744 2642 horum
770 2601 1035 2656 explicatio.

280 2664 416 2718 463·
450 2663 516 2718 (i.)
553 2663 681 2715 Quod
699 2665 784 2706 duo
802 2666 1108 2707 concubinatus
1133 2679 1299 2719 genera
1319 2666 1424 2715 sint,
1448 2681 1558 2720 quae
1577 2668 1691 2709 inter

203 2739 250 2767 se
272 2726 404 2767 vala'e
426 2727 672 2782 differunt;
708 2742 842 2770 unum
865 2730 1121 2783 conjunctim
1145 2744 1240 2771 cum
1265 2746 1412 2780 uxore,
1436 2740 1477 2773 et
1500 2733 1691 2775 alterum

203 2789 429 2844 sejunctim
457 2789 513 2831 ab
538 2790 880 2844 uxore.-—Quod
912 2793 1001 2833 duo
1027 2806 1198 2846 genera
1223 2795 1555 2836 concubinatus
1581 2797 1688 2846 sint,

204 2865 317 2907 quae
347 2853 482 2894 valde
514 2854 634 2895 inter
673 2867 722 2895 se
762 2854 988 2904 differunt,
1015 2862 1063 2897 et
1104 2857 1225 2909 quod
1262 2871 1398 2898 unum
1430 2872 1573 2911 genus
1613 2860 1686 2907 sit,

203 2917 445 2958 succubam
469 2916 714 2970 adjungere
739 2923 855 2966 toro,
876 2932 927 2960 ac
954 2918 1230 2972 conjunfflm
1257 2927 1303 2962 et
1330 2922 1460 2962 simul
1484 2935 1584 2962 cum
1611 2922 1690 2964 illa

203 2986 249 3021 et
279 2993 381 3022 curn
413 2994 556 3023 uxore
587 2983 765 3039 vivere;
811 2990 858 3026 et
900 2985 1022 3037 quod
1054 2983 1245 3025 alterum
1286 2998 1431 3038 genus
1472 2986 1546 3035 sit,
1580 2992 1686 3039 post
