2014 3386
291 333 372 376 126
748 341 995 375 DELICIAE
1027 339 1332 374 sAPmNTIAE

371 466 645 512 155[prim0].
690 455 826 512 (xiii.)
863 454 993 507 Quod
1017 455 1204 497 castitas
1235 468 1320 496 non
1347 451 1615 508 praedicari
1635 449 1788 507 poss'it

286 521 340 563 de
363 521 461 563 illis
486 519 566 575 qm·
582 520 901 561 abdicaverunt
922 518 1136 574 conjugia,
1163 518 1356 560 vovendo
1370 523 1634 571 perpetuum
1653 516 1787 558 caeli-

289 585 454 633 batum,
473 583 567 625 nz'sz'
583 583 629 624 in
650 582 744 624 illis
765 582 829 624 sz't
849 588 894 624 et
905 588 1170 635 permaneat
1188 595 1316 623 amor
1334 581 1454 622 vitae
1473 594 1574 621 vere
1593 578 1788 635 conjugi·

244 684 248 688 .
287 646 586 700 alz‘s.—-Quod
612 646 669 687 de
699 646 770 687 his
796 659 889 686 non
915 646 974 686 sit
1005 645 1286 699 praedicatio
1312 644 1557 693 castitatis,
1586 649 1658 684 est
1685 643 1791 696 quia

288 724 417 752 amor
438 710 706 764 conjugialis
729 715 836 763 post
859 715 1018 750 votum
1042 708 1247 762 perpetui
1270 707 1537 755 caelibatus,
1562 704 1790 760 projectus

289 780 376 823 est,
397 774 453 815 de
475 787 565 827 quo
588 779 745 814 tamen
770 773 901 813 unice
924 778 995 813 est
1017 771 1299 825 praedicatio
1321 770 1553 811 castitatis
1572 783 1581 821 ;
1615 775 1662 810 et
1685 769 1791 823 quia

289 851 429 892 usque
455 836 691 878 inclinatio
716 836 774 877 ad
797 848 961 876 sexum
987 848 1014 875 a
1040 835 1272 875 creatione
1295 839 1342 875 et
1368 833 1474 874 inde
1499 846 1526 874 a
1548 833 1791 874 nativitate

289 901 426 949 inest,
446 906 492 941 et
513 912 615 940 cum
637 899 751 940 haec
769 905 1008 940 coercetur
1029 904 1077 939 et
1100 898 1328 947 domatur,
1347 910 1440 938 non
1462 902 1617 951 potest
1640 896 1789 944 aliter,

293 976 429 1018 quam
452 970 500 1004 ut
523 962 761 1004 inclinatio
782 961 861 1003 illa
882 962 1019 1003 abeat
1045 961 1328 1009 incalorem,
1352 966 1400 1001 et
1425 960 1546 1013 apud
1568 960 1791 1013 quosdam

292 1027 337 1068 in
360 1032 555 1075 aestum,
583 1026 657 1080 qui
683 1026 790 1067 dum
817 1039 842 1067 e
868 1038 1059 1079 corpore
1085 1024 1294 1077 exsurgit
1326 1024 1371 1064 in
1403 1024 1625 1077 spiritum,
1653 1022 1792 1063 infes-

290 1097 362 1132 tat
386 1090 527 1139 illum,
548 1096 595 1131 et
618 1090 737 1143 apud
756 1089 980 1143 quosdam
1002 1088 1209 1142 inquinat
1232 1087 1360 1128 illum
1379 1101 1389 1138 ;
1423 1092 1470 1128 et
1495 1087 1592 1127 dari
1615 1092 1789 1139 potest,

291 1154 413 1207 quod
441 1154 625 1207 spiritus
651 1153 758 1194 inde
789 1152 1051 1206 inquinatus
1082 1152 1222 1192 etiam
1253 1150 1460 1204 inquinet
1486 1149 1716 1202 religiosa,
1745 1154 1793 1189 et

290 1217 406 1258 haec
434 1217 492 1257 ab
519 1217 700 1257 interna
726 1229 807 1256 sua
838 1215 962 1264 sede,
993 1215 1068 1255 ubi
1099 1220 1206 1255 sunt
1238 1214 1282 1254 in
1314 1212 1578 1262 sanffltate,
1607 1211 1792 1265 dejiciat

291 1281 337 1321 in
363 1286 571 1328 externa,
597 1279 671 1320 ubi
697 1278 809 1320 fiunt
831 1278 979 1319 solum
1001 1279 1090 1319 oris
1117 1283 1163 1319 et
1183 1283 1370 1331 gestus;
1404 1290 1541 1330 quare
1564 1276 1792 1329 provisum

293 1349 366 1385 est
392 1356 419 1384 a
445 1343 659 1392 Domino,
685 1342 806 1396 quod
829 1341 1082 1383 caelibatus
1103 1340 1180 1382 ille
1203 1341 1262 1382 sit
1289 1340 1428 1381 modo
1450 1340 1570 1393 apud
1592 1338 1696 1380 illos
1719 1338 1794 1393 qui

292 1407 337 1448 in
363 1413 560 1448 externo
592 1406 717 1448 cultu
749 1411 870 1454 sunt,
897 1406 942 1446 in
968 1418 1058 1459 quo
1090 1411 1210 1453 sunt,
1237 1403 1342 1458 quia
1373 1417 1464 1444 non
1497 1403 1669 1444 adeunt
1696 1402 1795 1443 Do·

294 1472 480 1520 minum,
509 1483 592 1511 nec
623 1469 784 1523 legunt
811 1469 1044 1519 Verbum;
1077 1468 1197 1522 apud
1223 1467 1308 1508 hos
1330 1481 1409 1521 per
1434 1465 1630 1507 indictos
1655 1465 1795 1507 caeli-

293 1535 430 1575 batus
453 1533 586 1574 simul
614 1546 716 1574 cum
739 1533 985 1586 sponsione
1007 1531 1253 1580 castitatis,
1279 1543 1370 1571 non
1397 1529 1681 1583 periclitatur
1700 1529 1798 1570 vita

298 1604 502 1646 aeterna,
531 1597 648 1637 sicut
675 1596 793 1649 apud
825 1595 928 1636 illos
954 1595 1028 1649 qui
1059 1595 1103 1635 in
1136 1595 1317 1636 interno
1343 1593 1468 1635 cultu
1494 1599 1629 1634 sunt:
1663 1605 1796 1634 acce-

295 1661 378 1709 dit,
407 1660 528 1714 quod
561 1659 693 1700 multi
726 1659 852 1700 illum
885 1665 1059 1699 statum
1091 1658 1213 1699 vitae
1245 1670 1337 1698 non
1370 1657 1527 1698 ineant
1559 1670 1618 1697 ex
1651 1655 1795 1696 libero

246 1720 250 1725 ’
295 1723 567 1772 voluntatis,
587 1723 668 1764 sed
687 1722 871 1776 quidam
889 1728 1137 1775 antequam
1160 1721 1204 1761 in
1229 1720 1371 1762 libero
1394 1726 1499 1761 sunt
1523 1734 1582 1760 ex
1600 1719 1794 1768 ratione,

297 1793 345 1828 et
375 1787 558 1840 quidam
591 1792 780 1839 propter
806 1798 966 1826 causas
997 1782 1253 1825 allectrices
1285 1797 1310 1824 e
1341 1783 1525 1824 mundo.
1585 1781 1661 1822 Ex
1692 1780 1796 1830 illis,

298 1851 372 1904 qui
413 1856 601 1904 propter
632 1848 1020 1890 abalienationem
1058 1848 1226 1889 mentis
1266 1861 1291 1888 e
1331 1847 1515 1895 mundo,
1549 1853 1598 1887 ut
1629 1850 1798 1886 vacent

299 1915 468 1955 Divino
493 1913 649 1962 cultui,
674 1913 902 1966 adoptant
929 1912 1056 1952 illum
1083 1917 1271 1960 statum,
1297 1916 1402 1951 sunt
1423 1911 1654 1951 duntaxat
1681 1907 1798 1950 casti

299 1977 378 2026 illi,
407 1977 526 2031 apud
553 1990 666 2030 quos
697 1989 826 2017 amor
849 1977 973 2016 vitae
998 1987 1104 2016 vere
1130 1974 1398 2028 conjugialis
1423 1973 1497 2014 vel
1529 1979 1639 2014 ante
1670 1971 1798 2014 illum

299 2047 474 2082 statum
504 2040 661 2088 fuerat,
688 2038 762 2080 vel
788 2044 893 2092 post
923 2038 1051 2079 illum
1082 2037 1147 2086 fit,
1175 2044 1222 2079 et
1254 2043 1507 2091 permanet,
1535 2037 1639 2090 quia
1669 2034 1800 2088 hujus

299 2105 423 2145 vitae
449 2117 590 2153 amor,
618 2109 690 2144 est
719 2103 776 2143 de
802 2116 891 2156 quo
923 2102 1213 2156 praedicatur
1238 2102 1444 2143 castitas.
1506 2100 1800 2154 Quapropter

301 2168 439 2209 etiarn
472 2180 632 2208 omnes
668 2165 1015 2207 monasteriales
1051 2171 1157 2219 post
1190 2171 1388 2206 mortem
1420 2165 1610 2206 tandem
1642 2163 1798 2205 exsol-

301 2237 468 2272 vuntur
492 2231 613 2271 votis
645 2230 750 2278 suis,
778 2235 825 2270 et
857 2229 1132 2270 emittuntur
1163 2229 1208 2269 in
1241 2229 1520 2276 libertatem,
1554 2233 1603 2268 ut
1636 2239 1799 2268 secun-

302 2294 408 2335 dum
435 2294 651 2335 interiora
672 2299 783 2333 vota
809 2298 856 2333 et
883 2292 1107 2333 desideria
1130 2293 1298 2333 amoris
1325 2293 1391 2333 sui
1414 2292 1614 2333 ferantur
1634 2290 1692 2331 ad
1719 2289 1799 2331 eli-

303 2358 504 2411 gendum
533 2358 675 2398 vitam
708 2356 781 2397 vel
813 2355 1118 2409 conjugialem
1150 2355 1223 2397 vel
1256 2353 1724 2407 extraconjugialem3
1763 2352 1801 2393 si

302 2428 410 2462 tunc
442 2421 584 2461 vitam
617 2419 920 2472 conjugialem
958 2421 1132 2467 ineunt,
1165 2419 1230 2460 illi
1262 2419 1337 2473 qui
1370 2417 1620 2472 spiritualia
1651 2416 1801 2457 cultus

303 2485 443 2526 etiarn
475 2490 757 2531 amaverunt,
791 2483 959 2523 dantur
990 2482 1150 2536 nuptui
1186 2482 1230 2523 in
1269 2481 1429 2532 caelo;
1471 2486 1520 2521 at
1551 2480 1625 2533 qui
1655 2479 1800 2520 vitam

305 2545 762 2599 extraconjugialem‚
797 2547 1039 2586 mittuntur
1079 2546 1136 2587 ad
1178 2545 1363 2594 similes,
1392 2543 1464 2598 qui
1506 2544 1550 2584 in
1583 2542 1801 2583 lateribus

305 2610 421 2653 caeli
446 2610 673 2651 habitant.
735 2608 951 2661 Quaesivi
974 2608 1180 2661 angelos,
1205 2621 1374 2648 numne
1395 2605 1538 2647 ¹¹³illae
1561 2619 1676 2659 quae
1702 2611 1801 2646 stu-

306 2675 502 2716 duerunt
540 2673 714 2726 pietati,
754 2672 1158 2725 emancipaverunt
1188 2685 1236 2712 se
1268 2670 1410 2712 cultui
1442 2670 1624 2718 Divino,
1657 2674 1705 2710 et
1735 2669 1800 2710 sic

307 2738 637 2779 subtraxerunt
664 2749 712 2776 se
740 2749 767 2776 a
798 2735 1059 2789 praestigiis
1090 2735 1259 2783 mundi,
1288 2740 1336 2775 et
1363 2747 1390 2774 a
1420 2732 1801 2786 concupiscentiis

308 2801 470 2849 carnis,
498 2806 545 2841 et
572 2805 816 2852 propterea
841 2804 1106 2852 perpetuam
1128 2798 1439 2850 virginitatem
1465 2801 1704 2845 voverant,
1731 2808 1802 2836 re·

309 2864 534 2917 cipiantur
558 2863 603 2903 in
630 2862 822 2910 caelum,
851 2868 898 2902 et
925 2862 984 2902 ibi
1016 2862 1136 2902 inter
1160 2860 1316 2901 felices
1343 2859 1591 2900 secundum
1622 2858 1801 2900 illarum

309 2927 444 2978 fidem
477 2925 714 2980 primariae
746 2924 880 2965 fiant:
915 2931 962 2965 at
990 2923 1142 2977 angeli
1171 2923 1522 2976 responderunt,
1551 2922 1671 2976 quod
1703 2921 1802 2975 qui·

310 2990 415 3031 dem
441 2989 728 3040 recipiantur,
757 2988 835 3030 sed
864 3000 965 3029 cum
992 2987 1195 3028 sentiunt
1223 2985 1465 3040 sphaeram
1492 2986 1657 3027 amoris
1688 2997 1800 3027 con·
