2014 3386
369 322 397 384 'f
583 333 650 365 DE
681 332 861 364 AMORE
891 332 1316 375 CONJUGIAL1.—N.
1346 335 1440 377 333.
1672 325 1754 379 265

459 443 558 491 (vii.)
594 445 709 490 Quod
714 446 835 491 genti
849 445 1094 480 Israeliticae
1106 447 1341 491 permissum
1351 446 1490 491 fuerit
1501 445 1638 491 plures
1663 457 1758 481 uxo-

685 503 747 527 res
765 493 910 532 ducere,
928 494 1023 538 quia
1040 493 1152 538 apud
1168 493 1279 527 illam
1299 504 1374 527 non
1394 493 1566 527 Ecclesia
1590 493 1757 528 Cleristz-

685 550 762 574 ana
765 540 869 586 futt
887 543 923 574 et
940 540 1028 574 znde
1045 550 1112 574 nec
1126 539 1267 574 dabilis
1283 551 1394 574 amor
1410 551 1499 574 vere
1510 551 1592 586 con]
1590 540 1756 586 '‘Hugtalzs

444 584 557 632 (viii.)
593 586 708 633 Quod
724 587 836 621 lzodie
847 586 1154 622 Mahumedanis
1160 589 1396 632 permissum
1409 589 1463 621 sit
1471 587 1608 632 plures
1621 599 1759 622 uxores

684 633 830 674 ducere,
842 635 934 679 quia
944 645 1018 669 non
1027 637 1239 681 agnoscunt
1249 635 1461 669 Dominum
1479 634 1611 681 Jesum
1626 635 1658 669 C
1655 635 1760 669 lzrzs-

683 684 766 716 tum
795 692 913 716 unum
942 692 1026 716 cum
1065 681 1242 728 Jelzovalz
1269 682 1402 721 Patre,
1428 685 1464 716 et
1495 683 1552 716 sic
1572 684 1650 727 pro
1679 682 1759 715 Deo

684 727 788 763 caeli
810 732 846 762 et
865 731 1019 769 terrae:
1051 732 1088 763 et
1107 728 1197 763 ma'e
1216 739 1290 763 non
1303 731 1467 774 possunt
1484 739 1653 763 amorem
1673 740 1761 763 vere

685 786 766 820 con]
764 775 940 821 ugialem
957 777 1136 821 recepere.

473 820 559 867 (ix.)
595 821 708 868 Quod
722 822 868 857 caelum
890 822 1227 858 Malzumedanum
1248 824 1302 857 sit
1321 826 1436 857 extra
1457 823 1604 858 caelum
1625 822 1758 858 Chris-

685 871 852 910 tianum,
868 873 906 904 et
933 870 1037 914 quod
1050 870 1154 904 illud
1178 871 1222 904 in
1251 870 1344 904 duos
1372 870 1501 910 caelos
1524 871 1698 926 znferzus
1722 874 1757 903 et

682 918 872 962 superius,
892 919 947 951 szt
962 917 1165 951 divisum·
1147 945 1157 957 ,
1188 921 1226 951 et
1241 917 1346 962 quod
1360 928 1433 951 non
1451 918 1530 951 alii
1548 919 1590 951 in
1611 917 1756 951 caelum

685 963 841 998 illorum
858 966 1038 1009 superius
1049 964 1254 1004 eleventur,
1268 975 1384 1008 quam
1399 966 1471 1008 qui
1483 965 1666 998 abdicant
1675 963 1758 1008 pel-

685 1010 783 1051 lices,
796 1015 832 1045 et
847 1012 989 1045 vivunt
1004 1022 1088 1045 cum
1108 1022 1187 1046 una
1206 1022 1335 1050 uxore,
1348 1015 1385 1045 et
1402 1015 1610 1056 agnoscunt
1623 1011 1759 1045 Domi-

686 1069 779 1092 num
797 1062 970 1092 nostrum
987 1058 1182 1103 aequalem
1205 1059 1286 1093 Deo
1306 1059 1434 1099 Patri,
1451 1059 1520 1093 cui
1545 1058 1757 1094 dominium

443 1123 448 1127 -
683 1107 799 1150 super
811 1105 956 1139 caelum
973 1108 1010 1139 et
1026 1109 1173 1139 terram
1191 1105 1328 1140 datum
1345 1109 1410 1141 est.

485 1151 553 1196 (x.)
592 1151 705 1197 Quod
710 1152 936 1198 polygamia
953 1153 1008 1186 sit
1023 1152 1198 1188 lascivia.

472 1198 554 1243 (xi.)
592 1199 705 1244 Quod
716 1199 828 1244 apud
832 1199 1055 1245 polygamos
1070 1210 1146 1233 non
1163 1199 1305 1234 dabilis
1321 1200 1375 1234 sit
1391 1199 1629 1246 conjugialis
1642 1201 1760 1234 casti·

685 1249 757 1286 tas,
768 1248 932 1291 puritas
949 1250 985 1281 et
999 1247 1192 1281 sant'titas.

462 1292 558 1338 (xii.)
597 1293 711 1338 Quod
723 1293 932 1339 polygami,
951 1294 1139 1338 quamdiu
1163 1297 1320 1328 manent
1336 1294 1548 1340 polygami,
1575 1305 1649 1329 non
1663 1294 1765 1339 fieri

679 1342 831 1386 possint
845 1341 1080 1386 spirituales.

446 1386 558 1433 (xiii.)
596 1387 710 1433 Quod
717 1387 940 1470 golygamia
951 1399 1026 1423 non
1041 1389 1095 1422 sit
1103 1390 1305 1434 peccatum
1323 1388 1435 1434 apud
1445 1399 1536 1433 quos
1552 1388 1624 1423 illa
1642 1391 1698 1423 est
1714 1399 1762 1422 ex

687 1446 730 1469 re
745 1447 758 1467 z
788 1446 873 1469 zone

455 1481 565 1527 (xiv.)
602 1482 716 1528 Quod
728 1447 956 1528 p‘sslygamza
987 1493 1062 1516 non
1085 1483 1138 1516 sit
1159 1484 1360 1527 peccatum
1381 1482 1492 1528 apud
1508 1482 1593 1517 illos
1620 1484 1694 1528 qui
1717 1484 1759 1517 in

687 1531 915 1564 znorantia
932 1533 1023 1563 sunt
1038 1529 1083 1564 de
1099 1530 1277 1564 Domzssno

462 1575 556 1621 (xv.)
594 1576 677 1622 Quo
727 1587 776 1610 ex
799 1576 862 1611 lzz’s
881 1576 955 1616 illi,
974 1578 1132 1611 tametsi
1141 1576 1352 1622 polygami,
1370 1576 1580 1615 salventur.
1602 1587 1669 1621 qut
1691 1588 1761 1622 ag—

686 1627 844 1658 noscunt
872 1623 1008 1663 Deum,
1034 1627 1071 1658 et
1090 1634 1139 1658 ex
1171 1624 1358 1670 relzgione
1385 1625 1528 1658 vivunt
1556 1624 1759 1659 secundum

687 1671 784 1716 leges
788 1671 979 1716 justitiae
993 1671 1135 1706 civtles.

445 1717 556 1763 (xvi.)
593 1717 672 1752 Sed
687 1718 790 1762 quod
805 1717 910 1752 nulli
931 1728 979 1752 ex
1007 1717 1071 1752 his
1097 1721 1134 1752 et
1161 1717 1244 1752 illis
1267 1718 1483 1752 consociari
1487 1718 1642 1763 possint
1671 1728 1758 1752 cum

686 1765 838 1812 angelis
854 1766 896 1799 in
917 1765 1154 1800 Christianis·
1170 1764 1295 1801 caelis.

263 1838 475 1895 Sequitur
501 1853 619 1881 nunc
646 1839 807 1880 horum
834 1839 1101 1894 explicatio.

345 1913 478 1958 333.
512 1902 579 1957 (i.)
617 1902 746 1953 Quod
762 1903 855 1944 nisi
876 1916 972 1944 cum
993 1916 1081 1944 una
1098 1917 1235 1943 uxore
1256 1916 1338 1943 non
1360 1902 1471 1944 dari
1487 1909 1618 1956 queat
1636 1917 1762 1944 amor

261 1981 365 2008 vere
386 1966 664 2022 conjugialis‚
692 1971 1000 2020 consequenter
1028 1979 1102 2006 nec
1130 1980 1233 2007 vere
1261 1965 1522 2021 conjugz'alis
1548 1966 1758 2014 amicitia,

262 2029 535 2084 confidentia,
563 2029 763 2082 potentia
774 2043 795 2077 ,·
835 2035 878 2070 et
915 2028 1023 2070 talis
1053 2029 1262 2070 mentium
1298 2029 1550 2085 conjunc‘ZiO,
1584 2035 1633 2070 ut
1671 2030 1763 2070 sint

264 2106 352 2134 una
381 2091 693 2143 cara—Quod
726 2105 854 2133 amor
885 2106 990 2134 vere
1022 2092 1291 2146 conjugialis
1322 2092 1460 2133 hodie
1491 2098 1585 2133 tam
1635 2106 1761 2133 rarus

264 2157 324 2198 sit
346 2162 396 2198 ut
419 2157 724 2197 communiter
738 2156 797 2197 sit
819 2157 1020 2209 ignotus,
1041 2168 1176 2210 supra
1198 2156 1442 2209 aliquoties
1464 2156 1760 2208 indigitatum

265 2225 364 2271 est;
402 2220 523 2274 quod
555 2226 712 2261 tamen
739 2218 980 2261 a&ualiter
1011 2219 1160 2268 detur,
1189 2220 1234 2260 in
1266 2233 1348 2260 suo
1381 2219 1547 2273 capite,
1576 2225 1623 2259 et
1655 2224 1760 2272 post

264 2283 377 2324 illud
406 2297 485 2337 per
509 2284 633 2324 vices
665 2283 709 2324 in
741 2283 1055 2337 sequentibus,
1084 2283 1452 2323 demonstratum
1480 2280 1647 2323 faetum
1675 2288 1760 2322 est.

265 2346 453 2400 Alioqui
484 2347 582 2400 quis
614 2360 706 2387 non
739 2347 840 2395 scit,
869 2346 989 2400 quod
1022 2346 1155 2387 detur
1186 2346 1292 2386 talis
1323 2359 1465 2394 amor,
1495 2345 1568 2398 qui
1601 2357 1760 2385 omnes

263 2409 379 2451 alios
406 2423 584 2450 amores
610 2409 891 2451 excellentia
913 2416 959 2450 et
982 2409 1267 2450 amoenitate
1291 2408 1624 2462 superscandit,
1644 2408 1761 2448 adeo

266 2479 315 2514 ut
341 2486 501 2514 omnes
527 2486 706 2513 amores
732 2471 940 2527 respee'tu
977 2472 1071 2526 ejus
1108 2473 1199 2513 sint
1226 2471 1376 2526 parvi?
1413 2471 1534 2526 quod
1561 2470 1759 2512 excedat

265 2549 468 2577 amorem
496 2536 577 2584 sui,
601 2549 803 2577 amorem
831 2535 1006 2584 mundi,
1030 2536 1170 2577 immo
1193 2548 1394 2576 amorem
1418 2535 1555 2583 vitae,
1580 2534 1760 2587 experi-

265 2601 416 2641 entiae
457 2605 702 2640 testantur.
764 2599 1029 2640 Fueruntne
1065 2605 1112 2640 et
1152 2605 1333 2646 suntne,
1363 2599 1437 2651 qui
1478 2611 1558 2651 pro
1594 2590 1760 2637 semina

266 2669 428 2717 optata
453 2669 501 2704 et
527 2668 691 2715 rogata
713 2662 757 2703 in
784 2675 1015 2715 sponsam,
1043 2675 1092 2703 se
1118 2667 1411 2715 prosternunt
1436 2674 1570 2714 super
1595 2672 1759 2712 genua,

266 2726 392 2768 illam
415 2726 542 2780 quasi
568 2726 701 2766 deam
727 2725 936 2774 adorant,
961 2731 1008 2766 et
1035 2725 1152 2766 sicut
1174 2724 1379 2765 vilissimi
1402 2724 1518 2764 servi
1545 2721 1760 2775 benepla-

266 2789 371 2831 citis
392 2788 487 2842 ejus
514 2803 562 2830 se
588 2788 896 2829 submittunt?
929 2788 1141 2829 indicium
1165 2787 1286 2841 quod
1314 2786 1390 2827 ille
1413 2799 1540 2826 arnor
1561 2784 1760 2826 excedat

266 2865 470 2894 amorem
491 2851 572 2892 sui.
635 2851 899 2893 Fueruntne
925 2857 971 2892 et
999 2857 1181 2899 suntne,
1206 2851 1279 2903 qui
1306 2863 1386 2903 pro
1411 2849 1577 2889 semina
1599 2852 1761 2900 optata

267 2921 316 2956 et
347 2921 511 2968 rogata
541 2915 586 2955 in
617 2927 848 2967 sponsam,
877 2913 1004 2955 nihili
1037 2913 1243 2966 pendunt
1275 2925 1400 2965 opes,
1434 2912 1573 2951 immo
1604 2922 1758 2962 gazas,

269 2977 306 3019 si
343 2978 644 3032 possiderent,
673 2983 720 3019 et
761 2991 940 3031 quoque
971 2978 1045 3031 qui
1086 2976 1334 3030 prodigunt
1367 2973 1501 3015 illas?
1545 2972 1758 3013 indicium
