2014 3386
529 319 597 352 DE
629 317 809 351 AMORE
840 291 1267 359 CONJUGIAL1.-—N.
1297 306 1361 359 56.
1642 316 1691 359 53

272 432 423 474 Dixit,
427 431 541 468 ‘Non
563 442 649 467 sum
671 431 790 471 solus,
810 440 911 466 uxor
928 440 1084 465 mecum
1103 435 1175 470 est,
1194 434 1235 464 et
1260 438 1334 463 nos
1354 438 1490 463 sumus
1511 427 1603 467 duo,
1623 427 1691 463 sed

201 497 324 533 usque
342 497 421 522 non
440 486 532 526 duo,
551 485 621 520 sed
639 495 719 519 una
737 483 852 519 caro.¹

270 540 327 575 At
352 538 472 579 dixi,¹
477 537 591 573 ‘Scio
616 537 725 584 quod
751 536 907 582 sapiens
934 535 1010 577 sis:
1036 541 1076 571 et
1101 534 1197 581 quid
1225 533 1383 580 sapiens
1408 544 1477 569 seu
1503 532 1697 579 sapientia

200 602 291 628 cum
318 590 518 627 femina?”

270 644 335 680 Ad
361 644 460 679 haec
481 643 626 689 hospes
643 653 692 678 ex
709 642 880 689 quadam
901 640 1177 687 indignatione
1195 640 1423 675 mutabatur
1439 638 1549 679 facie,
1568 645 1609 674 et
1630 649 1696 674 ex-

199 697 424 743 porrigebat
438 707 610 736 manum,
625 702 666 731 et
682 706 774 731 ecce
787 702 884 730 tunc
898 705 946 730 ex
963 693 1153 729 aediculis
1167 692 1401 739 propinquis
1414 692 1479 727 alii
1495 692 1696 737 sapientes

198 751 374 790 aderant,
392 749 536 796 quibus
560 748 734 795 jocando
760 747 872 788 dixit,
891 752 912 766 ‘⁴
928 746 1076 782 Noster
1101 747 1256 782 advena
1280 746 1345 781 hic
1370 745 1611 781 sciscitando
1638 744 1696 779 in-

200 802 312 849 quiit,
331 807 340 821 ⁴
353 801 459 849 Quid
477 802 636 848 sapiens
653 812 721 837 seu
739 800 934 846 sapientia
950 811 1040 836 curn
1059 798 1207 835 femina
1218 798 1245 834 ?’
1259 799 1280 812 ''

271 855 337 891 Ad
355 855 453 891 haec
467 854 638 890 riserunt
651 865 801 894 omnes,
817 860 858 889 et
875 853 1071 894 dixerunt,
1088 857 1108 871 ¹⁴
1119 851 1226 899 Quid
1241 851 1398 897 sapiens
1415 862 1485 887 seu
1503 850 1698 896 sapientia

199 908 347 954 absque
367 907 525 949 femina,
543 918 612 943 seu
633 908 782 953 absque
799 905 961 942 amore?
1008 905 1121 942 Uxor
1139 911 1200 941 est
1221 915 1333 941 amor
1350 904 1567 950 sapientiae
1592 903 1697 950 sapi-

199 960 338 997 entis.''

271 1012 350 1049 Sed
364 1013 510 1059 hospes
524 1012 636 1053 dixit,
650 1017 671 1031 “
683 1011 971 1048 Consociemur
983 1022 1092 1047 nunc
1108 1010 1242 1057 aliquo
1256 1021 1439 1046 sermone
1458 1009 1698 1056 sapientiae:

199 1066 250 1102 sit
268 1077 398 1101 sermo
412 1066 462 1101 de
479 1065 619 1106 causis,
633 1072 675 1101 et
693 1076 800 1100 nunc
813 1065 863 1100 de
879 1075 999 1100 causa
1015 1064 1324 1110 pulchritudinis
1343 1074 1460 1099 sexus
1476 1062 1697 1098 feminini.’'

273 1119 323 1154 Et
336 1125 433 1154 tunc
452 1119 491 1154 in
505 1118 646 1154 ordine
663 1118 787 1154 locuti
805 1124 918 1154 sunt:
943 1124 984 1153 et
998 1117 1100 1153 dixit
1118 1117 1267 1163 primus
1286 1117 1389 1152 hanc
1402 1127 1572 1157 causam,
1587 1116 1694 1162 quod

199 1171 369 1208 feminae
395 1182 419 1207 a
447 1171 622 1207 Domino
649 1178 804 1207 creatae
830 1171 911 1206 sint
935 1169 1168 1206 affectiones
1195 1170 1413 1216 sapientiae
1441 1169 1629 1210 virorum,
1655 1176 1697 1204 et

198 1223 358 1260 affec‘tio
375 1224 593 1270 sapientiae
611 1231 671 1260 est
690 1224 776 1270 ipsa
792 1223 1061 1270 pulchritudo.

271 1277 387 1313 Alter
413 1277 516 1312 dixit
543 1277 646 1313 hanc
669 1288 839 1317 causam,
858 1277 966 1323 quod
992 1276 1141 1312 femina
1161 1286 1185 1311 a
1206 1275 1383 1311 Domino
1404 1281 1536 1311 creata
1555 1274 1607 1310 sit
1627 1285 1697 1321 per

199 1329 434 1376 sapientiam
451 1330 537 1371 viri,
555 1331 649 1376 quia
665 1341 690 1366 a
708 1330 804 1370 viro,
819 1336 860 1365 et
878 1330 986 1376 quod
1009 1329 1101 1364 inde
1119 1329 1171 1365 sit
1192 1328 1320 1364 forma
1337 1328 1555 1374 sapientiae
1574 1328 1696 1374 inspi-

199 1390 286 1418 rata
300 1381 512 1418 affectione
525 1383 687 1425 amoris;
697 1389 738 1418 et
751 1383 844 1429 quia
856 1382 1016 1418 affectio
1029 1382 1176 1418 amoris
1189 1389 1251 1417 est
1270 1382 1355 1428 ipsa
1366 1382 1460 1423 vita,
1474 1388 1535 1417 est
1549 1381 1698 1417 femina

197 1435 281 1471 vita
298 1435 525 1481 sapientiae,
544 1436 741 1471 masculus
758 1442 892 1471 autem
911 1435 1116 1482 sapientia,
1131 1446 1177 1471 ac
1194 1435 1277 1471 vita
1295 1435 1514 1481 sapientiae
1531 1441 1591 1471 est
1611 1435 1696 1480 ipsa

199 1488 466 1534 pulchritudo.

270 1541 428 1577 Tertius
445 1541 546 1576 dixit
563 1539 666 1577 hanc
683 1551 851 1581 causam,
865 1541 973 1587 quod
992 1540 1151 1577 feminis
1169 1541 1220 1576 sit
1234 1541 1327 1576 data
1343 1540 1545 1587 perceptio
1560 1540 1696 1576 delici-

197 1604 309 1629 arum
326 1594 473 1630 amoris
490 1594 724 1641 conjugialis
739 1606 747 1636 ;
773 1601 814 1629 et
830 1594 924 1640 quia
939 1600 1070 1629 totum
1090 1594 1242 1629 illarum
1261 1605 1405 1639 corpus
1424 1600 1484 1629 est
1502 1604 1694 1640 organum

198 1647 303 1682 illius
329 1647 607 1693 perceptionis,
627 1657 707 1682 non
734 1654 866 1692 potest
892 1647 1006 1682 aliter
1025 1658 1145 1693 quam
1172 1653 1217 1682 ut
1242 1647 1438 1682 habitatio
1464 1646 1694 1683 deliciarum

197 1699 343 1735 amoris
359 1700 595 1746 conjugialis
612 1711 703 1735 cum
722 1711 794 1735 sua
812 1700 1067 1745 perceptione
1085 1699 1137 1735 sit
1156 1700 1423 1746 pulchritudo.

269 1751 444 1799 Quartus
462 1753 563 1788 dixit
581 1753 683 1788 hanc
700 1763 870 1793 causam,
889 1753 997 1798 quod
1021 1752 1218 1788 Dominus
1238 1752 1504 1798 desumpserit
1521 1753 1695 1799 pulchri-

197 1806 379 1841 tudinem
398 1812 440 1841 et
458 1806 698 1852 elegantiam
716 1806 822 1841 vitae
841 1816 864 1840 a
880 1805 978 1846 viro,
998 1812 1038 1841 et
1059 1806 1351 1852 transcripserit
1373 1806 1412 1840 in
1434 1805 1634 1846 feminam,
1653 1813 1694 1841 et

198 1858 306 1904 quod
326 1858 419 1894 inde
435 1858 497 1894 vir
512 1859 661 1905 absque
678 1858 903 1894 reunitione
922 1869 1012 1894 cum
1030 1870 1102 1894 sua
1122 1859 1418 1905 pulchritudine
1437 1865 1478 1895 et
1498 1859 1695 1906 elegantia

198 1910 238 1946 in
257 1910 414 1951 femina,
433 1911 485 1946 sit
502 1918 651 1952 torvus,
670 1911 1012 1953 austerus-siccus
1034 1919 1074 1947 et
1096 1912 1328 1952 inamabilis,
1347 1918 1388 1948 et
1409 1912 1474 1947 ille
1493 1923 1573 1947 non
1591 1913 1694 1958 sapi-

197 1974 268 1999 ens
284 1970 345 1999 est
362 1963 438 1999 nisi
460 1964 534 1999 sibi
555 1963 640 2005 soli,
660 1971 700 1999 et
722 1964 787 2000 hic
807 1971 867 2000 est
888 1964 1078 2006 stolidus;
1104 1971 1145 2000 at
1162 1975 1252 2000 eum
1273 1965 1335 2000 vir
1354 1965 1491 2000 unitur
1509 1976 1601 2000 cum
1624 1976 1694 2000 sua

198 2016 493 2062 pulchritudine
520 2023 560 2052 et
590 2018 787 2064 elegantia
810 2017 916 2053 vitae
947 2017 987 2052 in
1018 2029 1152 2059 uxore,
1180 2018 1226 2053 fit
1250 2018 1463 2064 jucundus,
1489 2029 1692 2059 amoenuS,

196 2069 311 2105 vivus
328 2076 369 2105 et
385 2070 575 2111 amabilis,
594 2076 635 2105 et
653 2070 708 2106 sic
726 2070 892 2116 sapiens.

268 2121 442 2169 Quintus
455 2123 564 2158 'dixit
590 2123 692 2159 hanc
713 2134 882 2164 causam,
904 2123 1013 2170 quod
1039 2122 1209 2159 feminae
1234 2130 1389 2159 creatae
1415 2123 1494 2159 sint
1519 2123 1693 2170 pulchri·

197 2175 356 2210 tudines
371 2186 450 2211 non
466 2182 630 2222 propter
642 2187 684 2211 se
698 2176 767 2211 sed
782 2182 947 2222 propter
958 2176 1075 2217 viros,
1090 2183 1135 2212 ut
1144 2176 1218 2212 viri
1233 2188 1282 2212 ex
1293 2188 1334 2212 se
1347 2177 1434 2212 duri
1447 2178 1691 2218 mollescant,

196 2227 318 2263 animi
337 2228 493 2263 illorum
512 2239 560 2264 ex
578 2240 619 2264 se
638 2239 778 2275 graves
796 2229 1018 2270 mitescant,
1037 2236 1078 2265 et
1095 2230 1216 2265 corda
1234 2230 1392 2265 illorum
1411 2241 1459 2266 ex
1480 2241 1522 2266 se
1548 2230 1692 2277 frigida

196 2280 414 2322 calescant;
439 2287 481 2316 et
498 2282 598 2317 tales
616 2281 727 2322 fiunt,
746 2292 837 2316 cum
859 2282 960 2317 fiunt
978 2293 1059 2318 una
1078 2293 1171 2318 caro
1189 2294 1278 2318 cum
1297 2283 1378 2318 suis
1396 2283 1596 2319 uxoribus.

268 2332 411 2369 Sextus
425 2333 526 2369 dixit
539 2334 642 2370 hanc
658 2345 827 2375 causam,
842 2335 949 2381 quod
968 2335 1197 2371 universum
1217 2346 1240 2371 a
1259 2336 1432 2371 Domino
1445 2342 1621 2372 creatum
1639 2336 1691 2371 sit

197 2385 527 2431 perfectissimum
549 2398 671 2432 opus:
704 2394 746 2423 at
772 2387 811 2423 in
838 2388 906 2423 illo
929 2388 1028 2423 nihil
1050 2387 1263 2434 perfectius
1283 2396 1459 2424 creatum
1481 2395 1552 2429 est,
1570 2400 1688 2436 quam

196 2437 344 2474 femina
360 2438 535 2475 formosa
553 2439 651 2476 facie
669 2446 710 2475 et
727 2441 872 2476 decora
892 2441 1079 2482 moribus,
1099 2448 1262 2487 propter
1281 2453 1439 2477 causam
1461 2448 1506 2477 ut
1526 2442 1587 2477 vir
1602 2453 1690 2489 gra-

194 2491 270 2526 tias
283 2498 374 2538 agat
389 2492 564 2528 Domino
578 2499 740 2538 propter
754 2493 860 2528 illam
875 2494 1198 2535 munificentiam,
1211 2502 1251 2530 et
1265 2495 1459 2531 retribuat
1472 2506 1543 2542 per
1556 2506 1690 2541 recep·

195 2543 346 2579 tionem
365 2545 582 2590 sapientiae
599 2546 648 2580 ab
668 2545 772 2592 Ipso.

268 2596 485 2643 Postquam
512 2598 611 2634 haec
635 2605 675 2634 et
701 2599 814 2644 plura
834 2599 978 2635 similia
998 2598 1106 2636 dic‘ka
1125 2606 1229 2641 sunt,
1250 2601 1435 2646 apparuit
1459 2612 1560 2636 uxor
1578 2607 1688 2636 trans

196 2649 384 2693 parietem
403 2651 684 2697 crystallinum,
703 2658 743 2687 et
761 2652 862 2687 dixit
879 2653 929 2687 ad
949 2653 1145 2694 maritum,
1161 2658 1181 2672 ¹·
1196 2653 1384 2714 Loquere,
1404 2654 1435 2689 si
1455 2654 1583 2699 placet
1596 2654 1628 2694 ς’·
1647 2661 1687 2688 et

195 2710 285 2734 cum
307 2701 463 2738 locutus
480 2710 550 2743 est,
571 2703 610 2738 in
632 2714 818 2740 sermone
840 2705 1130 2751 percipiebatur
1146 2706 1228 2742 vita
1248 2706 1466 2752 sapientiae
1487 2708 1535 2742 ab
1553 2717 1686 2746 uxore,

196 2762 296 2788 sono
313 2753 418 2788 enim
441 2755 620 2801 loquelae
643 2757 768 2792 inerat
787 2768 900 2793 amor
916 2758 1026 2804 ejus;
1052 2758 1108 2794 ita
1128 2759 1373 2806 experientia
1392 2759 1606 2795 testificata
1626 2766 1687 2794 est

197 2804 303 2839 illam
321 2806 541 2844 veritatem.

268 2856 367 2892 Post
384 2858 480 2894 haec
498 2859 753 2897 lustravimus
766 2863 961 2908 ternplum
976 2863 1204 2909 sapientiae.
1219 2870 1260 2900 et
1272 2875 1430 2910 quoque
1446 2863 1686 2909 paradisiaca

196 2908 342 2944 circum
362 2910 469 2951 illud,
484 2922 532 2947 ex
545 2913 689 2958 quibus
707 2914 859 2974 impleti
877 2916 1032 2962 gaudiis
1045 2917 1252 2956 abivimus.
1268 2924 1309 2952 et
1326 2917 1579 2953 transivimus
1594 2927 1685 2987 por·

195 2961 320 2996 ticum
339 2962 388 2997 ad
407 2970 573 3008 portam,
590 2972 631 3001 et
649 2977 719 3012 per
736 2967 839 3003 viam
858 2978 1046 3004 ascensus
1065 2969 1355 3006 descendimus.
