2014 3386
322 347 406 389 402
762 346 1089 380 VOLUPTATES
1120 347 1366 382 INSANIAE

405 466 530 512 525.
565 457 649 513 (ii.)
686 458 816 511 Quod
834 459 1126 513 transcrz’ptio
1151 458 1254 501 boni
1274 459 1403 501 unius
1433 461 1479 501 in
1509 459 1702 504 alterum
1730 460 1814 504 im·
1860 455 1864 458 ’

316 521 550 574 possibilis
575 522 857 575 sit.—Hujus
895 523 1129 564 evidentia
1165 536 1344 577 quoque
1380 523 1521 565 videri
1557 530 1716 578 potest
1754 539 1815 568 ex

320 585 391 625 his
422 585 467 626 in
499 585 657 626 ordine
675 584 828 639 :—(1.)
864 585 1000 639 Quod
1026 586 1330 640 unusquisque
1361 586 1500 628 homo
1526 593 1753 630 nascatur·
1769 589 1816 630 in

322 647 459 689 malo.
523 647 603 702 (2.)
639 647 774 702 Quod
796 649 840 689 in
863 649 1032 690 bonum
1055 649 1296 690 inducatur
1318 663 1397 703 per
1418 651 1816 703 regenerationem

320 724 348 751 a
374 710 588 752 Domino.
652 710 733 765 (3.)
768 711 904 765 Quod
936 711 985 753 fit
1018 726 1098 766 per
1128 712 1270 753 vitam
1296 713 1545 755 secundum
1571 721 1817 768 praecepta

322 773 482 826 Ipsius.
546 772 627 828 (4.)
662 774 814 828 Quare
837 775 1020 823 bonum,
1045 787 1147 816 cum
1169 776 1234 816 ita
1255 775 1568 829 implantatur,
1591 790 1683 818 non
1710 784 1816 831 pot-

321 843 393 878 est
425 838 681 879 transcribi.
739 838 963 887 Primum,
993 837 1129 891 Quod
1157 840 1462 893 unusquisque
1487 840 1627 881 homo
1653 854 1815 882 nasca-

321 906 395 941 tur
430 901 476 941 in
516 901 653 950 malo,
686 901 731 942 in
771 901 967 942 ecclesia
1007 908 1167 943 notum
1199 908 1284 943 est.
1347 902 1526 944 Dicitur
1564 904 1686 958 quod
1725 904 1813 946 hoc

321 963 491 1004 malum
518 965 577 1005 sit
602 964 880 1006 hereditario
911 979 971 1005 ex
998 964 1198 1014 Adamo,
1224 965 1304 1006 sed
1327 971 1398 1007 est
1430 980 1490 1007 ex
1522 968 1814 1020 parentibus;

320 1026 379 1067 ab
409 1026 479 1067 his
510 1027 636 1068 ducit
668 1028 857 1082 quisque
887 1028 1105 1077 indolem,
1138 1043 1253 1082 quae
1285 1036 1357 1070 est
1389 1029 1651 1082 inclinatio;
1693 1032 1814 1086 quod

243 1105 247 1108 ⁴
321 1089 387 1129 ita
407 1090 477 1139 sit,
501 1090 618 1131 ratio
639 1097 685 1132 et
708 1091 995 1144 experientia
1016 1092 1318 1143 convincunt;
1351 1092 1672 1135 similitudines
1694 1095 1814 1136 enim

321 1158 562 1205 parentum
588 1153 737 1207 quoad
762 1154 914 1203 facies,
942 1154 1102 1207 genios
1129 1161 1176 1196 et
1202 1168 1352 1196 mores
1382 1155 1426 1196 in
1453 1157 1674 1210 proximis
1700 1157 1815 1200 libe·

321 1216 379 1256 ris
405 1221 452 1256 et
479 1216 523 1256 in
546 1217 741 1270 posteris
767 1231 827 1258 ex
852 1210 935 1266 his,
960 1223 1176 1268 exstant;
1208 1218 1314 1259 inde
1340 1232 1366 1259 a
1392 1218 1544 1260 multis
1567 1227 1817 1263 noscuntur

321 1278 532 1328 familiae,
566 1285 613 1320 et
653 1293 831 1334 quoque
859 1279 1089 1333 judicatur
1128 1281 1186 1322 de
1226 1280 1407 1322 illorum
1439 1282 1632 1335 animis;
1677 1297 1815 1338 quare

322 1341 457 1391 mala,
480 1356 594 1396 quae
617 1343 700 1396 ipsi
724 1350 936 1397 parentes
959 1350 1314 1394 contraxerunt,
1334 1351 1382 1386 et
1407 1359 1488 1400 per
1508 1347 1744 1389 traducem
1769 1347 1815 1389 in

322 1405 472 1458 proles
490 1406 756 1456 intulerunt,
773 1413 878 1448 sunt
896 1407 939 1448 in
960 1408 1118 1461 quibus
1136 1407 1344 1449 homines
1363 1415 1623 1451 nascuntur.
1679 1409 1816 1464 Quod

321 1468 548 1518 credatur,
582 1469 704 1523 quod
735 1476 887 1511 reatus
918 1470 1089 1511 Adami
1119 1471 1362 1524 inscriptus
1399 1472 1457 1513 sit
1499 1473 1623 1514 omni
1659 1476 1816 1527 generi

323 1532 537 1582 humano,
570 1538 640 1574 est
679 1533 783 1587 quia
819 1533 951 1586 pauci
992 1547 1126 1587 super
1157 1533 1341 1587 aliquod
1373 1535 1543 1576 malum
1575 1535 1815 1580 reflectunt

321 1595 441 1648 apud
467 1609 530 1644 se,
557 1601 605 1637 et
630 1596 736 1637 inde
762 1596 911 1637 sciunt
937 1595 1009 1647 id;
1042 1610 1179 1650 quare
1204 1597 1459 1650 opinantur,
1488 1599 1610 1651 quod
1636 1600 1694 1640 sit
1719 1606 1815 1642 tam

321 1658 416 1700 alte
438 1659 737 1711 reconditum,
762 1665 811 1701 ut
838 1672 929 1700 non
951 1665 1172 1713 appareat
1195 1660 1278 1700 nisi
1304 1673 1456 1701 coram
1481 1661 1594 1702 Deo.
1656 1661 1816 1704 Secun—

321 1721 440 1771 dum,
469 1721 605 1775 Quod
630 1722 769 1763 homo
794 1723 840 1764 in
865 1722 1035 1763 bonum
1058 1722 1298 1764 inducatur
1319 1737 1398 1777 per
1419 1725 1815 1777 regenerationem

323 1799 350 1826 a
382 1785 594 1826 Domino.
655 1784 788 1838 Quod
827 1786 886 1827 sit
917 1786 1221 1838 regeneratio,
1255 1791 1302 1827 et
1336 1786 1457 1839 quod
1495 1787 1579 1827 nisi
1615 1788 1714 1841 quis
1744 1800 1815 1830 re·-

323 1854 582 1902 generatur,
616 1861 707 1889 non
739 1849 884 1902 possit
925 1848 1102 1901 ingredi
1142 1849 1187 1890 in
1230 1849 1421 1898 caelum,
1455 1856 1585 1903 patet
1627 1850 1749 1892 clare
1789 1865 1817 1892 a

324 1911 509 1952 Domini
531 1911 679 1951 verbis
704 1909 844 1964 (apud
866 1910 1034 1959 Johan.
1057 1911 1115 1952 iii.
1135 1922 1173 1964 3,
1197 1910 1239 1965 5)
1258 1925 1268 1963 ;
1301 1911 1422 1965 quod
1445 1913 1735 1965 regeneratio
1756 1914 1816 1956 sit

321 1973 575 2027 purificatio
606 1987 632 2015 a
663 1974 809 2023 malis,
837 1980 885 2016 et
917 1975 980 2015 sic
1012 1975 1252 2015 renovatio
1284 1975 1423 2024 vitae,
1458 1988 1548 2015 non
1581 1981 1739 2029 potest
1769 1977 1816 2018 in

324 2037 585 2080 Christiano
615 2037 724 2078 orbe
757 2037 915 2087 latere,
949 2050 1055 2078 nam
1087 2038 1205 2079 ratio
1236 2037 1376 2078 etiam
1417 2037 1503 2079 hoc
1541 2039 1668 2080 videt
1708 2039 1816 2081 dum

324 2100 535 2154 agnoscit
562 2100 682 2153 quod
705 2101 1008 2154 unusquisque
1031 2106 1246 2141 nascatur
1270 2100 1314 2141 in
1341 2100 1477 2149 malo,
1502 2107 1548 2142 et
1575 2101 1696 2155 quod
1718 2114 1817 2143 ma-

323 2165 416 2205 lum
443 2177 533 2204 non
556 2164 700 2217 possit
725 2162 846 2204 ablui
872 2170 920 2205 et
945 2164 1149 2216 abstergi
1171 2163 1287 2204 sicut
1310 2163 1467 2204 sordes
1493 2178 1573 2218 per
1594 2178 1814 2219 saponem

324 2233 372 2269 et
403 2240 581 2281 aquam,
609 2227 689 2268 sed
721 2240 800 2280 per
829 2227 1203 2279 resipiscentiam.
1272 2226 1481 2276 Tertium,
1511 2227 1645 2281 Quod
1676 2228 1816 2270 homo

323 2291 563 2332 inducatur
589 2291 634 2331 in
659 2290 828 2331 bonum
854 2303 881 2331 a
906 2290 1106 2330 Domino
1132 2303 1212 2343 per
1236 2289 1380 2330 vitam
1407 2291 1656 2333 secundum
1682 2305 1815 2346 prae—

324 2360 460 2407 cepta
478 2353 638 2406 Ipsius.
698 2353 948 2407 Praecepta
965 2353 1327 2406 regenerationis
1344 2359 1449 2394 sunt
1472 2354 1681 2408 quinque,
1701 2368 1816 2409 quae

323 2417 565 2458 videantur
590 2430 724 2470 supra
752 2415 814 2470 (n.
842 2415 931 2470 82),
959 2416 1079 2457 inter
1105 2429 1219 2469 quae
1245 2422 1351 2457 sunt
1378 2416 1517 2457 haec:
1552 2417 1674 2471 quod
1698 2417 1815 2471 fugi-

325 2480 443 2522 enda
474 2481 564 2521 sint
597 2479 732 2529 mala,
767 2480 870 2534 quia
901 2485 1006 2520 sunt
1037 2478 1208 2520 diaboli
1239 2485 1285 2520 et
1326 2493 1352 2520 a
1385 2479 1583 2529 diabolo,
1617 2486 1663 2522 et
1693 2481 1815 2535 quod

324 2543 531 2585 facienda
557 2543 648 2583 sint
675 2543 797 2584 bona
822 2540 924 2597 quia
950 2547 1055 2583 sunt
1088 2542 1174 2583 Dei
1200 2548 1247 2583 et
1279 2555 1305 2583 a
1337 2542 1451 2591 Deo,
1480 2549 1526 2584 et
1558 2544 1678 2595 quod
1705 2543 1814 2585 ade-

325 2607 472 2648 undus
503 2607 562 2647 sit
604 2606 841 2655 Dominus,
875 2611 924 2647 ut
955 2605 1155 2646 adducat
1186 2604 1290 2646 illos
1321 2606 1378 2646 ad
1419 2606 1676 2647 faciendum
1707 2606 1814 2658 i11a;

327 2669 538 2711 consulat
574 2670 761 2723 quisque
803 2683 864 2718 se,
899 2675 946 2710 et
991 2668 1242 2722 expendat,
1277 2681 1383 2709 num
1421 2669 1603 2710 aliunde
1642 2669 1815 2711 homini

326 2734 523 2783 bonum;
565 2738 612 2773 et
653 2733 689 2772 si
730 2745 821 2773 non
852 2732 1036 2779 bonurn,
1070 2744 1161 2772 non
1202 2731 1243 2772 ei
1280 2737 1349 2772 est
1380 2732 1514 2773 salus.
1579 2731 1812 2783 Quartum,

327 2796 463 2849 Quod
489 2796 672 2843 bonum,
700 2807 803 2836 cum
834 2794 900 2836 ita
924 2794 1238 2848 implantatur,
1267 2807 1359 2835 non
1386 2795 1531 2848 possit
1558 2795 1813 2837 transcribi.

327 2859 409 2900 Per
434 2858 834 2911 transcriptionem
861 2857 1135 2910 intelligitur
1160 2858 1451 2911 transcriptio
1477 2858 1584 2898 boni
1610 2858 1738 2899 unius
1768 2858 1814 2899 in

325 2921 534 2962 alterum.
596 2920 671 2962 Ex
698 2919 966 2974 supradictis
992 2921 1299 2974 consequitur,
1327 2921 1447 2974 quod
1473 2920 1612 2962 homo
1638 2933 1718 2974 per
1741 2933 1814 2962 re-

324 2985 672 3038 generationem
698 2985 939 3025 innovetur
964 2997 1146 3038 prorsus
1178 2983 1328 3037 quoad
1360 2984 1582 3038 spiritum,
1610 2989 1658 3026 et
1690 2983 1811 3038 quod

2003 2257 2014 2287 1
