2014 3386
314 336 394 382 154
776 339 1019 372 DELICIAE
1050 339 1356 374 SAPIENTIAE

993 529 1116 587 [1x.]

306 666 383 720 DE
415 666 732 709 MUTATIONE
773 665 970 709 STATUS
1001 667 1173 708 VrrAE
1204 676 1339 709 APUD
1370 667 1535 710 VIROS
1574 676 1638 710 ET
1670 676 1805 712 APUD

695 730 938 773 =FEM1NAs
969 740 1064 772 PER
1097 730 1410 783 CONJUGIUM.

388 861 518 915 184·
560 859 681 913 Quid
707 874 787 914 per
808 865 958 901 status
979 859 1118 909 vitae,
1142 866 1189 901 et
1215 874 1295 914 per
1317 861 1596 902 mutationes
1622 860 1802 903 illorum

304 923 590 976 intelligitur,
619 924 908 964 notissimum
934 930 1006 965 est
1038 924 1227 965 eruditis
1253 930 1301 966 et
1332 925 1629 978 sapientibus,
1657 931 1706 966 at
1732 925 1801 978 ig-

303 993 464 1028 notum
491 988 727 1028 ineruditis
754 994 800 1028 et
823 987 1128 1041 simplicibus;
1161 1001 1299 1042 quare
1321 987 1489 1042 aliquid
1511 988 1568 1030 de
1593 1002 1649 1030 eo
1671 1002 1802 1042 prae-

302 1051 487 1092 fandum
521 1057 607 1092 est.
668 1050 825 1092 Status
862 1052 985 1092 vitae
1017 1051 1213 1092 hominis
1253 1058 1324 1093 est
1356 1051 1551 1106 qualitas
1591 1050 1712 1105 eju‘s;
1753 1059 1801 1094 et

302 1115 405 1168 quia
445 1114 561 1155 duae
601 1114 863 1164 facultates,
891 1128 1006 1168 quae
1046 1115 1218 1156 faciunt
1258 1115 1415 1164 vitam,
1449 1104 1589 1156 cuivis
1628 1115 1800 1157 homini

301 1178 471 1226 insunt,
500 1191 616 1231 quae
652 1183 877 1219 vocantur
907 1177 1171 1220 intellectus
1203 1184 1251 1219 et
1282 1178 1514 1227 voluntas,
1547 1184 1619 1220 est
1651 1185 1802 1220 status

300 1241 423 1282 vitae
448 1241 645 1281 hominis
671 1241 869 1295 qualitas
895 1241 989 1294 ejus
1015 1242 1166 1296 quoad
1197 1240 1483 1283 intellectum
1510 1247 1557 1283 et
1584 1241 1806 1283 volunta·-

300 1311 422 1346 tem:
455 1305 560 1345 inde
587 1311 731 1359 patet,
760 1305 882 1359 quod
905 1319 985 1358 per
1006 1305 1285 1346 mutationes
1312 1311 1462 1346 status
1484 1305 1606 1346 vitae
1628 1304 1806 1347 intelli-

299 1374 468 1421 gantur
499 1369 779 1409 mutationes
811 1368 1047 1422 qualitatis
1079 1369 1229 1423 quoad
1270 1368 1348 1409 illa
1388 1382 1503 1422 quae
1539 1366 1801 1421 intellectus

299 1438 405 1473 sunt
436 1438 483 1473 et
514 1432 665 1486 quoad
703 1432 782 1473 illa
812 1446 927 1486 quae
968 1431 1235 1481 voluntatis.
1296 1430 1432 1485 Quod
1474 1432 1620 1473 omnis
1659 1431 1803 1473 homo

302 1496 449 1550 quoad
493 1496 572 1537 illa
616 1497 707 1538 duo
752 1502 953 1538 mutetur
997 1497 1227 1545 continue,
1271 1496 1351 1537 sed
1397 1509 1498 1537 cum
1540 1496 1798 1537 discrimine

297 1561 574 1601 varietatum
615 1567 723 1601 ante
764 1559 1039 1613 conjugium,
1079 1566 1127 1601 et
1167 1565 1273 1614 post
1314 1558 1587 1612 conjugium,
1626 1559 1671 1600 in
1710 1558 1798 1600 hac

296 1622 609 1665 transactione
649 1623 963 1665 demonstrare
1009 1624 1252 1678 suscipitur
1267 1637 1278 1675 3
1330 1623 1454 1678 quod
1494 1622 1572 1664 fiet
1617 1622 1663 1664 in
1707 1621 1796 1664 hoc

297 1687 456 1729 ordine
474 1700 545 1728 :—

535 1763 590 1809 (i.)
628 1764 743 1810 Quod
753 1767 879 1799 status
894 1764 1000 1798 vitae
1016 1763 1182 1798 hominis
1207 1762 1255 1797 ab
1272 1763 1450 1809 infantia
1468 1773 1584 1807 usque
1608 1761 1665 1796 ad
1673 1761 1797 1806 finem

720 1813 836 1852 vitae,
854 1815 891 1846 et
901 1814 1031 1857 postea
1050 1812 1092 1845 in
1110 1814 1319 1850 aeternum,
1337 1811 1515 1844 continue
1527 1812 1710 1844 mutetur.

520 1857 590 1902 (ii.)
630 1859 743 1904 Quod
748 1858 932 1893 similiter
933 1859 1073 1904 forma
1085 1860 1244 1892 interna
1268 1868 1366 1902 quae
1382 1861 1436 1891 est
1446 1858 1614 1901 spiritus
1628 1857 1721 1902 ejus.

501 1905 587 1951 (iii.)
624 1906 739 1951 Quod
746 1906 819 1940 hae
832 1907 1062 1940 mutationes
1072 1905 1175 1939 aliae
1186 1906 1269 1939 sint
1280 1904 1391 1949 apud
1399 1905 1513 1943 viros,
1528 1907 1565 1937 et
1575 1903 1681 1937 aliae
1689 1902 1802 1948 apud

706 1953 898 1999 seminas,
925 1954 1107 1997 quoniam
1136 1953 1225 1986 viri
1249 1962 1274 1985 a
1307 1952 1499 1986 creatione
1525 1954 1618 1984 sunt
1632 1951 1796 1996 formae

719 2001 913 2039 scientiae,
932 1999 1212 2045 intellzgentzae
1227 2002 1263 2032 et
1278 1999 1504 2042 sapientiae.
1512 1997 1794 2044 feminaesor-

719 2058 804 2081 mae
820 2047 966 2080 amoris
981 2046 1143 2080 illarum
1161 2045 1272 2090 apud
1284 2046 1400 2080 viros.

508 2093 589 2138 (iv.)
628 2093 742 2139 Quod
766 2093 877 2139 apud
904 2094 1010 2128 viros
1039 2094 1093 2127 sit
1125 2093 1286 2127 elevatio
1312 2093 1451 2127 mentis
1483 2092 1526 2126 in
1558 2091 1792 2136 superiorem

717 2140 847 2180 lucem,
865 2144 902 2175 et
920 2140 1024 2185 quod
1036 2139 1148 2185 apud
1147 2139 1328 2186 seminas
1342 2140 1396 2173 sit
1412 2139 1574 2174 elevatio
1591 2139 1730 2172 mentis
1749 2140 1793 2172 in

714 2189 949 2232 superiorem
967 2187 1129 2221 calorem
1140 2200 1157 2227 ,·
1185 2190 1222 2221 et
1245 2186 1350 2231 quod
1357 2187 1518 2234 femina
1538 2186 1682 2220 sentiat
1697 2185 1792 2220 deli-

716 2236 798 2269 cias
813 2236 880 2269 sui
892 2234 1033 2269 caloris
1050 2235 1093 2267 in
1111 2234 1192 2268 luce
1207 2235 1302 2269 viri.

518 2281 585 2327 (v.)
624 2282 737 2327 Quod
748 2285 873 2316 status
889 2282 996 2315 vitae
1012 2281 1091 2315 alii
1103 2282 1183 2315 sint
1198 2282 1301 2315 viris
1316 2283 1352 2315 et
1364 2280 1536 2328 feminis
1552 2282 1643 2314 ante
1657 2279 1791 2326 consu-

706 2330 835 2374 gium,
853 2332 889 2363 et
905 2329 984 2362 alii
993 2331 1080 2374 post
1098 2329 1333 2374 conjugium.

505 2376 586 2422 (vi.)
624 2376 738 2422 Quod
749 2379 875 2410 status
885 2377 990 2410 vitae
1001 2378 1087 2420 post
1099 2376 1322 2421 conjugium
1337 2375 1448 2420 apud
1453 2375 1632 2420 conjuges
1642 2377 1792 2408 muten-

715 2427 784 2457 tur
808 2427 844 2457 et
867 2423 1070 2458 succedant
1085 2423 1289 2457 secundum
1307 2422 1585 2468 conjunctiones
1602 2422 1790 2456 mentium

714 2471 870 2504 illorum
882 2473 957 2516 per
973 2481 1140 2504 amorem
1158 2470 1426 2515 conjugialem.

493 2517 590 2562 (vii.)
627 2518 741 2563 Quod
761 2519 944 2563 conjugia
970 2519 1086 2551 etiam
1106 2517 1295 2551 inducant
1314 2516 1519 2550 animabus
1543 2518 1579 2550 et
1603 2513 1791 2549 mentibus

714 2565 920 2610 conjugum
939 2565 1042 2598 alias
1047 2565 1217 2609 formas.

473 2611 584 2657 (viii.)
622 2612 892 2657 Quodsemt'na
907 2611 1114 2645 actualiter
1115 2611 1320 2656 formetur
1332 2611 1374 2644 in
1389 2620 1546 2644 uxorem
1562 2610 1651 2644 viri
1658 2619 1789 2644 secun-

714 2659 806 2692 dum
824 2659 1112 2703 descriptionem
1131 2658 1173 2691 in
1191 2658 1310 2691 Libro
1330 2658 1556 2692 Creationis.

496 2705 579 2750 (ix.)
618 2705 731 2751 Quod
733 2706 929 2751 formatio
946 2706 1017 2739 illa
1025 2705 1106 2750 fiat
1123 2705 1169 2738 ab
1187 2715 1306 2738 uxore
1318 2704 1438 2738 modis
1451 2704 1619 2742 arcanis,
1634 2706 1670 2737 et
1686 2702 1790 2747 quod

712 2753 780 2787 hoc
804 2753 1052 2798 intelligatur
1068 2753 1145 2797 per
1168 2751 1270 2795 quod
1282 2752 1440 2797 femina
1466 2754 1598 2785 creata
1623 2751 1676 2784 sit
1699 2750 1787 2784 dor-

713 2801 852 2833 miente
868 2801 965 2835 viro.

514 2846 581 2891 (x.)
620 2847 733 2892 Quod
742 2847 940 2892 formatio
965 2846 1036 2880 illa
1070 2845 1117 2879 ab
1151 2856 1270 2879 uxore
1284 2845 1366 2889 fiat
1384 2846 1459 2889 per
1483 2844 1782 2890 conjunl't'ionem

710 2905 802 2928 suae
816 2894 1030 2927 voluntatis
1046 2903 1131 2927 cum
1150 2894 1305 2926 interna
1326 2893 1422 2926 viri.

501 2941 582 2987 (xi.)
621 2942 785 2986 Propter
799 2941 931 2985 finem,
952 2945 995 2974 ut
1025 2941 1226 2984 utriusque
1253 2939 1433 2973 voluntas
1451 2938 1533 2983 fiat
1550 2948 1640 2976 una,
1659 2939 1697 2971 et
1724 2936 1780 2969 sic

711 2988 818 3023 ambo
836 2999 935 3022 unus
951 2987 1069 3022 lzomo.
