2014 3386
535 335 604 368 DE
634 313 814 368 AMORE
845 334 1272 379 CONJUGIAL1.—N.
1306 314 1396 380 1'83.
1639 338 1717 382 153

215 453 379 494 propter
390 447 609 494 genuinum
622 458 749 487 usum,
764 453 920 482 tantum
937 447 977 482 in
993 447 1140 483 amoris
1155 447 1392 494 conjugialis
1406 459 1508 483 vena
1522 455 1563 483 et
1577 455 1717 494 poten-

212 502 271 536 tia
290 501 363 542 sit;
393 507 433 536 et
454 497 647 547 quantum
670 501 710 535 in
732 501 794 536 his
812 501 966 536 duabus
984 508 1056 541 est,
1075 508 1233 536 tantum
1257 502 1295 535 in
1315 502 1468 536 deliciis
1490 502 1563 543 sit:
1591 507 1717 538 5‘usus

213 554 292 590 hoc
311 553 417 594 facit,
439 554 534 600 quia
554 565 668 589 amor
698 565 768 600 per
796 554 1033 600 sapientiam
1056 554 1160 589 inter
1189 566 1232 589 se
1262 555 1510 595 deliciantur,
1533 562 1574 590 et
1604 556 1716 600 quasi

211 607 357 642 ludunt
371 607 474 642 sicut
491 606 684 648 infantes3
710 614 751 642 et
769 614 888 653 prout
901 608 1147 648 adolescunt,
1162 608 1372 654 genialiter
1385 608 1638 654 conjungunt
1655 619 1716 648 se;

211 660 320 705 quod
342 659 388 695 fit
407 659 520 705 quasi
539 671 610 706 per
627 660 971 706 desponsationes,
990 660 1163 706 nuptias,
1182 660 1380 707 conjugia,
1400 667 1441 696 et
1462 661 1716 707 propagatio-

211 723 304 754 nes3
338 719 379 748 et
404 712 503 748 haec
520 713 711 748 continue
728 724 819 748 cum
837 713 1030 749 varietate
1052 713 1092 748 in
1110 720 1339 749 aeternum:
1372 713 1470 749 haec
1489 713 1592 749 fiunt
1611 714 1716 749 inter

210 775 388 801 amorem
403 772 444 801 et
457 766 693 812 sapientiam
713 766 820 802 intus
836 766 874 801 in
890 778 963 802 usu
980 778 988 807 ;
1018 773 1059 802 at
1074 766 1239 802 deliciae
1254 767 1344 802 illae
1359 766 1398 801 in
1414 766 1618 813 principiis
1633 768 1715 802 suis

210 824 304 853 sunt
325 818 670 864 imperceptibiles,
692 819 763 854 sed
785 819 887 854 fiunt
907 819 1186 865 perceptibiles
1208 820 1296 865 plus
1318 826 1359 855 et
1381 820 1479 866 plus,
1499 820 1602 855 sicut
1621 820 1714 855 inde

210 882 281 917 per
292 872 439 918 gradus
451 872 700 907 descendunt
714 879 755 907 et
770 872 919 907 intrant
930 883 1074 918 corpus
1086 884 1094 913 ;
1117 872 1269 907 intrant
1283 883 1353 918 per
1363 873 1510 918 gradus
1520 874 1570 908 ab
1582 873 1714 908 anima

209 925 250 959 in
269 924 458 960 interiora
475 925 621 961 mentis
639 925 825 966 hominis,
844 932 885 961 et
905 926 954 960 ab
975 925 1038 961 his
1059 925 1099 960 in
1121 926 1319 961 exteriora
1336 926 1433 972 ejus,
1453 932 1494 961 et
1518 937 1567 961 ex
1588 926 1651 962 his
1673 926 1712 960 in

208 977 340 1013 sinum
356 977 608 1024 pectoralem,
623 985 664 1014 et
682 989 731 1014 ex
752 979 829 1014 hoc
848 978 887 1013 in
902 978 1105 1025 regionem
1119 978 1335 1025 genitalem
1352 990 1359 1015 :
1385 990 1431 1014 ac
1446 980 1637 1015 caelestes
1657 979 1711 1014 illi

207 1031 292 1066 ludi
310 1031 508 1077 nuptiales
527 1031 566 1066 in
585 1031 720 1066 anima
737 1043 786 1067 ne
804 1031 927 1066 hilum
948 1032 997 1066 ab
1015 1031 1178 1067 homine
1197 1031 1481 1078 percipiuntur,
1500 1038 1541 1068 at
1560 1032 1652 1067 inde
1671 1032 1711 1067 in

208 1083 401 1120 interiora
421 1084 567 1120 mentis
589 1085 662 1120 sub
683 1084 816 1131 specie
837 1084 944 1131 pacis
965 1090 1006 1120 et
1028 1084 1280 1133 innocentiae
1302 1096 1344 1120 se
1370 1085 1585 1125 insinuant,
1608 1091 1649 1121 et
1670 1084 1711 1120 in

207 1137 410 1173 exteriora
429 1137 575 1173 mentis
596 1138 669 1173 sub
690 1137 821 1184 specie
843 1137 1115 1178 beatitudinis,
1134 1137 1350 1173 faustitatis
1372 1144 1412 1174 et
1436 1138 1709 1184 jucunditatis,

208 1190 249 1225 in
275 1190 365 1225 sinu
386 1197 520 1226 autern
541 1189 733 1236 pectorali
755 1191 829 1226 sub
850 1191 982 1237 specie
1004 1190 1237 1226 deliciarum
1255 1191 1454 1227 amicitiae
1474 1191 1649 1232 intimae,
1669 1199 1711 1227 et

208 1243 248 1278 in
275 1243 438 1290 regione
458 1243 623 1290 genitali
648 1255 698 1279 ex
723 1243 874 1278 influxu
900 1243 1094 1279 continuo
1116 1255 1243 1290 usque
1268 1245 1318 1279 ab
1344 1244 1478 1279 anima
1503 1255 1593 1280 cum
1622 1244 1709 1291 ipso

206 1307 324 1332 sensu
343 1297 491 1332 amoris
507 1296 755 1343 conjugialis,
774 1303 820 1332 ut
842 1297 1028 1332 delicium
1047 1297 1298 1338 deliciarum;
1326 1297 1380 1332 illi
1403 1297 1486 1332 ludi
1508 1298 1709 1344 nuptiales

205 1350 353 1386 amoris
379 1356 420 1385 et
445 1349 663 1396 sapientiae
689 1350 729 1385 in
755 1361 829 1386 usu
857 1349 896 1385 in
922 1350 1055 1386 anima
1080 1350 1118 1385 in
1147 1351 1403 1396 procedendo
1420 1362 1558 1386 versus
1576 1351 1707 1386 sinum

205 1401 447 1449 pectoralem
466 1409 711 1449 permanent,
727 1402 803 1438 [¹]et
822 1403 861 1438 in
880 1403 969 1438 sinu
989 1403 1058 1438 illo
1076 1404 1148 1439 sub
1168 1403 1325 1438 infinita
1341 1403 1534 1439 varietate
1549 1404 1708 1439 delicia-

205 1467 292 1491 rum
312 1467 354 1492 se
372 1456 578 1492 sensibiles
597 1456 754 1497 sistunt,
769 1462 809 1491 et
827 1463 992 1502 propter
1009 1457 1118 1492 sinus
1137 1455 1349 1502 pectoralis
1364 1457 1583 1492 mirabilem
1598 1468 1708 1492 com-

205 1509 519 1544 municationem
536 1520 627 1545 curn
642 1509 806 1556 regione
819 1509 995 1556 genitali,
1010 1509 1113 1544 fiunt
1127 1509 1293 1545 deliciae
1312 1509 1364 1544 ibi
1380 1509 1544 1545 deliciae
1559 1510 1706 1546 amoris

203 1562 452 1609 conjugialis,
472 1573 573 1608 quae
598 1573 718 1608 super
734 1573 874 1598 omnes
893 1562 1066 1602 delicias,
1086 1573 1187 1609 quae
1217 1562 1256 1597 in
1283 1563 1394 1598 caelo
1420 1570 1461 1598 et
1487 1563 1526 1598 in
1554 1563 1706 1598 mundo

204 1616 360 1656 dantur,
387 1615 584 1651 exaltatae
610 1622 715 1656 sunt,
742 1626 792 1651 ex
817 1626 946 1656 causa,
973 1615 1067 1662 quia
1091 1627 1186 1651 usus
1211 1616 1358 1651 amoris
1384 1615 1618 1662 conjugialis
1643 1623 1707 1652 est

204 1669 383 1703 omniurn
405 1680 550 1704 usuum
571 1668 947 1714 praestantissimus,
970 1674 1031 1704 est
1057 1668 1163 1704 enirn
1187 1668 1279 1703 inde
1302 1669 1526 1714 procreatio
1547 1669 1704 1715 generis

203 1721 381 1763 humani,
400 1728 440 1757 et
458 1732 507 1757 ex
523 1732 668 1768 genere
687 1722 864 1757 humano
882 1721 1038 1757 caelum
1052 1722 1314 1767 angelicum.’'
1373 1721 1448 1757 His
1462 1722 1704 1757 addiderunt

202 1774 344 1822 angeli,
363 1775 471 1821 quod
495 1775 550 1809 illi
569 1774 637 1820 qui
656 1785 736 1810 non
757 1774 796 1810 in
815 1785 950 1810 amore
971 1775 1150 1820 sapiendi
1170 1781 1333 1820 propter
1349 1785 1465 1810 usum
1484 1786 1507 1809 a
1526 1775 1703 1810 Domino

202 1834 306 1869 sunt,
319 1839 400 1863 non
414 1828 544 1863 sciant
557 1827 706 1873 aliquid
722 1828 771 1863 de
785 1827 975 1864 varietate
986 1827 1217 1863 deliciarum
1233 1828 1591 1868 innumerabilium,
1602 1839 1703 1874 quae

202 1887 296 1916 sunt
308 1881 455 1917 amoris
466 1892 559 1916 vere
572 1880 827 1927 conjugialis;
849 1885 869 1899 ‘⁴
879 1881 985 1927 apud
1001 1881 1089 1916 illos
1104 1881 1222 1922 enim,
1238 1881 1305 1927 qui
1321 1892 1400 1916 non
1415 1887 1551 1916 amant
1565 1892 1703 1926 sapere

202 1945 252 1969 ex
268 1933 454 1980 genuinis
471 1935 586 1974 veris,
602 1934 671 1969 sed
690 1940 827 1969 amant
842 1933 1017 1969 insanire
1035 1945 1084 1969 ex
1101 1933 1220 1974 falsis,
1236 1940 1277 1970 et
1295 1945 1366 1979 per
1383 1934 1486 1969 hanc
1504 1934 1699 1969 insaniam

201 1998 252 2022 ex
268 1987 403 2033 aliquo
420 1998 555 2023 amore
572 1986 724 2022 faciunt
741 1998 836 2023 usus
854 1987 991 2028 malos,
1007 1987 1073 2023 via
1089 1987 1140 2022 ad
1159 1986 1332 2022 animam
1348 1987 1480 2022 clausa
1498 1993 1580 2028 est;
1608 1987 1701 2022 inde

201 2046 273 2080 est,
288 2040 396 2086 quod
414 2040 604 2075 caelestes
619 2039 818 2086 nuptiales
836 2039 920 2075 ludi
938 2039 1084 2075 amoris
1102 2046 1144 2075 et
1161 2039 1381 2085 sapientiae
1400 2040 1439 2074 in
1458 2040 1592 2075 anima
1609 2040 1700 2086 plus

201 2099 243 2135 et
268 2093 356 2139 plus
382 2092 593 2138 intercepti
611 2099 789 2134 cessent:
822 2099 865 2128 et
889 2103 969 2128 una
993 2104 1084 2128 cum
1111 2092 1189 2128 illis
1214 2103 1327 2128 amor
1349 2093 1586 2140 conjugialis
1608 2104 1698 2128 cum

199 2146 287 2192 ejus
304 2157 416 2186 vena,
436 2146 626 2192 potentia,
646 2151 686 2182 et
704 2145 892 2182 deliciis.’'

273 2198 337 2234 Ad
365 2198 464 2234 haec
489 2199 677 2234 dixerunt
694 2199 914 2239 audientes,
933 2198 1042 2245 quod
1062 2198 1284 2244 percipiant
1302 2198 1410 2244 quod
1429 2209 1543 2233 amor
1559 2198 1699 2244 conju-

199 2251 314 2299 gialis
331 2252 384 2288 sit.
401 2252 620 2288 seeundum
639 2263 815 2287 amorem
834 2251 1012 2298 sapiendi
1031 2258 1194 2297 propter
1211 2263 1306 2286 usus
1324 2263 1347 2286 a
1366 2251 1555 2287 Domino.

273 2304 584 2351 Responderunt
601 2305 731 2350 angeli
749 2305 857 2351 quod
883 2305 950 2340 ita.
1003 2305 1053 2340 Et
1066 2310 1163 2339 tunc
1182 2315 1302 2350 super
1319 2305 1572 2350 quorundam
1591 2303 1696 2349 capi-

200 2357 308 2393 tibus
323 2358 569 2404 apparebant
589 2358 761 2393 corollae
781 2368 830 2393 ex
850 2357 1034 2398 floribus;
1063 2363 1104 2392 et
1123 2357 1416 2403 quaesiverunt,
1436 2362 1457 2375 “
1470 2356 1553 2393 Cur
1569 2356 1697 2392 hoc?''

201 2409 398 2446 Dixerunt
414 2410 555 2457 angeli,
570 2415 591 2429 ⁴⁸
601 2409 706 2458 Quia
719 2409 955 2456 profundius
971 2409 1286 2446 intellexerunt.”
1333 2409 1384 2445 Et
1400 2415 1498 2446 tunc
1515 2420 1563 2445 ex
1577 2409 1697 2445 horto

199 2463 420 2506 abiverunt‚
438 2469 478 2499 et
495 2463 537 2499 hi
556 2463 596 2499 in
617 2463 750 2500 medio
768 2463 939 2500 illorum.
