2014 3386
302 362 383 415 238
766 372 1008 405 DELICIAE
1040 373 1342 406 SAPIENTIAE

300 484 501 538 cogitant
518 490 651 534 caste,
674 484 812 526 aliter
834 485 914 539 qui
935 485 988 527 de
1010 485 1108 527 illis
1128 485 1510 541 incana—Apud
1532 492 1700 536 castos,
1719 486 1795 541 qui

302 554 422 597 sunt,
438 548 513 602 qui
535 562 596 588 ex
618 548 841 602 religione
863 549 920 590 de
942 549 1166 602 conjugiis
1183 550 1407 603 cogitant,
1426 550 1662 604 praecedit
1683 563 1795 591 con-

295 611 471 664 jugium
490 611 690 665 spiritus,
706 617 754 652 et
771 613 974 666 sequitur
995 612 1198 665 corporis
1215 626 1225 664 ;
1256 618 1303 654 et
1319 613 1385 653 illi
1402 619 1524 661 sunt,
1543 613 1662 666 apud
1680 625 1796 666 quos

301 687 430 715 amor
447 674 656 716 ascendit
673 689 829 715 versus
847 675 1060 722 animam,
1077 680 1123 716 et
1140 689 1200 715 ex
1218 675 1464 716 altitudine
1480 676 1585 716 inde
1600 676 1795 716 descen-

302 737 368 777 dit
403 737 481 788 (de
517 737 680 791 quibus
716 751 864 792 supra,
898 751 939 778 n.
968 737 1103 791 302),
1142 737 1305 779 horum
1335 739 1514 780 animae
1548 738 1606 780 ab
1638 753 1796 780 amore

302 801 536 841 illimitato
558 814 698 841 sexus
720 814 769 841 se
791 807 1024 854 separant,
1048 807 1095 842 et
1118 802 1338 843 addicant
1360 802 1445 843 mse
1467 802 1557 852 uni,
1581 816 1682 844 cum
1705 817 1796 857 quo

303 877 382 903 seu
407 877 510 904 cum
540 877 630 917 qua
660 865 988 917 sempiternam
1020 878 1071 905 ac
1103 870 1342 906 aeternam
1364 866 1595 914 unionem,
1621 872 1669 907 et
1699 866 1796 919 ejus

304 932 567 967 crescentes
585 927 912 975 beatitudines,
932 926 1145 980 spectant
1167 934 1217 970 ut
1238 928 1445 970 fomenta
1462 930 1558 983 spei
1576 929 1795 970 continue

303 991 554 1030 recreantis
577 991 745 1031 mentis
770 990 967 1030 illorum.
1027 990 1117 1031 Sed
1140 991 1277 1032 aliter
1298 1005 1482 1045 prorsus
1502 992 1622 1046 apud
1644 992 1796 1033 incas-

306 1059 395 1100 tos,
422 1052 497 1105 qui
522 1059 629 1093 sunt
654 1053 729 1105 qui
759 1066 851 1093 non
876 1067 937 1093 ex
962 1053 1187 1106 religione
1212 1054 1269 1094 de
1300 1053 1522 1107 conjugiis
1553 1061 1600 1095 et
1631 1054 1793 1095 horum

304 1115 568 1164 sanctitate,
591 1116 832 1168 cogitant3
869 1116 989 1169 apud
1015 1117 1100 1157 hos
1125 1123 1196 1158 est
1221 1117 1483 1170 conjugium
1505 1118 1724 1172 corporis,
1748 1124 1796 1159 et

304 1177 479 1218 nullum
495 1178 680 1231 spiritus
699 1192 707 1228 ;
735 1179 770 1219 si
787 1179 957 1232 aliquid
973 1178 1169 1232 conjugii
1185 1180 1368 1233 spiritus
1380 1186 1588 1233 apparet,
1602 1181 1797 1222 durante

304 1246 431 1281 statu
453 1241 844 1294 desponsationis,
872 1255 1013 1295 usque
1039 1242 1142 1291 hoc,
1170 1243 1206 1283 si
1230 1243 1442 1284 ascendit
1467 1257 1547 1296 per
1571 1243 1797 1285 elevatio-

305 1317 410 1343 nem
428 1305 765 1356 cogitationum
788 1304 845 1345 de
867 1304 962 1352 illo,
980 1311 1190 1346 attamen
1208 1305 1371 1347 recidit
1389 1306 1447 1346 ad
1469 1307 1798 1360 concupiscen-

305 1368 406 1415 tias,
429 1380 546 1420 quae
568 1380 593 1407 e
614 1380 751 1407 carne
773 1374 879 1408 sunt
901 1368 945 1407 in
967 1368 1212 1409 voluntate
1237 1368 1347 1421 ejus,
1371 1374 1418 1409 et
1440 1369 1502 1410 sic
1526 1383 1585 1410 ex
1607 1369 1798 1411 incastis

305 1430 364 1473 ibi
389 1442 611 1483 praeceps
634 1443 683 1470 se
705 1430 911 1471 demittit
937 1430 982 1470 in
1006 1444 1187 1485 corpus,
1211 1442 1262 1472 ac
1288 1432 1496 1485 inquinat
1519 1432 1682 1473 ultima
1703 1432 1799 1485 ejus

305 1494 473 1533 amoris
495 1493 658 1533 ardore
680 1492 984 1544 illecebroso;
1016 1507 1076 1534 ex
1102 1508 1193 1547 quo
1218 1495 1334 1535 sicut
1360 1495 1405 1534 in
1427 1495 1647 1548 principio
1669 1496 1797 1544 arsit,

305 1558 370 1597 ita
394 1556 547 1597 subito
573 1556 781 1603 deardet‚
805 1561 852 1596 et
878 1556 974 1596 abit
1000 1557 1043 1596 in
1070 1556 1211 1609 frigus
1232 1557 1447 1607 brumae;
1479 1557 1595 1597 unde
1617 1557 1798 1598 accele-

305 1626 431 1659 ratur
469 1618 686 1659 defectus.
760 1618 1147 1672 Desponsationis
1178 1625 1329 1660 status
1359 1620 1479 1673 apud
1515 1619 1600 1660 hos
1630 1620 1709 1660 vix
1739 1619 1798 1660 ad

305 1682 428 1722 aliud
450 1681 594 1734 juvat,
622 1694 758 1734 quam
784 1687 833 1721 ut
859 1682 1260 1735 concupiscentias
1286 1695 1391 1723 suas
1415 1682 1638 1736 impleant
1665 1682 1799 1724 lasci-

307 1746 390 1793 vis,
418 1751 464 1785 et
491 1758 551 1785 ex
578 1744 667 1784 illis
693 1744 955 1798 conjugiale
981 1745 1150 1785 amoris
1176 1745 1469 1786 intaminent.

385 1818 522 1861 305·
556 1807 660 1860 (ix.)
697 1807 826 1858 Quod
849 1808 977 1848 intra
1001 1814 1172 1860 tempus
1196 1808 1558 1861 desponsationis
1583 1821 1667 1848 non
1695 1808 1799 1849 lice·

307 1877 356 1912 at
374 1870 670 1923 corporaliter
688 1871 926 1925 conjungz',·
956 1871 1020 1911 ita
1044 1871 1165 1911 enim
1197 1872 1325 1920 ordo,
1349 1872 1423 1925 qui
1453 1871 1698 1924 inscriptus
1728 1877 1800 1912 est

307 1934 451 1974 amori
477 1933 736 1986 conjugiali‚
764 1934 897 1986 perit.
957 1933 1072 1975 Sunt
1103 1935 1222 1975 enim
1254 1935 1297 1975 in
1330 1935 1559 1975 mentibus
1590 1934 1799 1975 humanis

309 2004 403 2037 tres
433 1997 661 2049 regiones,
699 2009 888 2049 quarum
920 2010 1133 2050 suprema
1162 2003 1353 2038 vocatur
1383 1997 1613 2045 caelestis,
1646 1997 1800 2038 media

307 2059 569 2112 spiritualis,
586 2065 633 2099 et
651 2059 805 2100 infima
823 2060 1044 2100 naturalis
1065 2074 1073 2110 ;
1100 2061 1143 2100 in
1159 2059 1311 2100 infima
1326 2059 1411 2101 hac
1426 2059 1798 2109 nascitur'homo,

307 2130 356 2164 at
377 2123 422 2163 in
444 2123 723 2176 superiorem
742 2122 851 2176 ejus,
870 2136 987 2176 quae
1002 2129 1194 2163 vocatur
1209 2122 1471 2176 spiritualis,
1490 2123 1699 2164 ascendit
1721 2136 1802 2176 per

307 2187 451 2226 vitam
469 2186 722 2226 secundum
740 2199 848 2226 vera
865 2185 1115 2238 religionis,
1135 2191 1181 2226 et
1201 2186 1245 2226 in
1263 2198 1523 2238 supremam
1543 2198 1623 2238 per
1640 2185 1798 2238 conju-

309 2250 433 2301 gium
449 2249 618 2289 amoris
636 2254 682 2289 et
701 2249 968 2301 sapientiae.
1029 2248 1080 2288 In
1107 2249 1295 2301 regione
1314 2247 1481 2296 infima,
1501 2261 1617 2301 quae
1634 2254 1803 2289 vocata

309 2318 379 2353 est
395 2312 630 2359 naturalis,
647 2312 851 2352 resident
870 2325 1031 2352 omnes
1046 2312 1446 2365 concupiscentiae
1462 2311 1583 2360 mali,
1599 2317 1646 2351 et
1664 2311 1801 2352 lasci·

309 2377 408 2416 viae
427 2390 436 2426 ;
468 2377 512 2416 in
530 2376 719 2428 regione
737 2381 891 2416 autem
910 2376 1157 2428 superiore,
1176 2388 1292 2428 quae
1310 2380 1477 2415 vocata
1499 2380 1568 2414 est
1588 2374 1802 2427 spiritua-

311 2440 378 2487 lis,
407 2452 498 2479 non
523 2444 628 2479 sunt
655 2438 833 2492 aliquae
859 2438 1262 2492 concupiscentiae
1287 2437 1396 2477 mali
1421 2443 1467 2478 et
1499 2437 1729 2485 lasciviae,
1755 2436 1800 2476 in

310 2503 426 2542 hanc
454 2503 574 2542 enim
600 2503 741 2543 homo
766 2503 994 2543 inducitur
1019 2515 1045 2542 a
1077 2501 1292 2549 Domino,
1319 2513 1420 2541 cum
1447 2500 1725 2550 renascitur;
1757 2500 1801 2540 in

312 2579 524 2618 suprema
562 2572 716 2607 autern
758 2566 962 2619 regione,
1002 2578 1118 2618 quae
1156 2569 1325 2604 vocata
1362 2569 1433 2604 est
1473 2562 1702 2609 caelestis,
1730 2569 1802 2602 est

311 2632 506 2672 castitas
532 2630 802 2684 conjugialis
827 2631 872 2671 in
899 2643 980 2670 suo
1005 2641 1187 2678 amore;
1220 2628 1263 2667 in
1290 2628 1407 2668 hanc
1430 2627 1640 2668 elevatur
1660 2626 1801 2666 homo

312 2709 392 2748 per
421 2708 625 2735 amorem
658 2707 833 2743 usuum,
865 2700 912 2735 et
943 2693 1047 2747 quia
1078 2705 1138 2732 ex
1168 2690 1390 2744 conjugiis
1420 2696 1526 2730 sunt
1557 2694 1802 2743 praestan-

312 2759 477 2799 tissimi
515 2772 635 2806 usus,
668 2771 748 2810 per
786 2769 990 2799 amorem
1029 2769 1136 2796 vere
1166 2754 1503 2807 conjugialem:
1548 2766 1607 2793 ex
1647 2752 1717 2792 his
1755 2751 1800 2791 in

311 2822 587 2875 compendio
608 2821 751 2861 videri
773 2826 946 2874 potest,
966 2819 1086 2874 quod
1108 2831 1236 2859 amor
1253 2817 1523 2870 conjugialis
1545 2830 1570 2856 a
1592 2815 1801 2869 primitiis

312 2885 378 2924 sui
413 2884 577 2925 caloris
616 2898 640 2924 e
676 2884 864 2936 regione
899 2882 1053 2924 infima
1082 2881 1332 2922 elevandus
1376 2880 1434 2920 sit
1477 2880 1521 2919 in
1564 2879 1800 2932 regionem

312 2948 607 3001 superiorem,
631 2954 680 2988 ut
711 2947 790 2988 fiat
822 2948 992 2992 castus,
1019 2957 1070 2986 ac
1102 2950 1151 2985 ut
1182 2943 1245 2984 sic
1277 2956 1336 2983 ex
1367 2947 1498 2984 casto
1529 2941 1803 2982 demittatur

314 3027 392 3066 per
414 3013 647 3066 regionem
667 3011 863 3053 mediam
886 3016 933 3051 et
955 3008 1155 3050 infimam
1177 3006 1220 3047 in
1243 3018 1407 3060 corpus
1427 3019 1436 3057 ;
1468 3004 1589 3059 quod
1611 3015 1713 3045 cum
1735 3002 1798 3051 fit,
