2014 3386
518 352 585 385 DE
617 351 797 385 AMORE
828 351 1253 394 CONJUGIAL1.—-N.
1283 343 1377 395 318.
1609 352 1689 396 251

867 534 1037 589 [XIV]

612 666 689 708 DE
721 666 990 719 CONJUGIIS
1022 666 1278 708 ITERATIS.

280 808 405 855 317·
446 799 498 840 In
525 799 875 840 ventilationem
907 805 1063 854 potest
1095 800 1263 848 venire,
1293 812 1399 840 num
1431 812 1559 840 amor
1585 813 1694 840 con-

191 863 388 918 jugialis,
422 865 495 917 qui
533 871 604 904 est
642 864 771 904 unius
803 864 882 904 viri
919 876 1021 904 curn
1054 877 1142 904 una
1173 877 1330 912 uxore,
1360 870 1464 917 post
1498 870 1694 905 mortem

197 927 403 980 conjugis
435 928 581 980 possit
613 927 828 981 separari,
861 933 942 968 aut
974 927 1230 975 transcribi,
1264 933 1342 967 aut
1380 927 1695 980 superinduci;

196 997 294 1032 tum
321 991 461 1032 etiam
490 1004 596 1031 num
624 990 832 1044 conjugia
858 991 1026 1031 iterata
1051 990 1220 1044 aliquid
1246 1003 1488 1031 commune
1514 990 1696 1031 obtine-

199 1060 282 1095 ant
308 1067 410 1095 cum
437 1054 720 1107 polygamia,
741 1060 788 1095 et
811 1054 873 1094 sic
901 1067 1007 1094 num
1030 1054 1181 1094 vocari
1203 1054 1381 1107 possint
1405 1053 1697 1107 polygamiae

200 1118 512 1167 successivae;
560 1123 742 1171 praeter
778 1117 919 1170 plura,
958 1131 1073 1171 quae
1113 1117 1348 1171 scrupulos
1387 1117 1608 1171 scrupulis
1649 1131 1697 1158 se

200 1180 369 1222 addere
387 1181 538 1221 solent
558 1180 677 1234 apud
699 1181 1061 1222 ratiocinatores.
1122 1180 1189 1222 Ut
1206 1182 1358 1235 itaque
1377 1181 1698 1222 scrutiniorum

198 1245 420 1297 magistri,
450 1245 524 1298 qui
556 1245 600 1284 in
631 1245 791 1285 umbra
822 1245 879 1285 de
910 1244 980 1285 his
1007 1244 1228 1298 conjugiis
1259 1245 1601 1294 ratiocinantur,
1629 1245 1696 1285 vi-

199 1308 340 1349 deant
359 1308 556 1362 aliquam
581 1308 742 1356 lucem,
763 1309 910 1362 operis
934 1309 1128 1361 pretium
1148 1309 1301 1349 censui
1323 1308 1432 1357 fore,
1452 1315 1698 1363 sequentes

199 1371 416 1414 articulos
442 1372 499 1412 de
525 1371 612 1412 illis
639 1372 696 1412 ad
718 1371 933 1425 judicium
960 1373 1136 1420 sistere,
1164 1373 1238 1426 qui
1265 1379 1369 1413 sunt
1391 1385 1461 1413 :—

441 1466 496 1512 (i.)
535 1466 650 1512 Quod
662 1468 752 1512 post
771 1470 929 1501 mortem
950 1468 1126 1513 conjugis
1146 1469 1287 1502 iterum
1308 1467 1534 1502 contrahere
1557 1469 1699 1502 matri-

625 1515 807 1595 monium,
836 1514 1047 1560 dependeat
1075 1526 1100 1549 a
1126 1515 1379 1563 praecedente
1407 1526 1538 1549 amore
1565 1516 1699 1561 conju-

651 1573 692 1595 ια
710 1573 736 1596 z.

423 1607 495 1651 (ii.)
534 1573 650 1653 Qud}
658 1610 776 1643 etiam
794 1620 818 1643 a
836 1612 943 1643 statu
960 1609 1145 1654 conjugii,
1164 1610 1207 1643 in
1223 1619 1296 1653 quo
1312 1610 1510 1644 vixerant.

410 1655 495 1701 (iii.)
535 1655 649 1701 Quod
661 1656 752 1695 illis,
766 1656 903 1700 quibus
920 1657 1096 1702 nonfuit
1112 1667 1224 1690 amor
1235 1667 1324 1691 vere
1336 1656 1582 1702 conjugialtls,
1597 1655 1705 1691 nihil

624 1703 737 1737 obstet
752 1707 789 1737 et
812 1703 915 1743 obsit,
937 1705 1034 1748 quin
1059 1705 1354 1738 matrimonium
1380 1706 1522 1738 iterato
1546 1708 1700 1738 contra·

626 1750 736 1786 hana

417 1797 499 1842 (iv.)
538 1797 652 1843 Quod
667 1798 740 1838 illi,
762 1799 836 1842 qui
851 1799 955 1832 inter
972 1808 1011 1832 se
1030 1799 1073 1832 in
1093 1809 1224 1832 amore
1246 1809 1336 1832 vere
1352 1797 1573 1843 conjugiali
1592 1799 1700 1832 szre-

625 1849 730 1885 rant,
745 1847 929 1880 iteratum
944 1846 1167 1891 conjugium
1185 1856 1259 1879 non
1276 1845 1398 1879 velint
1409 1859 1425 1885 ,·
1449 1846 1532 1880 nisi
1537 1847 1702 1891 propter

626 1903 763 1926 causas
777 1895 982 1937 separatas
998 1893 1045 1926 ab
1062 1903 1192 1926 amore
1208 1893 1433 1938 conjugiali.

430 1939 497 1984 (v.)
536 1939 650 1985 Quod
665 1940 770 1974 alius
787 1941 840 1973 sit
863 1943 989 1974 status
1007 1940 1186 1985 conjugii
1190 1940 1355 1986 juvenis
1374 1951 1459 1974 cum
1479 1940 1647 1986 virgine,
1665 1943 1702 1974 et

625 1987 730 2021 alius
734 1987 900 2032 juvenis
914 1998 1000 2022 cum
1017 1986 1152 2022 vidua.

413 2033 495 2078 (vi.)
533 2034 648 2080 Quod
659 2035 776 2068 etiam
791 2034 895 2068 alius
906 2037 1033 2069 status
1044 2035 1223 2115 coltlzjugii
1235 2035 1288 2069 sit
1299 2034 1419 2069 vidui
1430 2045 1516 2069 cum
1533 2035 1701 2080 virgine,

627 2085 664 2115 et
680 2081 784 2116 alius
799 2081 918 2116 vidui
930 2092 1016 2116 cum
1033 2082 1081 2115 vi
1107 2092 1170 2116 ua.

404 2127 501 2172 (vii.)
539 2128 652 2174 Quod
675 2130 886 2163 varietates
914 2132 951 2163 et
982 2129 1229 2163 diversitates
1259 2128 1397 2163 borum
1431 2129 1701 2174 conjugiorum

628 2175 758 2220 quoad
777 2187 945 2211 amorem
965 2179 1002 2211 et
1021 2176 1105 2222 ejus
1123 2175 1328 2217 attributa,
1346 2176 1532 2210 excedant
1555 2186 1701 2211 omnem

627 2233 841 2258 numerum.

387 2269 498 2315 (viii.)
535 2270 650 2316 Quod
660 2274 787 2304 status
805 2270 950 2305 viduae
957 2270 1132 2316 gravior
1146 2271 1200 2305 sit
1215 2273 1322 2305 statu
1339 2269 1465 2306 vidui.

206 2373 419 2428 Sequitur
445 2386 563 2414 nunc
590 2373 751 2414 horum
777 2373 1043 2427 explicatio.

289 2435 418 2489 318.
462 2436 528 2490 (i.)
567 2436 695 2487 Quod
707 2443 815 2489 post
839 2443 1021 2478 mortem
1041 2436 1240 2492 conjugis
1262 2436 1422 2477 iterum
1442 2435 1702 2477 contrahere

206 2500 538 2540 matrimonium
574 2500 814 2552 dependeat
842 2514 871 2541 a
899 2500 1187 2552 praecedente
1216 2514 1365 2540 amore
1393 2499 1702 2555 cory'ugiali.—

206 2562 292 2603 Est
318 2575 446 2603 amor
472 2577 577 2604 vere
603 2562 871 2616 conjugialis
898 2563 1014 2604 sicut
1042 2563 1167 2612 lanx,
1192 2577 1279 2616 qua
1302 2563 1622 2604 inclinationes
1643 2562 1701 2602 ad

206 2624 416 2679 conjugia
446 2626 610 2667 iterata
641 2627 980 2679 ponderantur;
1023 2632 1243 2680 quantum
1276 2640 1402 2666 amor
1434 2625 1702 2678 conjugialis

206 2689 485 2741 praecedens
507 2689 565 2730 ad
591 2689 717 2730 illum
740 2702 942 2730 amorem
966 2690 1159 2738 accedit,
1184 2695 1361 2730 tanturn
1385 2689 1621 2730 inclinatio
1644 2688 1701 2729 ad

205 2751 420 2792 iteratum
444 2751 701 2805 conjugium
724 2753 924 2803 recedit;
958 2759 1005 2794 at
1029 2759 1250 2806 quantum
1272 2766 1400 2793 amor
1423 2752 1701 2805 praecedens

205 2815 378 2856 recedit
404 2815 462 2856 ab
487 2815 567 2856 illo
589 2828 758 2864 amore,
782 2822 963 2857 tantum
987 2816 1223 2856 inclinatio
1245 2816 1302 2856 ad
1328 2816 1522 2856 alterum
1546 2813 1700 2867 conju-

207 2877 330 2929 gium
362 2878 482 2919 solet
513 2879 757 2919 accedere:
802 2892 942 2920 causa
972 2880 1017 2919 in
1050 2879 1294 2932 propatulo
1326 2886 1411 2926 est,
1440 2879 1542 2931 quia
1574 2891 1703 2919 amor

207 2939 474 2993 conjugialis
506 2947 577 2982 est
609 2942 652 2982 in
685 2940 818 2982 simili
850 2942 994 2994 gradu
1026 2941 1283 2994 conjunctio
1316 2942 1551 2988 mentium,
1585 2954 1700 2994 quae

206 3003 252 3044 in
277 3004 371 3045 vita
397 3005 598 3057 corporis
620 3005 748 3045 unius
774 3012 929 3046 manet
956 3012 1060 3059 post
1088 3006 1263 3046 obitum
1290 3005 1489 3053 alterius,
1514 3010 1560 3045 et
1586 3004 1698 3046 haec
