2014 3386
540 357 607 390 DE
639 355 820 389 AMORE
850 355 1277 399 CONJUGIAL1.—N.
1311 347 1401 389 116.
1663 360 1720 403 99

222 471 274 506 ibi
296 476 368 511 est,
387 469 486 506 ninil
511 469 719 505 amoenius
744 468 868 505 sentit
888 479 1006 515 quam
1034 468 1101 504 illa
1121 468 1294 515 recipere
1314 468 1428 515 quasi
1454 474 1580 509 utero,
1600 475 1641 505 et
1661 469 1719 505 sic

220 524 441 570 concipere,
459 529 616 570 gestare
634 529 675 558 et
701 533 859 568 parere.;
885 522 1197 568 prolificationes
1217 522 1445 568 spirituales
1465 523 1572 568 apud
1586 532 1719 569 ‘ange-

221 578 280 613 los
297 576 395 613 caeli
420 577 520 612 tales
541 582 656 617 sunt:
682 583 723 611 et
744 575 776 611 si
798 576 959 611 credere
981 575 1124 616 velitis,
1143 586 1192 611 ex
1218 575 1285 610 illa
1305 575 1459 622 origine
1480 581 1575 610 sunt
1595 575 1717 611 etiam

220 629 529 676 prolificationes
547 629 784 664 naturales.''

289 683 468 730 Angelus
486 689 578 728 post
592 682 874 717 salutationem
890 681 998 728 pacis
1012 681 1156 717 extulit
1174 692 1216 716 se
1234 691 1256 716 e
1272 687 1388 721 terra,
1402 686 1444 716 et
1456 679 1595 716 venus
1608 687 1718 717 trans

218 737 396 772 nimbum
414 735 596 771 ascendit
614 735 654 770 in
672 735 837 776 caelum,
853 741 894 770 et
911 742 1007 770 tunc
1021 734 1159 769 charta
1175 734 1394 770 secundum
1416 734 1563 781 gradus
1581 745 1718 770 ascen-

217 801 285 825 sus
310 789 488 836 fulgebat
513 789 617 824 sicut
643 788 771 834 prius;
797 795 838 823 et
861 798 954 823 ecce
978 794 1075 822 tunc
1102 787 1284 828 circulus,
1306 787 1373 834 qui
1400 787 1508 832 prius
1534 787 1718 833 apparuit

217 843 322 878 sicut
346 853 500 882 aurora,
524 853 564 877 se
590 841 762 881 demisit,
784 847 826 876 et
850 840 1016 887 dispulit
1041 840 1234 882 nimbum,
1255 840 1323 887 qui
1348 840 1534 876 tenebras
1561 840 1717 876 induxit

215 903 355 937 terrae,
373 901 414 931 et
431 894 580 930 factum
598 901 660 931 est
676 894 867 941 apricum.

908 1225 1032 1283 [v1.]

216 1359 293 1402 DE
319 1358 575 1412 CONJUGIO
602 1358 802 1401 DOMINI
827 1368 892 1400 ET
923 1358 1227 1408 ECCLESIAE,
1255 1367 1320 1399 ET
1347 1367 1415 1400 DE
1441 1366 1555 1410 EJUS
1581 1356 1713 1400 COR·

758 1430 1167 1464 RESPONDENTIA.

298 1552 425 1597 116.
467 1551 602 1607 Quod
642 1553 699 1594 de
740 1551 951 1606 conjugio
983 1552 1169 1593 Domini
1210 1557 1257 1593 et
1289 1550 1529 1593 Ecclesiae
1566 1557 1614 1592 et
1654 1551 1712 1592 de

215 1617 310 1671 ejus
341 1617 751 1671 correspondentia
781 1617 855 1658 hic
888 1630 1066 1671 quoque
1093 1622 1271 1670 agatur,
1300 1622 1372 1657 est
1405 1616 1509 1669 quia
1539 1615 1711 1668 absque

213 1682 408 1723 scientia
438 1695 490 1722 ac
524 1681 834 1734 intelligentia
864 1681 922 1721 de
953 1680 1047 1729 illo,
1080 1680 1161 1720 vix
1194 1679 1355 1733 aliquis
1387 1684 1541 1732 potest
1575 1691 1711 1719 nosse

212 1745 334 1799 quod
356 1756 484 1786 amor
507 1744 776 1798 conjugialis
798 1745 856 1785 sit
878 1744 922 1784 in
946 1744 1119 1796 origine
1141 1757 1223 1784 sua
1245 1740 1443 1790 sanetus,
1463 1741 1710 1796 spiritualis

212 1815 260 1850 et
284 1808 511 1857 caelestis,
536 1815 583 1849 et
607 1807 728 1862 quod
752 1808 810 1849 sit
833 1821 859 1848 a
881 1807 1095 1848 Domino.
1157 1806 1335 1848 Dicitur
1356 1805 1538 1860 quidem
1561 1819 1587 1845 a
1612 1804 1710 1859 qui-

212 1872 404 1913 busdam
435 1873 480 1912 in
512 1871 708 1912 ecclesia
734 1871 855 1925 quod
881 1870 1093 1924 conjugia
1118 1870 1390 1911 relationem
1416 1869 1619 1910 habeant
1651 1867 1710 1908 ad

212 1935 471 1989 conjugium
496 1936 680 1977 Domini
707 1948 808 1976 cum
832 1934 1040 1984 ecclesia,
1065 1934 1146 1975 sed
1172 1923 1419 1988 qualis'illa
1439 1932 1601 1974 relatio
1623 1938 1707 1980 est,

211 2001 439 2050 nescitur;
471 2005 520 2040 ut
547 1999 700 2053 itaque
726 1999 838 2039 haec
865 1999 910 2039 in
937 1998 1134 2053 aliquam
1160 1997 1309 2039 lucem
1335 1994 1598 2038 intellectus
1624 1996 1708 2036 sis-

211 2070 338 2105 tatur
367 2062 580 2111 videnda,
614 2075 853 2104 necessum
886 2068 968 2110 est,
1002 2068 1051 2103 ut
1086 2062 1143 2103 de
1175 2059 1336 2102 sancto
1367 2060 1447 2101 illo
1478 2059 1706 2112 conjugio,

211 2127 332 2180 quod
365 2133 436 2167 est
468 2126 586 2180 apud
614 2126 716 2167 illos
749 2132 796 2167 et
828 2126 871 2166 in
904 2125 1007 2175 illis,
1036 2125 1110 2179 qui
1142 2125 1337 2166 ecclesia
1368 2124 1553 2165 Domini
1585 2129 1706 2172 sunt,

211 2190 502 2243 singulariter
523 2196 711 2242 agatur;
753 2189 823 2230 his
849 2189 989 2230 etiam
1021 2195 1068 2230 et
1102 2202 1193 2229 non
1224 2188 1323 2229 aliis
1350 2194 1421 2229 est
1447 2200 1575 2228 amor
1600 2200 1707 2227 vere

212 2253 492 2307 conjugialis.
553 2253 643 2294 Sed
674 2259 862 2307 propter
886 2253 1241 2294 elucidationem
1267 2251 1396 2304 hujus
1422 2251 1590 2300 arcani,
1614 2250 1707 2290 dis·

211 2317 440 2371 pescenda
466 2323 537 2358 est
563 2317 676 2359 haec
703 2315 953 2358 transactio
978 2317 1023 2357 in
1049 2322 1295 2370 sequentes
1321 2314 1538 2356 articulos
1558 2327 1630 2355 :—

461 2406 517 2451 (i.)
546 2406 660 2452 Quod
672 2407 864 2441 Dominus
883 2407 926 2440 in
955 2405 1072 2441 Verbo
1089 2405 1249 2440 dicatur
1267 2405 1434 2450 Sponsus
1453 2407 1491 2438 et
1513 2403 1707 2441 Maritus,

634 2458 672 2488 et
695 2454 867 2488 Ecclesia
895 2453 1040 2499 Sponsa
1070 2457 1107 2487 et
1140 2453 1278 2493 Uxor,·
1310 2455 1346 2486 et
1370 2451 1474 2496 quod
1492 2451 1708 2495 conjuntlt'o

634 2502 801 2536 Domini
821 2512 906 2535 cum
926 2501 1110 2540 Ecclesia,
1133 2504 1170 2534 et
1193 2501 1387 2545 reciproca
1408 2498 1603 2533 Ecclesiae
1620 2509 1706 2532 cum

635 2549 803 2583 Domino
819 2548 979 2583 dicatur
998 2548 1030 2583 C
1027 2549 1230 2593 onjugium
1241 2560 1258 2587 ,-

443 2595 511 2641 (ii.)
548 2596 644 2631 Tum
662 2596 765 2641 quod
778 2596 970 2630 Dominus
985 2595 1143 2630 dicatur
1159 2595 1293 2634 Pater,
1312 2597 1350 2628 et
1368 2592 1539 2628 Ecclesia
1557 2593 1705 2627 Mater.

429 2643 513 2688 (iii.)
542 2644 656 2689 Quod
673 2643 802 2688 proles
833 2653 882 2677 ex
911 2643 1077 2677 Domino
1106 2646 1151 2676 ut
1177 2642 1309 2681 Pater,
1328 2644 1364 2676 et
1389 2651 1437 2675 ex
1465 2640 1634 2674 Ecclesia
1663 2643 1707 2673 ut

643 2691 772 2725 Uxore
788 2693 824 2725 et
839 2690 985 2729 Matre,
1003 2691 1083 2724 sint
1099 2700 1224 2724 omnes
1238 2688 1472 2734 spirituales,
1491 2691 1527 2721 et
1544 2689 1586 2721 in
1612 2687 1646 2720 V
1645 2697 1705 2720 er-

634 2738 676 2771 bi
688 2748 798 2772 sensu
818 2737 1027 2782 spirituali
1040 2737 1317 2782 intellegantur
1326 2735 1515 2781 perfilios
1530 2738 1567 2768 et
1580 2734 1703 2778 filias,

622 2785 784 2831 fratres
809 2788 844 2818 et
874 2795 1029 2823 sorores,
1049 2794 1213 2829 generos
1239 2787 1275 2817 et
1301 2793 1435 2823 nurus,
1462 2785 1499 2816 et
1517 2784 1594 2826 per
1620 2781 1703 2814 alia

631 2832 799 2871 nomina,
818 2842 915 2876 quae
930 2834 1021 2865 sunt
1028 2831 1307 2877 generationis.

434 2875 515 2922 (iv.)
545 2878 658 2924 Quod
674 2878 800 2923 proles
827 2879 1062 2923 spirituales,
1092 2889 1190 2922 quae
1213 2880 1428 2911 nascuntur
1455 2886 1504 2910 ex
1526 2875 1705 2920 conjugio

639 2925 801 2959 Domini
820 2936 904 2960 cum
931 2925 1113 2965 Ecclesia,
1133 2926 1215 2959 sint
1237 2935 1343 2963 vera,
1361 2934 1410 2958 ex
1429 2922 1564 2967 quibus
1589 2921 1702 2955 intel-

634 2972 756 3012 lectus,
775 2974 972 3017 perceptio
996 2975 1032 3006 et
1066 2974 1191 3006 omnis
1213 2972 1407 3017 cogitatio,
1432 2973 1470 3004 et
1501 2969 1603 3014 quod
1623 2970 1703 3003 sint

633 3019 738 3059 bona,
756 3030 805 3054 ex
821 3019 957 3064 quibus
972 3030 1091 3059 amor,
1105 3019 1290 3059 charitas,
1305 3021 1342 3053 et
1357 3019 1479 3053 omnis
1498 3017 1658 3062 affei't'io.
