2014 3386
539 352 606 386 DE
637 350 817 384 AMORE
849 348 1273 393 coNJUG1AL1.-N.
1304 349 1400 392 207.
1638 337 1714 390 167

221 475 378 525 potest
400 466 573 510 ,obduci
612 481 639 508 a
679 466 890 520 proxima
919 464 1061 520 prole,
1095 464 1175 506 sed
1216 477 1357 518 usque
1389 463 1540 517 prodit
1580 468 1628 504 et
1668 477 1717 504 se

221 533 467 575 revelatin
494 531 711 585 progenie
738 536 914 583 postea.
975 527 1112 581 Quod
1139 529 1290 568 anima
1315 527 1374 568 sit
1401 539 1460 567 ex
1489 532 1634 580 patre,
1662 539 1714 567 ac

220 596 414 638 induitio
445 609 505 637 ex
536 600 697 643 matre,
725 592 941 634 illustrari
967 598 1125 646 potest
1157 605 1236 645 per
1267 589 1466 644 analoga
1497 591 1541 631 in
1573 603 1717 643 regno

220 658 499 714 vegetabili:
533 658 577 698 in
603 657 705 706 hoc,
730 663 852 698 terra
878 670 956 697 seu
982 656 1144 697 humus
1167 661 1238 696 est
1265 654 1518 695 communis
1541 659 1714 704 mater;

219 723 333 765 haec
366 723 411 764 in
443 735 491 762 se
518 722 632 762 sicut
663 721 707 761 in
740 726 871 761 utero
902 719 1074 772 recipit,
1104 725 1151 759 et
1182 718 1330 759 induit
1358 718 1548 766 semina,
1575 717 1716 757 immo

219 786 346 840 quasi
377 784 456 826 illa
488 784 706 837 concipit,
734 789 905 836 gestat,
933 782 1099 836 gignit,
1132 787 1180 823 et
1212 781 1394 830 educat,
1422 781 1540 822 sicut
1570 785 1716 821 mater

218 862 323 890 suas
349 847 590 903 progenies
617 861 676 888 ex
701 853 844 901 patre.

218 983 347 1029 207.
388 973 474 1015 His
495 972 703 1026 adjiciam
725 972 814 1014 duo
838 970 1170 1014 Memorabilia.
1232 971 1428 1012 Primum
1454 970 1542 1012 hoc
1559 983 1630 1011 :—

291 1059 389 1095 Post
413 1059 576 1105 aliquod
595 1066 753 1104 tempus
779 1057 952 1104 spectavi
978 1058 1027 1093 ad
1054 1059 1191 1093 urbem
1211 1058 1477 1098 Athenaeum,
1497 1058 1546 1093 de
1572 1068 1651 1103 qua
1676 1057 1716 1093 in

219 1112 339 1159 priori
361 1111 607 1147 Memorabili
621 1111 770 1157 aliquid
785 1111 935 1162 dic'turn
954 1118 1032 1151 est;
1058 1118 1099 1146 et
1116 1110 1249 1146 audivi
1270 1111 1362 1146 inde
1381 1111 1594 1146 clamorem
1613 1111 1717 1146 inso-

218 1165 356 1206 litum:
390 1172 475 1200 erat
501 1165 540 1199 in
568 1165 636 1199 illo
656 1164 804 1210 aliquid
828 1164 938 1204 risus,
961 1164 999 1198 in
1023 1164 1099 1199 hoc
1119 1163 1267 1209 aliquid
1291 1164 1587 1210 indignationis,
1610 1170 1650 1199 et
1677 1164 1716 1199 in
1761 1184 1763 1189 ν

219 1218 293 1253 hac
309 1218 461 1264 aliquid
481 1216 722 1258 maestitiae3
747 1223 789 1252 at
809 1227 934 1262 usque
952 1217 1102 1251 clamor
1123 1216 1187 1251 ille
1209 1227 1288 1252 non
1308 1216 1400 1252 inde
1419 1223 1502 1252 erat
1521 1217 1715 1257 dissonus,

216 1271 287 1307 sed
305 1281 516 1310 consonus,
537 1270 630 1316 quia
645 1281 768 1304 unum
788 1280 869 1304 non
888 1276 972 1304 erat
990 1269 1106 1304 simul
1124 1281 1214 1304 cum
1234 1269 1369 1310 altero,
1385 1270 1453 1304 sed
1473 1281 1596 1304 unum
1615 1270 1718 1305 intra

218 1323 410 1364 alterum:
437 1323 475 1357 in
499 1323 650 1357 mundo
667 1322 859 1368 spirituali
878 1322 1093 1368 percipitur
1114 1322 1152 1357 in
1171 1333 1270 1357 sono
1289 1321 1475 1358 distincte
1490 1322 1660 1358 varietas
1678 1329 1718 1358 et

221 1376 486 1412 commixtura
503 1375 773 1411 affectionum.

289 1428 476 1476 Quaesivi
491 1439 512 1464 e
527 1428 759 1475 longinquo,
775 1433 796 1446 “
807 1427 914 1475 Quid
930 1428 984 1463 rei
996 1427 1036 1463 ?'’
1078 1427 1127 1462 Et
1141 1428 1337 1468 dixerunt,
1351 1427 1505 1463 “Venit
1521 1428 1682 1464 nuntius
1695 1439 1717 1464 e

219 1481 319 1522 loco,
334 1481 401 1516 ubi
419 1481 594 1516 advenae
612 1492 634 1516 e
652 1480 878 1516 Christiano
896 1481 991 1516 orbe
1007 1481 1176 1527 primum
1191 1487 1393 1526 apparent,
1409 1481 1554 1522 dicens,
1570 1482 1677 1527 quod
1695 1492 1719 1517 a

218 1534 345 1570 tribus
363 1533 415 1569 ibi
433 1533 639 1571 audiverit,
657 1534 764 1579 quod
785 1533 824 1568 in
844 1534 1004 1572 mundo.
1023 1534 1128 1569 unde
1146 1540 1353 1574 venerunt,
1371 1545 1461 1568 cum
1480 1534 1642 1580 reliquis
1663 1534 1716 1569 ibi

218 1586 471 1626 crediderint,
484 1586 592 1632 quod
607 1586 732 1621 beatis
745 1593 786 1621 et
800 1585 980 1621 felicibus
991 1593 1081 1632 post
1096 1593 1264 1621 mortem
1277 1586 1410 1621 futura
1423 1587 1474 1622 sit
1487 1587 1720 1623 omnimoda

220 1636 376 1685 requies
395 1650 419 1674 a
438 1639 657 1678 laboribus:
686 1645 726 1674 et
747 1639 839 1684 quia
859 1639 1232 1678 administrationes,
1255 1639 1384 1674 officia
1403 1646 1444 1674 et
1465 1650 1607 1685 operae
1625 1647 1718 1675 sunt

220 1692 385 1732 labores,
400 1692 507 1738 quod
527 1692 683 1737 requies
700 1692 750 1726 ab
769 1692 844 1727 illis
864 1691 997 1727 futura
1013 1691 1085 1727 sit:
1111 1699 1152 1727 et
1169 1692 1262 1737 quia
1278 1699 1359 1728 tres
1378 1692 1430 1726 illi
1448 1693 1498 1727 ab
1515 1692 1719 1728 emissario

220 1751 357 1780 nostro
379 1755 483 1779 nunc
503 1743 664 1779 addufti
686 1750 788 1784 sunt,
807 1751 849 1780 et
866 1751 972 1780 stant
990 1751 1082 1779 ante
1101 1751 1254 1790 portam
1273 1751 1314 1779 et
1331 1744 1572 1790 exspectant.
1592 1744 1718 1780 factus

219 1804 279 1832 est
292 1797 450 1837 clamor,
466 1803 507 1832 et
525 1807 574 1832 ex
591 1797 776 1832 consulto
791 1803 1026 1837 statuerunt,
1041 1797 1150 1843 quod
1172 1808 1252 1832 non
1272 1797 1311 1832 in
1330 1798 1544 1843 palladium
1565 1798 1603 1832 in
1625 1798 1718 1833 Par-

208 1843 362 1889 nassio,
382 1856 426 1884 ut
445 1849 604 1896 priores,
621 1849 689 1884 sed
711 1849 749 1884 in
765 1861 952 1896 magnum
966 1850 1209 1885 auditorium
1230 1850 1282 1885 ibi
1302 1851 1657 1891 introducerentur,
1673 1857 1719 1886 ut

219 1902 398 1948 aperiant
409 1913 512 1938 nova
525 1914 596 1937 sua
610 1914 631 1937 e
647 1902 873 1938 Christiano
885 1903 980 1938 orbe
993 1915 1001 1944 ;
1022 1910 1062 1938 et
1073 1903 1245 1950 ablegati
1258 1910 1350 1938 sunt
1363 1903 1496 1950 aliqui,
1509 1904 1577 1950 qui
1589 1904 1719 1939 solen-

219 1955 323 1990 niter
340 1954 427 1990 illos
446 1955 778 1991 introducerent.'’

292 2007 397 2055 Quia
409 2018 513 2043 eram
531 2008 569 2042 in
585 2008 736 2054 spiritu,
753 2015 794 2043 et
808 2007 1010 2054 spiritibus
1025 2008 1235 2044 distantiae
1250 2015 1343 2044 sunt
1357 2009 1576 2044 secundum
1591 2015 1719 2046 status

219 2059 476 2096 affectionum
504 2061 674 2101 illorum,
693 2067 734 2096 et
754 2061 849 2107 quia
869 2068 965 2096 tunc
987 2061 1083 2096 mihi
1109 2061 1269 2097 affec‘tio
1286 2062 1448 2097 videndi
1469 2069 1510 2097 et
1530 2062 1718 2098 audiendi

221 2113 308 2149 illos
325 2119 420 2154 erat,
438 2113 546 2149 visus
564 2113 660 2148 mihi
679 2125 766 2149 sum
786 2125 970 2160 praesens
989 2114 1063 2154 ibi;
1089 2121 1130 2149 et
1146 2114 1228 2149 vidi
1248 2114 1506 2155 introduc'tos,
1526 2122 1566 2150 et
1583 2115 1720 2151 audivi

220 2166 440 2212 loquentes.
492 2166 689 2202 Sederunt
707 2166 746 2201 in
761 2167 960 2202 auditorio
973 2167 1149 2202 seniores
1163 2178 1231 2202 seu
1246 2167 1505 2213 sapientiores
1518 2169 1567 2203 ad
1584 2169 1718 2207 latera,

219 2227 265 2254 ac
283 2218 422 2265 reliqui
442 2219 480 2254 in
496 2219 649 2259 medio:
676 2226 716 2254 et
733 2226 826 2254 ante
842 2220 915 2254 hos
929 2227 1014 2255 erat
1027 2220 1226 2255 elevatum
1242 2221 1392 2261 solum:
1414 2221 1492 2255 huc
1505 2227 1586 2256 tres
1600 2221 1719 2258 adve-

220 2281 294 2306 nae
319 2281 410 2306 cum
437 2272 579 2307 nuntio
606 2272 645 2307 in
672 2272 826 2307 solenni
852 2273 1045 2307 comitatu
1071 2283 1095 2307 a
1123 2273 1423 2308 minorennibus
1448 2284 1518 2319 per
1543 2273 1718 2309 medium

219 2323 405 2360 auditorii
421 2323 591 2360 traducti
606 2332 717 2366 sunt:
743 2332 784 2360 et
802 2332 892 2371 post
907 2325 1108 2360 silentium
1124 2325 1283 2365 factum,
1295 2326 1456 2361 salutati
1470 2333 1563 2361 sunt
1580 2337 1603 2361 a
1620 2336 1718 2372 quo-

221 2376 311 2412 dam
328 2377 547 2423 majorenni
563 2377 627 2418 ibi,
642 2385 683 2413 et
700 2378 879 2423 quaesiti,
893 2383 912 2397 ¹⁴
926 2377 1031 2424 Quid
1049 2378 1142 2413 novi
1160 2389 1182 2413 e
1199 2385 1304 2414 terra
1315 2378 1355 2414 ?”

295 2429 346 2465 Et
363 2429 561 2470 dixerunt,
582 2435 602 2448 ‘⁴
616 2430 718 2466 Sunt
733 2430 858 2466 multa
872 2441 987 2471 nova,
1006 2431 1074 2466 sed
1094 2431 1158 2466 dic
1176 2442 1326 2477 quaeso
1344 2431 1394 2467 de
1411 2442 1490 2477 qua
1507 2431 1584 2467 re.”

295 2481 345 2518 Et
371 2483 576 2528 respondit
602 2483 852 2529 majorennis,
873 2482 1012 2531 “Quid
1035 2484 1130 2519 novi
1155 2495 1177 2520 e
1198 2491 1304 2519 terra
1325 2485 1375 2520 de
1401 2491 1540 2520 nostro
1567 2483 1718 2520 mundo

221 2541 263 2570 et
280 2534 330 2570 de
348 2535 459 2571 caelo
472 2535 511 2571 ?''

295 2587 345 2622 Et
362 2588 661 2634 responderunt,
682 2589 793 2635 quod
812 2600 900 2624 curn
921 2596 1100 2625 recentes
1123 2589 1160 2624 in
1184 2589 1290 2624 hunc
1309 2589 1502 2624 mundum
1522 2590 1717 2629 venimus,

222 2639 499 2680 audiverimus,
522 2642 628 2687 quod
651 2641 704 2676 ibi
731 2648 771 2677 et
797 2641 837 2676 in
863 2642 974 2677 caelo
996 2642 1076 2677 sint
1096 2642 1470 2682 administrationes,
1490 2641 1718 2681 ministeria,

224 2691 457 2734 functiones,
478 2694 780 2740 negotiationes,
796 2695 928 2730 studia
945 2695 1123 2730 omnium
1144 2695 1451 2741 disciplinarum,
1466 2702 1507 2730 et
1522 2694 1719 2729 mirabiles

223 2754 385 2790 operae;
404 2750 424 2765 ‘⁴
434 2753 475 2781 et
488 2753 622 2781 tamen
637 2747 877 2782 credidimus
892 2748 999 2793 quod
1019 2755 1109 2793 post
1122 2748 1397 2794 migrationem
1413 2759 1480 2782 seu
1495 2746 1719 2782 translatio-

225 2806 314 2831 nem
340 2808 362 2833 e
388 2799 539 2834 mundo
557 2799 726 2834 naturali
753 2799 792 2834 in
814 2799 920 2834 hunc
938 2800 1195 2845 spiritualem,
1216 2800 1254 2834 in
1276 2807 1474 2835 aeternam
1495 2799 1670 2845 requiem
1696 2796 1720 2834 a

224 2847 424 2886 laboribus
439 2851 595 2886 venturi
613 2851 756 2887 simus:
782 2858 823 2887 et
840 2852 935 2898 quid
955 2851 1180 2887 functiones
1197 2852 1271 2887 nisi
1290 2853 1443 2887 labores
1455 2852 1494 2887 ?''

296 2902 361 2937 Ad
380 2902 478 2938 haec
496 2904 736 2948 majorennis
754 2904 866 2944 dixit,
881 2910 900 2923 ‘⁸
915 2904 1020 2939 Num
1040 2915 1109 2950 per
1126 2911 1326 2940 aeternam
1342 2904 1516 2949 requiem
1535 2914 1558 2938 a
1576 2902 1718 2939 labori-

226 2954 300 2989 bus
317 2954 566 2991 intellexistis
582 2963 785 2991 aeternum
804 2957 941 2997 otium,
962 2957 999 2991 in
1022 2968 1102 3002 quo
1120 2957 1307 2992 continue
1327 2956 1517 2991 sederetis
1539 2962 1579 2991 et
1599 2956 1719 2992 cuba-

227 3005 331 3048 retis,
349 3009 593 3044 attrahentes
611 3008 772 3044 delicias
790 3008 962 3055 pectore,
981 3016 1022 3044 et
1039 3010 1247 3045 sorbentes
1266 3009 1413 3055 gaudia
1431 3019 1498 3044 ore
1510 3007 1552 3044 ?''
