2014 3386
565 348 632 380 DE
664 346 844 380 AMORE
877 347 1301 390 CONJUGIAL1.-—N.
1330 349 1424 391 233.
1662 342 1740 392 189

241 472 316 498 vus
329 460 382 498 sit
399 460 522 508 niger,
537 461 606 496 sed
627 471 706 496 non
722 467 836 507 potes
855 460 893 496 id
909 460 1084 508 cogitare
1099 473 1107 502 ;
1133 467 1177 496 ut
1196 471 1269 507 pro
1283 460 1479 506 exemplo,
1496 466 1611 506 potes
1625 460 1737 507 loqui

241 526 291 551 ex
311 514 552 561 apparentia,
575 514 682 560 quod
704 514 764 549 sol
786 514 945 555 oriatur,
969 514 1255 561 progrediatur,
1278 520 1319 549 et
1344 514 1525 554 occidat;
1553 514 1622 549 sed
1645 515 1739 560 quia

239 579 282 604 es
301 568 433 609 homo,
456 578 536 603 non
556 573 670 613 potes
688 567 866 614 cogitare
885 567 935 608 id,
951 567 1044 613 quia
1060 567 1120 603 sol
1139 573 1218 602 stat
1237 567 1437 607 immotus,
1453 573 1492 602 et
1510 567 1628 603 tellus
1646 579 1738 614 pro-

237 621 439 668 greditur:
473 620 603 656 simile
633 627 695 656 est
724 631 813 655 cum
845 631 985 662 corvo;
1022 620 1255 666 apparentia
1284 627 1346 656 est
1379 621 1634 666 apparentia3
1672 621 1737 656 dic

237 674 428 720 quicquid
454 673 525 714 vis,
545 684 688 709 corvus
714 680 775 709 est
799 680 910 709 totus
936 681 1110 720 quantus
1134 674 1269 715 albus;
1303 673 1470 709 albescit
1495 673 1617 709 etiam
1645 684 1735 710 cum

236 727 421 768 senescit,
440 726 518 762 hoc
534 725 654 762 vidi.''

310 779 466 815 Deinde
492 780 720 826 rogavimus
747 779 868 820 illum,
895 785 940 814 ut
973 779 1124 815 diceret
1159 790 1208 814 ex
1242 779 1373 820 corde,
1400 790 1495 814 num
1522 779 1734 826 joculetur,

235 832 300 868 vel
321 843 416 868 num
437 833 585 873 credat,
604 833 711 878 quod
733 843 814 868 non
841 833 893 868 sit
918 833 1080 879 aliquod
1098 843 1236 868 verum
1258 832 1334 868 nisi
1355 831 1471 879 quod'
1490 833 1614 869 homo
1631 832 1733 880 ¹facit

235 896 374 921 verum
390 897 399 927 ;
424 892 465 921 et
482 886 701 931 respondit,
722 885 849 933 “Juro
866 886 974 932 quod
993 885 1191 921 credam.''

308 938 457 974 Postea
482 939 639 985 legatus
664 939 875 985 quaesivit,
901 950 997 974 num
1023 945 1159 985 posset
1184 937 1478 974 facere-verum
1506 939 1614 986 quod
1649 939 1733 986 ipse

235 991 438 1028 insaniret.

306 1045 356 1080 Et
373 1045 484 1086 dixit,
504 1050 525 1063 “
539 1044 710 1081 Possum
729 1045 798 1081 sed
818 1055 899 1080 non
916 1045 1031 1086 volo:
1057 1044 1147 1091 quis
1166 1055 1247 1080 non
1266 1044 1413 1081 insanit
1425 1044 1465 1081 ?''

305 1097 404 1134 Post
422 1098 522 1133 haec
540 1098 775 1134 universalis
794 1099 860 1134 ille
878 1098 1137 1134 confirmator
1155 1099 1299 1134 missus
1318 1105 1378 1134 est
1396 1098 1446 1133 ad
1468 1097 1644 1145 angelos,
1663 1098 1731 1145 qui

230 1151 486 1197 explorarent
513 1151 622 1186 illum
650 1152 778 1198 qualis
795 1158 877 1193 est;
915 1158 956 1187 et
990 1151 1032 1186 hi
1062 1158 1155 1197 post
1183 1151 1499 1197 explorationem
1530 1152 1730 1192 dixerunt,

230 1204 340 1251 quod
367 1204 433 1240 ille
459 1215 508 1239 ne
530 1205 692 1250 quidem
718 1215 883 1251 granum
913 1204 1138 1240 intellectus
1165 1205 1378 1250 possideat,
1401 1205 1529 1251 “quia
1549 1216 1668 1240 omne
1690 1205 1729 1240 id

229 1258 340 1304 quod
359 1269 479 1303 supra
496 1258 690 1293 rationale
704 1264 775 1299 est,
790 1258 896 1303 apud
916 1258 1027 1292 illum
1044 1258 1247 1293 occlusum
1267 1265 1338 1298 est,
1353 1265 1394 1293 et
1411 1258 1541 1293 solum
1562 1258 1600 1293 id
1620 1259 1729 1304 quod

230 1310 334 1346 infra
351 1311 544 1346 rationale
562 1317 635 1350 est,
652 1317 835 1356 apertum
853 1318 933 1351 est:
959 1322 1078 1357 supra
1095 1311 1288 1346 rationale
1307 1318 1368 1346 est
1385 1312 1452 1346 lux
1470 1311 1664 1352 caelestis,
1684 1322 1730 1347 ac

229 1363 334 1399 infra
350 1364 545 1399 rationale
567 1371 628 1399 est
649 1364 716 1398 lux
738 1364 939 1404 naturalis,
957 1371 998 1399 et
1024 1365 1123 1399 haec
1144 1364 1211 1399 lux
1232 1364 1323 1399 talis
1344 1371 1405 1399 est
1427 1370 1472 1399 ut
1492 1364 1729 1400 confirmare

230 1417 358 1463 possit
375 1417 564 1463 quicquid
582 1417 718 1458 lubet;
744 1423 785 1452 at
806 1417 838 1452 si
860 1428 940 1452 non
962 1417 1030 1452 lux
1048 1418 1230 1453 caelestis
1249 1417 1380 1452 influit
1402 1417 1441 1452 in
1463 1417 1592 1453 lucem
1612 1425 1728 1453 natu-

228 1470 362 1510 ralem,
382 1469 506 1505 homo
532 1480 613 1505 non
634 1470 745 1505 videt
767 1481 862 1504 num
880 1470 1042 1516 aliquod
1064 1481 1203 1506 verum
1224 1471 1277 1506 sit
1302 1481 1454 1511 verum,
1473 1477 1513 1506 et
1540 1471 1632 1506 inde
1654 1482 1728 1506 nec

228 1523 338 1569 quod
360 1523 522 1569 aliquod
549 1522 692 1558 falsum
714 1523 767 1558 sit
788 1522 956 1565 falsum;
990 1530 1031 1558 et
1051 1523 1151 1558 haec
1172 1530 1213 1559 et
1235 1524 1302 1558 illa
1320 1523 1467 1564 videre,
1486 1530 1547 1559 est
1569 1535 1617 1559 ex
1638 1524 1727 1559 luce

227 1576 391 1611 caelesti
407 1576 446 1611 in
462 1577 549 1611 luce
564 1575 746 1616 naturali,
760 1583 800 1611 et
813 1575 884 1611 lux
900 1575 1082 1612 caelestis
1098 1583 1158 1612 est
1171 1587 1194 1612 a
1209 1576 1296 1612 Deo
1308 1577 1417 1616 caeli,
1429 1576 1496 1622 qui
1510 1583 1572 1612 est
1587 1577 1726 1612 Domi-

227 1640 323 1667 nus;
350 1640 472 1675 quare
486 1629 720 1665 universalis
740 1629 805 1664 ille
822 1629 1080 1665 confirmator
1092 1640 1173 1665 non
1191 1637 1252 1665 est
1270 1629 1392 1665 homo
1410 1641 1485 1665 nec
1503 1630 1640 1671 bestia,
1655 1630 1724 1666 sed

225 1689 288 1718 est
306 1682 434 1717 bestia
451 1682 612 1718 h0m0.”

301 1733 491 1782 Quaesivi
511 1735 697 1781 angelum
716 1734 766 1770 de
783 1741 892 1771 sorte
909 1734 1063 1776 talium,
1082 1741 1123 1770 et
1142 1746 1237 1770 num
1256 1735 1411 1782 possint
1429 1746 1509 1771 una
1526 1746 1614 1771 esse
1632 1746 1723 1771 cum

223 1787 337 1829 vivis,
357 1788 451 1834 quia
467 1788 551 1823 vita
569 1787 723 1823 homini
741 1795 803 1824 est
823 1799 873 1823 ex
894 1788 982 1824 luce
1000 1788 1173 1829 caelesti,
1192 1795 1232 1824 et
1253 1800 1302 1824 ex
1323 1789 1398 1824 hac
1415 1795 1476 1824 est
1498 1788 1724 1825 intelleEIus

223 1841 311 1886 ejus
325 1852 333 1882 ;
358 1847 400 1876 et
414 1841 527 1882 dixit,
540 1841 648 1887 quod
666 1841 778 1882 tales,
792 1852 882 1876 curn
895 1842 969 1877 soli
985 1848 1089 1882 sunt,
1105 1853 1185 1877 non
1200 1842 1355 1887 possint
1367 1842 1517 1888 aliquid
1532 1842 1722 1889 cogitare,

223 1900 264 1929 et
291 1894 384 1930 inde
400 1894 521 1940 loqui,
540 1895 610 1930 sed
636 1895 744 1941 quod
766 1901 875 1930 stent
899 1894 1002 1930 sicut
1021 1895 1229 1930 machinae
1251 1895 1362 1935 muti,
1381 1902 1421 1930 et
1447 1896 1549 1930 sicut
1575 1896 1613 1930 in
1640 1896 1723 1931 alto

223 1957 390 1993 sopore:
415 1954 456 1982 at
469 1947 577 1994 quod
593 1948 928 1994 expergiscantur,
943 1955 988 1983 ut
1006 1948 1176 1994 primum
1192 1948 1352 1983 auribus
1370 1955 1535 1994 captant
1549 1949 1698 1995 aliquid
1714 1960 1722 1985 :

221 2006 264 2035 et
288 2000 455 2040 addidit,
474 2000 582 2046 quod
610 2001 666 2035 illi
689 2000 786 2036 fiant
803 2001 915 2041 tales,
934 2001 1003 2047 qui
1023 2001 1161 2036 intime
1184 2001 1276 2036 mali
1299 2008 1414 2037 sunt:
1449 2002 1518 2036 “in
1541 2002 1615 2037 hos
1640 2014 1720 2038 non

224 2059 359 2099 potest
377 2053 444 2088 lux
461 2053 645 2089 caelestis
662 2065 686 2089 a
703 2054 897 2100 superiori
916 2054 1090 2095 influere,
1106 2054 1175 2090 sed
1195 2055 1317 2090 modo
1335 2055 1497 2101 aliquod
1515 2055 1720 2101 spirituale

221 2116 293 2152 per
310 2106 516 2146 mundum,
535 2107 642 2142 unde
661 2106 736 2142 illis
755 2107 922 2143 facultas
939 2107 1202 2143 confirmandi
1220 2107 1316 2143 est.''

294 2158 369 2194 His
391 2158 518 2200 dietis,
537 2159 671 2195 audivi
692 2170 832 2196 vocem
856 2171 904 2195 ex
924 2161 1086 2207 angelis,
1106 2161 1173 2207 qui
1195 2161 1503 2207 exploraverunt
1525 2161 1649 2202 illum,
1667 2161 1718 2197 ad

221 2222 296 2251 me,
315 2212 562 2253 [¹1dicentem,
581 2217 602 2231 “
617 2213 694 2248 Fac
711 2223 760 2248 ex
773 2213 922 2249 auditis
939 2213 1016 2249 illis
1030 2214 1252 2250 universale
1272 2214 1542 2250 conclusum.''

294 2265 344 2300 Et
370 2265 445 2300 feci
472 2265 569 2301 hoc:
619 2265 770 2313 “Quod
797 2277 914 2312 posse
935 2266 1171 2303 confirmare
1195 2267 1385 2313 quicquid
1414 2267 1535 2308 lubet,
1558 2278 1639 2303 non
1665 2267 1718 2303 sit

220 2316 501 2365 intelligentis;
527 2318 597 2353 sed
617 2319 724 2365 quod
745 2330 860 2365 posse
877 2319 1025 2361 videre,
1041 2320 1149 2366 quod
1164 2331 1301 2355 verum
1316 2321 1367 2355 sit
1385 2331 1534 2360 verum,
1549 2327 1590 2356 et
1608 2321 1715 2366 quod

218 2369 363 2406 falsum
382 2371 434 2406 sit
453 2370 607 2412 falsum,
627 2378 667 2407 et
686 2372 724 2407 id
744 2372 989 2413 confirmare,
1012 2373 1063 2408 sit
1082 2373 1377 2420 intelligentis.''

291 2423 389 2459 Post
407 2424 505 2459 haec
518 2423 692 2470 spe-&avi
711 2425 760 2460 ad
779 2432 939 2461 coetum
955 2426 1022 2461 ubi
1040 2427 1199 2461 stabant
1217 2426 1528 2468 confirmatores,
1543 2435 1583 2464 et
1601 2429 1717 2464 turba

217 2475 365 2511 circum
381 2476 470 2512 illos
481 2477 689 2518 clamabat,
703 2482 722 2496 “
733 2477 769 2514 O
780 2489 900 2524 quam
915 2479 1114 2525 sapientes
1127 2478 1159 2520 ;”
1176 2486 1218 2515 et
1229 2490 1320 2515 ecce
1335 2481 1460 2516 nubes
1474 2480 1584 2516 fusca
1595 2482 1715 2517 obve-

217 2528 316 2564 lavit
335 2529 434 2570 illos,
448 2536 489 2565 et
507 2530 546 2565 in
566 2531 670 2566 nube
684 2531 874 2566 volabant
888 2532 1020 2567 ululae
1039 2539 1080 2567 et
1093 2532 1398 2578 vespertiliones
1414 2545 1422 2574 ;
1449 2541 1489 2569 et
1507 2534 1716 2570 dicebatur

217 2580 327 2622 mihi,
346 2587 367 2600 ¹⁴
380 2582 524 2618 Ululae
545 2590 586 2618 et
606 2584 910 2629 vespertiliones
933 2585 973 2619 in
995 2586 1100 2621 nube
1122 2585 1232 2621 fusca
1251 2586 1445 2627 volantes,
1468 2594 1562 2622 sunt
1583 2598 1713 2622 corre-

216 2635 492 2679 spondentiae,
519 2642 559 2671 et
593 2636 685 2671 inde
714 2637 971 2683 apparentiae
996 2638 1286 2685 cogitationum
1309 2639 1488 2680 illorum;
1523 2640 1712 2685 quoniam

215 2687 539 2724 confirmationes
553 2688 771 2724 falsitatum
786 2701 911 2736 usque
928 2697 973 2726 ut
990 2698 1209 2737 appareant
1223 2692 1326 2727 sicut
1340 2693 1541 2733 veritates,
1557 2704 1712 2738 reprae-

215 2746 426 2775 sentantur
452 2739 490 2775 in
518 2741 595 2776 hoc
621 2742 773 2778 mundo
798 2744 872 2779 sub
897 2742 1035 2779 formis
1061 2744 1193 2780 avium
1216 2745 1355 2786 noblis,
1377 2756 1547 2791 quorum
1573 2746 1711 2781 oculos

215 2789 325 2828 fatua
340 2792 409 2828 lux
427 2793 534 2829 intus
556 2794 764 2836 illuminat,
782 2806 832 2831 ex
849 2806 928 2842 qua
944 2797 1083 2832 vident
1104 2796 1261 2843 objec’ta
1282 2798 1321 2833 in
1342 2798 1528 2838 tenebris,
1547 2797 1651 2833 sicut
1670 2798 1709 2833 in

214 2843 314 2881 luce.
363 2845 470 2882 Talis
488 2846 555 2882 lux
574 2846 683 2883 fatua
699 2848 914 2894 spiritualis
933 2855 994 2885 est
1013 2850 1100 2890 illis,
1115 2850 1182 2896 qui
1201 2850 1439 2886 confirmant
1457 2850 1565 2890 falsa,
1583 2861 1709 2896 usque

214 2896 310 2932 dum
335 2898 525 2934 videntur
553 2899 656 2935 sieut
682 2911 786 2942 vera,
812 2912 859 2937 ac
887 2909 1027 2948 postea
1055 2903 1243 2938 dicuntur
1275 2910 1315 2939 et
1348 2904 1569 2939 creduntur
1593 2913 1708 2939 vera:

214 2956 307 2985 sunt
324 2961 465 2987 omnes
483 2951 539 2987 illi
558 2952 598 2987 in
615 2953 769 2990 visione
791 2955 1021 3000 posteriore,
1039 2962 1079 2991 et
1099 2966 1178 2991 non
1198 2956 1237 2991 in
1256 2956 1391 3002 aliquo
1409 2956 1495 2991 visu
1515 2955 1671 3002 priori.''
