2014 3386
309 356 388 400 392
752 353 1082 386 VOLUPTATES
1116 353 1361 386 INSANIAE

305 470 365 514 tis
400 471 538 524 frigus
582 483 609 512 a
645 469 876 511 communi
914 483 971 511 ex
1009 468 1107 523 jugi
1142 468 1286 519 licito,
1313 474 1361 511 et
1400 483 1578 525 quoque
1609 485 1669 513 ex
1700 471 1804 515 idea

306 535 522 576 lasciviae
547 534 604 576 de
626 533 731 583 illis,
755 533 1021 575 oriundum:
1061 538 1108 574 et
1134 532 1221 575 hae
1243 535 1590 587 repugnantiae,
1615 536 1804 579 tametsi

306 599 579 646 accendunt,
607 611 747 652 usque
779 610 872 639 non
903 602 1009 638 sunt
1039 610 1219 646 causae,
1254 597 1335 638 sed
1367 598 1506 639 modo
1537 605 1643 640 sunt
1673 599 1804 642 initia

301 662 433 716 hujus
460 662 685 703 libidinis:
719 674 857 703 causa
882 659 976 714 ejus
1002 666 1090 709 est,
1117 660 1239 714 quod
1265 666 1511 715 postquam
1536 674 1666 703 amor
1692 676 1802 704 con-

299 725 496 782 jugialis,
523 731 572 767 et
603 722 784 780 quoque
810 737 938 766 amor
964 724 1266 765 scortatorius
1292 737 1373 778 per
1398 726 1636 775 exercitia,
1665 726 1803 768 obso-

304 790 528 838 leverunt,
567 795 617 830 ut
657 794 940 842 reparentur,
977 787 1123 829 velint
1165 787 1404 840 ignescere
1443 802 1524 842 per
1563 789 1802 831 absolutas

302 853 646 907 repugnantias.
709 852 838 893 Haec
871 851 1013 893 libido
1045 851 1110 892 ita
1140 851 1327 906 incepta
1352 852 1516 894 crescit
1549 859 1727 907 postea,
1754 859 1803 895 et

301 917 418 959 sicut
436 917 614 965 crescit,
634 929 794 957 omnes
816 915 987 957 limites
1008 915 1175 956 amoris
1198 929 1337 956 sexus
1357 916 1528 970 spernit
1546 922 1593 958 et
1615 917 1799 970 rumpit,

303 986 350 1022 et
377 981 660 1022 exterminat
687 994 750 1030 se,
775 986 823 1021 et
849 980 907 1021 ab
932 992 1088 1021 amore
1113 979 1286 1021 lascivo
1312 993 1532 1035 corporeo
1560 986 1607 1022 et
1633 994 1802 1022 carneo

302 1043 352 1085 fit
389 1044 716 1097 cartilagineus
754 1050 802 1085 et
845 1057 1018 1092 osseus,
1052 1049 1100 1084 et
1139 1049 1249 1085 tunc
1287 1057 1349 1085 ex
1389 1044 1645 1097 periosteis,
1684 1058 1802 1099 quae

302 1121 440 1149 sensu
470 1106 606 1149 actuo
637 1107 858 1160 gaudent,
893 1105 945 1148 fit
981 1113 1157 1148 acutus.
1218 1105 1309 1148 Sed
1341 1121 1482 1161 usque
1511 1106 1626 1149 haec
1658 1107 1801 1149 libido

301 1185 402 1212 rara
424 1177 511 1221 est,
535 1171 639 1225 quia
664 1183 756 1211 non
779 1170 914 1219 datur
940 1170 1026 1211 nisi
1051 1170 1172 1224 apud
1198 1169 1303 1211 illos
1329 1171 1403 1225 qui
1429 1169 1690 1224 conjugium
1716 1171 1800 1212 ini-

301 1240 479 1284 verant,
504 1241 552 1275 et
585 1240 694 1276 tunc
728 1234 1052 1282 scortationes,
1086 1247 1227 1287 usque
1253 1234 1360 1275 dum
1387 1234 1628 1276 obsoletae
1653 1232 1800 1277 sactae

301 1304 425 1346 sunt,
450 1303 768 1339 exercuerant.
831 1297 1018 1338 Praeter
1039 1296 1157 1337 hanc
1181 1296 1438 1339 naturalem
1461 1309 1645 1339 causam
1671 1296 1802 1352 hujus

301 1360 514 1410 libidinis,
543 1361 679 1402 datur
709 1361 850 1403 etiam
882 1374 1020 1402 causa
1048 1360 1315 1414 spiritualis,
1348 1361 1406 1402 de
1437 1374 1526 1415 qua
1555 1360 1725 1415 aliquid
1755 1361 1801 1402 in

301 1424 612 1479 sequentibus
1754 1437 1758 1440 ’

384 1498 508 1542 512·
550 1486 658 1528 Sors
683 1486 863 1528 illorum
890 1493 996 1540 post
1023 1493 1220 1528 mortem
1247 1486 1354 1529 talis
1387 1493 1486 1530 est:
1519 1493 1628 1529 tunc
1653 1487 1799 1529 viola-

301 1556 426 1592 tores
452 1551 516 1591 illi
543 1557 710 1603 sponte
733 1556 947 1604 separant
972 1564 1021 1591 se
1048 1550 1105 1591 ab
1137 1550 1224 1591 illis
1251 1551 1325 1605 qui
1350 1551 1395 1591 in
1422 1551 1620 1592 limitato
1646 1564 1801 1593 amore

302 1628 440 1655 sexus
467 1621 588 1663 sunt,
617 1621 664 1655 et
691 1628 871 1668 prorsus
897 1614 956 1655 ab
981 1614 1070 1655 illis
1096 1614 1171 1668 qui
1196 1615 1240 1655 in
1267 1627 1422 1656 amore
1449 1614 1707 1668 conjugiali,
1735 1615 1801 1657 ita

303 1692 331 1719 a
366 1678 521 1719 caelo:
564 1684 728 1732 postea
758 1677 1033 1731 delegantur
1071 1678 1129 1719 ad
1169 1684 1323 1719 scorta
1353 1679 1651 1728 astutissima,
1684 1692 1801 1732 quae

300 1755 392 1783 non
424 1742 562 1782 modo
594 1742 902 1795 persuasione,
935 1742 1017 1783 sed
1049 1742 1190 1783 etiam
1222 1756 1282 1783 ex
1315 1742 1568 1783 imitamine
1600 1740 1800 1795 perseste

299 1805 583 1855 histrionico,
617 1812 810 1860 possunt
842 1805 1015 1859 fingere
1047 1811 1095 1847 et
1126 1812 1472 1860 repraesentare
1504 1806 1620 1847 sicut
1649 1806 1800 1848 forent

298 1870 425 1923 ipsae
463 1870 733 1921 castitates;
777 1869 864 1910 hae
903 1869 1043 1922 probe
1084 1870 1378 1923 perspiciunt,
1416 1869 1599 1923 quinam
1639 1869 1683 1910 in
1720 1869 1800 1910 illa

304 1932 490 1973 libidine
523 1939 659 1984 sunt;
707 1946 863 1974 coram
898 1933 967 1973 his
999 1932 1244 1987 loquuntur
1276 1933 1332 1974 de
1364 1933 1580 1974 castitate
1616 1938 1663 1974 et
1703 1931 1798 1986 ejus

299 1996 614 2050 pretiositate;
648 2002 695 2038 et
722 2009 824 2038 cum
847 1996 1045 2037 violator
1066 1996 1262 2045 accedit,
1282 2002 1330 2038 et
1355 1996 1519 2049 tangit,
1539 1995 1798 2037 excandes-

298 2066 423 2109 cunt,
453 2066 499 2101 et
532 2059 752 2113 effugiunt
779 2060 896 2101 sicut
923 2074 983 2101 ex
1016 2066 1189 2101 terrore
1221 2060 1265 2100 in
1297 2058 1598 2108 conclavium,
1627 2059 1702 2101 ubi
1726 2065 1799 2103 est

298 2124 477 2178 sponda
514 2129 561 2165 et
600 2122 759 2176 lectus,
792 2137 845 2165 ac
884 2130 989 2177 post
1027 2137 1075 2164 se
1111 2123 1297 2176 januam
1330 2122 1493 2164 leviter
1530 2122 1796 2174 occludunt,

298 2201 436 2241 seque
462 2193 717 2241 reponunt;
751 2200 804 2228 ac
835 2187 941 2228 inde
967 2200 1047 2240 per
1072 2193 1219 2228 artem
1245 2199 1372 2227 suam
1399 2187 1620 2241 inspirant
1652 2186 1798 2228 viola-

298 2251 387 2292 tori
418 2250 634 2292 effrenem
667 2251 925 2305 cupidinem
958 2250 1225 2291 excutiendi
1265 2249 1467 2303 januam,
1500 2250 1712 2300 irruendi,
1749 2255 1799 2293 et

297 2315 570 2365 invadendi;
613 2314 734 2368 quod
767 2327 869 2355 cum
901 2314 965 2362 fit,
995 2320 1199 2355 scortum
1227 2313 1409 2366 erigens
1441 2327 1490 2354 se
1521 2326 1625 2355 cum
1651 2312 1796 2356 viola·

297 2384 397 2420 tore
419 2379 578 2432 incipit
602 2391 805 2432 pugnare
823 2377 1032 2418 manibus
1054 2383 1101 2418 et
1125 2377 1363 2430 unguibus,
1384 2377 1601 2418 laniando
1619 2377 1796 2426 faciem,

298 2442 592 2483 dilacerando
624 2448 780 2483 vestes
812 2440 920 2495 ejus,
953 2454 1005 2482 ac
1047 2454 1161 2482 voce
1192 2440 1432 2481 furibunda
1463 2439 1707 2482 clamando
1738 2440 1797 2482 ad

297 2511 452 2547 scorta
467 2505 682 2546 consocia
699 2511 748 2546 ut
766 2504 823 2546 ad
841 2503 1031 2545 famulas
1048 2517 1128 2557 pro
1143 2502 1460 2556 opitulatione,
1479 2516 1532 2544 ac
1549 2503 1797 2557 aperiendo

296 2569 561 2617 fenestram,
595 2567 866 2617 vociferans,
897 2567 1042 2616 “Fur,
1076 2567 1261 2620 praedo,
1294 2566 1523 2607 homicida
1539 2566 1573 2616 ;”
1614 2572 1662 2607 et
1693 2578 1826 2615 cum,

295 2632 493 2673 violator
510 2632 554 2672 in
573 2629 780 2673 accinctu
797 2637 883 2681 est,
903 2620 1083 2685 plangit
1102 2637 1149 2671 et
1168 2629 1446 2683 lacrymatur
1463 2644 1472 2680 ;
1505 2636 1552 2671 et
1575 2636 1681 2683 post
1698 2630 1796 2672 vio-

296 2696 519 2737 lationem
545 2695 796 2749 prosternit
824 2709 886 2744 se,
915 2694 1070 2748 ejulat,
1095 2700 1141 2735 et
1168 2688 1354 2743 clama't,
1385 2694 1664 2735 “Infandum
1681 2694 1717 2746 ;''
1746 2700 1796 2737 et

296 2765 406 2802 tunc
429 2759 558 2812 gravi
581 2764 693 2799 tono
713 2758 909 2799 minatur
930 2757 1051 2811 quod
1075 2757 1159 2797 nisi
1180 2756 1478 2798 violationem
1493 2757 1654 2810 grandi
1676 2769 1792 2799 mer-

296 2822 408 2863 cede
435 2822 609 2875 expiet,
634 2821 850 2862 molitura
875 2821 934 2862 sit
962 2821 1206 2874 perniciem
1231 2820 1338 2874 ejus.
1401 2819 1514 2862 Cum
1540 2821 1585 2861 in
1611 2821 1797 2862 scenica

296 2885 380 2926 hac
396 2898 562 2926 venere
580 2891 700 2933 sunt,
720 2890 944 2938 apparent
962 2898 986 2925 e
1005 2883 1258 2937 longinquo
1277 2884 1393 2925 sicut
1410 2883 1535 2931 seles,
1555 2883 1629 2937 qui
1647 2897 1795 2937 paene

297 2948 504 2989 similiter
535 2955 645 2990 ante
673 2946 1017 3001 conjunffiones
1043 2947 1280 2996 dimicant,
1308 2953 1592 3001 procurrunt,
1620 2953 1667 2988 et
1698 2945 1792 3000 eju·

298 3011 409 3054 lant.
473 3012 581 3054 Post
608 3011 782 3066 aliquot
814 3011 927 3055 talia
957 3011 1211 3052 certamina
1237 3010 1485 3064 lupanaria,
1513 3011 1792 3059 eximuntur,
