2014 3386
537 345 604 378 DE
635 344 815 378 AMORE
847 345 1273 388 CONJUGIAL1.——N.
1301 338 1367 391 76.
1645 341 1702 394 67

204 458 300 494 dum
318 457 474 494 fuistis·
465 469 504 493 m
523 458 674 494 mundo
691 458 871 500 naturali,
890 469 940 495 ex
956 459 1070 495 vobis
1086 459 1258 495 vixerint
1275 470 1365 495 cum
1385 460 1562 507 pluribus
1579 472 1697 539 quam

203 521 295 546 cum
315 522 394 547 una
410 522 552 547 uxore.
545 510 585 537 >''

277 564 510 610 Respondit,
524 564 632 610 quod
645 575 725 600 non
738 564 837 600 sciat
850 575 996 605 unum:
1018 569 1137 600 “nam
1152 575 1232 601 non
1245 565 1447 612 potuimus
1461 566 1635 614 cogitare
1650 568 1700 604 de

202 617 391 662 pluribus.
438 616 630 652 Dixerant
651 617 765 652 nobis
786 617 840 652 illi
862 617 930 664 qui
951 617 1232 664 cogitaverant,
1254 618 1363 664 quod
1385 618 1490 654 illico
1510 620 1700 657 caelestes

202 669 469 705 beatitudines
481 669 700 705 animarum
716 670 871 705 illorum
886 671 1118 706 recesserint
1131 671 1181 706 ab
1196 671 1345 706 intimis
1358 671 1408 706 ad
1423 679 1600 708 extrema
1612 683 1699 708 cor-

201 721 309 767 poris
327 722 484 758 illorum
499 733 623 769 usque
641 723 690 758 ad
709 734 874 769 ungues,
889 730 931 759 et
947 723 1064 758 simul
1082 734 1173 759 cum
1193 723 1269 759 illis
1282 724 1465 760 encomia
1477 724 1675 761 virilitatis
1691 737 1700 766 ς

200 774 253 816 hi,
272 775 367 810 dum
386 775 463 810 hoc
481 782 712 822 perceptum
731 783 802 815 est,
820 775 936 822 ejecti
955 783 1048 812 sunt
1066 787 1087 812 e
1105 776 1221 812 terris
1239 776 1421 812 nostris.''

273 827 348 863 His
362 827 488 868 dietis,
503 828 677 864 cucurrit
690 828 750 863 vir
762 829 811 864 ad
826 829 1125 864 tabernaculum
1140 839 1266 869 suum,
1281 836 1322 865 et
1336 829 1454 865 rediit
1466 840 1557 866 cum
1573 831 1698 866 malo·

198 887 376 926 granato,
391 880 430 915 in
444 891 524 927 quo
538 881 614 916 fuit
627 881 741 927 copia
754 881 950 917 seminum
964 892 1014 917 ex
1026 892 1144 923 auro:
1174 888 1215 917 et
1229 882 1403 922 donavit,
1419 889 1460 918 et
1476 883 1694 929 deportavi,

198 934 306 979 quod
325 933 422 969 mihi
440 940 525 969 erat
542 934 710 980 signum,
725 935 832 980 quod
851 933 1040 970 fuerimus
1053 945 1144 970 curn
1162 934 1238 970 illis
1255 934 1322 980 qui
1341 935 1380 970 in
1399 936 1556 971 saeculo
1574 946 1698 972 aureo

197 986 394 1022 vixerunt.
458 986 509 1022 Et
533 993 630 1022 tunc
659 994 750 1033 post
774 987 1053 1023 salutationem
1080 987 1186 1034 pacis
1211 987 1416 1029 abivimus,
1438 996 1480 1024 et
1505 989 1695 1025 rediimus

201 1039 377 1075 domum.

196 1149 290 1204 76.
322 1151 582 1193 Secundum
609 1151 909 1194 Memorabile
925 1165 997 1194 1-

269 1248 467 1284 Postridie
486 1249 598 1284 venit
617 1249 667 1285 ad
694 1260 757 1285 me
778 1249 942 1296 angelus
963 1249 1079 1296 prior,
1102 1256 1142 1285 et
1163 1250 1274 1291 dixit,
1298 1255 1318 1269 ¹¹
1331 1250 1403 1286 Vis
1420 1256 1465 1286 ut
1486 1250 1628 1287 ducam
1652 1257 1695 1287 et

195 1301 364 1337 comiter
382 1308 422 1337 te
443 1302 492 1337 ad
511 1302 681 1348 populos
698 1302 765 1348 qui
788 1302 827 1337 in
849 1313 948 1338 aevo
970 1313 1039 1338 seu
1057 1303 1214 1338 saeculo
1235 1310 1423 1350 argenteo
1437 1303 1628 1344 vixerant,
1648 1311 1694 1340 ut

196 1365 246 1389 ex
264 1354 340 1389 illis
352 1354 562 1390 audiamus
579 1355 629 1390 de
648 1354 802 1390 illorum
819 1355 1010 1401 temporis
1030 1355 1226 1403 conjugiis
1240 1355 1280 1391 ?'’
1330 1356 1392 1392 Ac
1413 1356 1567 1403 inquiit,
1582 1368 1633 1403 qu
1642 1357 1694 1393 od

197 1417 270 1442 nec
287 1407 328 1442 hi
346 1407 540 1442 adeantur
559 1407 634 1443 nisi
653 1418 702 1443 ex
719 1408 895 1453 auspicio
916 1408 1092 1444 Domini.

269 1459 385 1495 Eram
406 1459 508 1495 sicut
529 1459 638 1506 prius
659 1460 698 1495 in
720 1460 872 1506 spiritu,
894 1472 940 1496 ac
960 1461 1174 1496 comitatus
1194 1472 1282 1496 sum
1304 1460 1510 1497 duCtorem
1533 1473 1669 1498 meum
1687 1474 1696 1503 ;

195 1519 236 1548 et
253 1512 423 1558 primum
438 1513 487 1548 ad
503 1513 644 1548 collem
661 1513 700 1548 in
715 1513 890 1549 confinio
905 1515 1008 1549 inter
1021 1514 1214 1549 orientem
1232 1521 1274 1549 et
1292 1514 1497 1550 meridiem
1511 1526 1519 1555 ς
1540 1522 1581 1550 et
1595 1515 1694 1550 dum

195 1576 314 1611 super
327 1565 431 1600 illius
444 1565 548 1601 clivo
565 1576 731 1606 eramus,
747 1566 923 1601 ostendit
937 1566 1034 1601 mihi
1053 1577 1235 1626 magnam
1250 1567 1523 1602 extensionem
1538 1566 1694 1603 trastus

194 1624 342 1658 terrae:
367 1629 413 1654 ac
432 1618 605 1654 vidimus
626 1619 763 1664 procul
784 1619 1040 1654 eminentiam
1063 1619 1166 1654 sicut
1187 1626 1427 1660 montanam,
1449 1620 1551 1655 inter
1571 1631 1693 1666 quam

194 1678 236 1706 et
255 1672 408 1711 collem,
428 1682 546 1717 super
566 1682 646 1718 quo
667 1671 860 1712 stetimus,
880 1679 964 1707 erat
985 1671 1107 1712 vallis,
1129 1678 1170 1707 et
1196 1678 1287 1718 post
1308 1672 1411 1708 hanc
1433 1673 1630 1718 planities,
1653 1680 1691 1709 et

193 1724 244 1759 ab
265 1724 338 1760 hac
355 1724 555 1759 acclivitas
573 1725 680 1759 lente
698 1735 874 1771 surgens.

267 1776 554 1812 Descendimus
572 1788 594 1812 e
610 1777 712 1812 colle
729 1776 931 1812 transituri
947 1764 1101 1818 vallem,
1120 1783 1160 1812 et
1176 1777 1352 1813 vidimus
1377 1788 1400 1813 a
1419 1777 1611 1814 lateribus
1627 1777 1694 1814 hic

195 1829 273 1865 illic
291 1830 397 1876 ligna
414 1836 455 1865 et
473 1841 566 1865 saxa
583 1830 623 1865 in
642 1829 785 1877 figuras
803 1830 1022 1870 hominum,
1041 1837 1082 1866 et
1101 1830 1296 1865 variarum
1312 1830 1538 1871 bestiarum,
1556 1831 1690 1866 avium

192 1889 235 1918 et
249 1882 425 1928 piscium,
441 1883 612 1928 sculpta;
638 1889 679 1918 et
693 1882 868 1928 quaesivi
882 1883 1079 1929 angelum,
1099 1887 1119 1901 ‘⁴
1132 1882 1239 1929 Quid
1255 1883 1348 1919 illa?
1369 1890 1513 1919 suntne
1528 1883 1635 1919 idola
1648 1883 1690 1919 ?'’

267 1935 317 1970 Et
334 1935 549 1981 respondit,
569 1940 589 1954 ‘⁸
604 1935 772 1971 Prorsus
794 1946 893 1976 n0n;
924 1943 1017 1971 sunt
1037 1935 1373 1982 configurationes
1390 1937 1692 1982 repraesentati-

193 1998 265 2024 vae
286 1988 481 2024 variarum
502 1988 695 2023 virtutum
718 1988 936 2028 moralium,
956 1996 997 2024 et
1017 1989 1229 2024 veritatum
1249 1988 1510 2034 spiritualium
1527 2000 1535 2029 ;
1562 1988 1692 2025 fuerat

192 2041 298 2087 apud
317 2041 485 2087 populos
500 2041 603 2076 illius
616 2041 758 2076 aetatis
771 2041 936 2076 scientia
949 2041 1386 2087 correspondentiarum
1401 2053 1409 2082 ;
1436 2049 1478 2077 et
1495 2042 1588 2088 quia
1604 2053 1691 2077 om-

193 2094 254 2129 nis
280 2094 412 2134 homo,
435 2093 570 2134 bestia,
596 2093 680 2129 avis
709 2101 750 2129 et
783 2094 901 2140 piscis
925 2094 1210 2140 correspondet
1234 2094 1351 2129 alicui
1377 2094 1569 2141 qualitati,
1597 2095 1691 2131 ideo

192 2146 488 2193 unumquodvis
517 2146 701 2193 sculptile
735 2153 1004 2193 repraesentat
1032 2146 1195 2193 aliquod
1226 2147 1390 2192 partiale
1419 2147 1588 2188 virtutis,
1619 2155 1691 2182 aut

191 2199 382 2240 veritatis,
403 2206 445 2235 et
470 2199 583 2246 plura
602 2199 718 2235 simul
740 2199 863 2245 ipsam
886 2199 1075 2235 virtutem
1096 2206 1165 2234 aut
1185 2199 1392 2235 veritatem
1420 2199 1459 2235 in
1485 2200 1689 2235 communi

192 2259 356 2288 extensa
368 2251 513 2293 forma;
539 2259 632 2288 sunt
646 2251 712 2287 illa
725 2263 826 2298 quae
841 2252 879 2287 in
895 2252 1080 2299 Aegypto
1093 2259 1235 2287 vocata
1248 2259 1341 2287 sunt
1358 2252 1690 2299 hieroglyphica.''

265 2305 516 2341 Perreximus
541 2316 612 2351 per
630 2305 785 2345 vallem,
804 2311 845 2340 et
871 2305 966 2340 dum
988 2304 1220 2340 intravimus
1242 2305 1456 2351 planitiem,
1475 2316 1567 2341 ecce
1587 2305 1690 2341 vidi·

193 2369 281 2393 mus
298 2368 422 2404 equos
439 2365 480 2393 et
497 2369 644 2398 currus,
663 2368 787 2404 equos
803 2357 909 2392 varie
929 2357 1152 2403 phaleratos
1170 2364 1211 2392 et
1228 2357 1471 2403 capistratos‚
1488 2369 1534 2393 ac
1551 2368 1689 2394 currus

193 2410 495 2451 diversiformes,
506 2411 698 2456 quosdam
714 2410 941 2456 exsculptos
951 2410 1052 2445 sicut
1065 2409 1226 2456 aquilas,
1238 2410 1431 2456 quosdam
1444 2410 1546 2446 sicut
1559 2411 1688 2446 balae-

159 2499 162 2502 ,
194 2473 273 2503 nas,
291 2470 333 2499 et
349 2464 543 2509 quosdam
562 2463 664 2499 sicut
681 2474 820 2499 cervos
837 2474 927 2498 curn
946 2463 1144 2502 cornibus,
1163 2470 1204 2498 et
1221 2463 1324 2498 sicut
1342 2470 1627 2503 monocerotes,
1647 2471 1688 2498 et

193 2526 351 2562 quoque
378 2516 418 2550 in
440 2516 518 2551 fine
535 2516 667 2562 aliqua
684 2516 867 2562 plaustra.
886 2523 927 2551 et
947 2515 1094 2551 circum
1115 2515 1164 2551 ad
1187 2515 1311 2551 latera
1329 2515 1502 2556 stabula:
1527 2522 1569 2551 at
1593 2526 1686 2551 cum

192 2568 606 2615 appropinquavimus,
624 2575 706 2604 tam
727 2568 820 2615 equi
839 2579 957 2614 quam
975 2579 1114 2604 currus
1132 2567 1319 2614 disparati
1337 2574 1440 2605 sunt,
1458 2575 1499 2603 et
1520 2579 1592 2614 pro
1610 2568 1686 2603 illis

192 2620 365 2656 vidimus
381 2621 573 2661 homines,
593 2621 702 2667 paria
721 2628 762 2656 et
783 2621 900 2667 paria,
919 2621 1179 2661 ambulantes,
1198 2621 1483 2667 colloquentes,
1505 2627 1546 2656 et
1566 2620 1686 2656 ratio-

193 2673 382 2709 cinantes.
419 2673 469 2709 Et
482 2674 584 2709 dixit
601 2674 697 2709 mihi
716 2674 890 2720 angelus,
906 2679 927 2692 “
939 2673 1099 2720 Species
1110 2684 1315 2719 equorum,
1334 2683 1531 2713 curruum,
1550 2681 1590 2708 et
1608 2679 1686 2707 sta-

194 2725 377 2760 bulorum
396 2736 418 2762 e
438 2726 656 2773 longinquo
670 2726 788 2767 visae,
802 2733 896 2762 sunt
912 2726 1164 2772 apparentiae
1180 2725 1381 2761 rationalis
1400 2725 1684 2771 intelligentiae

195 2777 401 2813 hominum
417 2778 521 2814 illius
538 2779 644 2820 aevi:
665 2790 791 2824 equus
805 2779 910 2814 enim
927 2790 976 2814 ex
989 2778 1342 2824 correspondentia
1355 2778 1550 2824 significat
1569 2777 1684 2811 intel-

194 2828 342 2865 lectum
363 2831 456 2871 veri.
474 2842 612 2867 currus
637 2831 861 2874 doctrinam<
875 2831 972 2877 ejus,
990 2842 1036 2866 ac
1056 2831 1211 2867 stabula
1231 2829 1522 2866 instructiones.
1567 2828 1683 2864 Nosti

195 2882 303 2928 quod
322 2882 361 2917 in
379 2883 458 2918 hoc
474 2884 624 2919 mundo
642 2884 777 2919 omnia
793 2884 1012 2919 secundum
1031 2882 1401 2929 correspondentias
1418 2880 1668 2927 appareant.'’

267 2934 345 2970 Sed
367 2935 663 2981 praeterivimus
683 2936 790 2976 haec,
809 2943 850 2972 et
870 2946 940 2983 per
960 2936 1123 2982 longum
1143 2935 1337 2970 acclivum
1358 2934 1619 2973 ascendimus,
1641 2940 1683 2969 et

195 2986 354 3023 tandem
373 2987 546 3024 vidimus
563 2989 710 3030 urbem,
728 2999 846 3036 quam
869 2987 1124 3029 intravimus;
1150 2994 1190 3023 et
1212 2987 1250 3022 in
1273 2986 1538 3034 pervadendo,
1556 2996 1578 3021 e
1600 2985 1683 3032 pla-
