2014 3386
343 345 427 391 150
802 345 1046 380 DELICIAE
1078 346 1381 380 SAPIENTIAE

340 466 509 506 possunt
519 459 793 496 demonstrare
807 466 848 497 et
861 460 1098 497 convincere
1109 460 1197 497 illos
1209 461 1259 497 de
1271 461 1453 503 veritate,
1467 461 1575 508 quod
1589 460 1713 498 homo
1726 461 1836 499 vivat

338 513 462 549 homo
480 520 571 559 post
590 520 761 548 mortem
775 513 815 549 ?''
1830 536 1832 538 -

411 566 522 601 Dixit
539 566 734 606 sacerdos,
753 566 861 612 quod
883 566 963 602 sint
984 566 1050 612 qui
1071 566 1358 607 demonstrant,
1376 567 1445 602 sed
1468 578 1549 602 non
1567 567 1835 608 convincunt:

337 619 419 654 “illi
431 619 499 665 qui
510 619 795 659 demonstrant,
809 620 958 660 dicunt,
971 620 1078 665 quod
1093 627 1232 655 contra
1243 631 1378 655 sanam
1391 620 1586 655 rationem
1598 620 1650 655 sit
1661 621 1836 660 credere.

336 672 445 718 quod
468 672 591 707 homo
612 683 702 707 non.
718 672 827 707 vivat
850 673 972 707 homo
999 672 1073 707 nisi
1100 683 1218 718 quarn
1245 673 1310 708 die
1336 673 1466 707 ultimi
1487 673 1636 718 judicii,
1657 679 1699 708 et
1723 673 1834 719 quod

336 725 488 760 interea
505 724 556 760 sit
576 725 709 760 anima
724 726 872 771 absque
891 736 1067 770 corpore.
1118 730 1126 743 ‘
1140 724 1246 772 Quid
1265 725 1408 765 anima,
1429 732 1469 760 et
1487 726 1554 760 ubi
1573 725 1639 761 illa
1656 725 1835 762 interea?

336 777 445 813 Num
464 777 621 819 halitus,
640 784 710 813 aut
727 778 876 824 aliquid
894 778 1004 813 venti
1022 777 1197 824 volitans
1223 778 1262 812 in
1283 789 1383 818 aere,
1402 778 1465 814 vel
1487 789 1558 813 ens
1580 778 1832 814 reconditum

336 831 376 865 in
396 831 530 866 medio
547 837 686 871 terrae,
705 831 772 866 ubi
794 837 856 866 est
877 842 930 876 pu
952 830 1071 876 ejus?
1122 831 1227 865 Num
1245 831 1401 866 animae
1419 831 1565 866 Adami
1589 837 1629 866 et
1657 831 1774 872 Evae,
1791 838 1834 867 et

334 883 515 918 omniurn
530 890 622 929 post
636 883 735 924 illos,
746 895 852 919 nunc
866 895 936 929 per
945 895 1014 918 sex
1029 883 1152 918 millia
1165 894 1359 918 annorum
1375 895 1444 919 seu
1459 884 1665 930 sexaginta
1677 883 1835 920 saecula

334 936 465 971 adhuc
482 937 652 972 volitent
671 937 710 971 in
730 937 927 976 universo,
946 943 1015 971 aut
1031 943 1245 972 teneantur
1263 936 1437 972 inclusae
1455 937 1495 971 in
1514 937 1738 972 meditullio
1754 943 1834 973 ter-

334 1000 412 1030 rae,
433 996 473 1025 et
491 989 725 1035 exspectent
743 990 928 1024 ultimum
946 988 1169 1035 judicium?
1219 988 1325 1035 Quid
1347 990 1488 1025 anxius
1508 996 1548 1025 et
1569 989 1834 1025 miserabilius

334 1042 403 1077 tali
418 1041 744 1088 exspectatione?
766 1053 898 1078 nonne
913 1053 998 1078 sors
1014 1042 1171 1077 illorum
1184 1048 1318 1088 potest
1331 1042 1550 1088 comparari
1564 1042 1662 1077 sorti
1677 1041 1831 1078 vinCto-

334 1107 421 1130 rum
440 1095 592 1131 catenis
618 1102 659 1131 et
684 1095 834 1141 pedicis
861 1096 899 1130 in
926 1094 1178 1130 carceribus?
1228 1095 1378 1130 Annon
1405 1095 1437 1131 si
1462 1095 1554 1130 talis
1571 1106 1658 1131 sors
1674 1095 1830 1131 homini

334 1155 426 1194 post
444 1155 613 1184 mortem
632 1148 747 1189 foret,
765 1148 890 1183 satius
908 1147 1013 1183 foret
1038 1148 1146 1183 nasci
1172 1148 1305 1183 asinus
1323 1159 1442 1193 quam
1469 1147 1621 1183 homo?
1672 1148 1831 1184 Numne

333 1202 454 1237 etiam
476 1208 617 1237 contra
642 1201 835 1236 rationem
861 1208 922 1236 est
947 1201 1120 1241 credere,
1142 1201 1251 1246 quod
1277 1201 1410 1236 anima
1431 1200 1557 1246 possit
1578 1200 1732 1236 reindui
1757 1212 1831 1236 suo

333 1254 525 1301 corpore?
552 1261 665 1290 estne
682 1265 826 1300 corpus
844 1265 1006 1289 exesum
1025 1265 1048 1289 a
1064 1254 1275 1294 vermibus,
1291 1253 1482 1293 muribus,
1501 1260 1542 1289 et
1560 1253 1760 1299 piscibus?
1784 1264 1831 1290 ac

334 1308 399 1343 isti
418 1318 525 1343 novo
542 1307 699 1353 corpori
718 1307 852 1342 induci
871 1307 1049 1342 sceleton
1069 1318 1227 1342 osseum
1241 1314 1425 1342 exustum
1444 1307 1538 1348 sole,
1552 1307 1615 1342 vel
1634 1307 1830 1352 dilapsum

335 1361 375 1396 in
402 1360 632 1407 pulverem?
683 1359 901 1407 Quomodo
927 1360 1168 1395 cadaverosa
1191 1367 1232 1395 et
1257 1360 1398 1406 putida
1424 1359 1491 1395 illa
1515 1359 1763 1406 colligentur,
1788 1366 1829 1395 et

332 1414 540 1450 animabus
558 1412 784 1449 unientur?’
835 1413 914 1449 Sed
935 1414 983 1448 ad
1006 1413 1112 1453 talia,
1131 1424 1221 1447 cum
1239 1413 1420 1453 audiunt,
1439 1424 1518 1448 non
1541 1413 1753 1458 quicquam
1779 1422 1830 1448 ex

333 1467 488 1502 ratione
507 1467 760 1512 respondent,
779 1467 848 1502 sed
864 1466 1074 1501 inhaerent
1092 1466 1184 1501 fidei
1203 1477 1307 1506 suae,
1328 1466 1566 1511 inquientes,
1587 1470 1595 1484 ‘
1609 1464 1826 1511 Captamus

332 1520 527 1555 rationem
543 1520 616 1555 sub
632 1519 862 1555 obedientia
874 1519 967 1554 fidei
979 1519 998 1554 :'
1023 1519 1073 1555 ad
1088 1518 1364 1555 collectionem
1381 1519 1559 1554 omnium
1576 1530 1623 1554 ex
1637 1518 1828 1564 sepulcris

332 1573 398 1608 die
424 1573 554 1608 ultimi
580 1573 731 1619 judicii,
758 1573 909 1613 dicunt,
937 1572 1051 1608 ‘Hoc
1076 1572 1392 1618 omnipotentiae
1417 1583 1519 1617 opus
1542 1578 1604 1607 est
1617 1571 1637 1612 ς’
1672 1578 1712 1606 et
1737 1582 1828 1606 cum

332 1626 542 1661 nominant
560 1626 895 1671 omnipotentiam
921 1632 962 1660 et
987 1625 1118 1665 fidem,
1138 1625 1294 1660 exsulat
1320 1625 1432 1665 ratio,
1450 1631 1490 1660 et
1517 1635 1677 1670 possum
1696 1623 1828 1660 dicere

331 1679 440 1725 quod
464 1685 561 1714 ωηο
587 1690 683 1714 sana
700 1679 801 1719 ratio
827 1678 879 1714 sit
904 1679 1007 1714 sicut
1033 1678 1143 1719 nihil,
1163 1684 1203 1713 et
1228 1678 1464 1724 quibusdam
1484 1677 1589 1713 sicut
1605 1675 1827 1723 spectrum:

332 1732 456 1767 immo
475 1739 642 1778 possunt
660 1732 792 1767 dicere
809 1732 859 1767 ad
877 1742 1012 1767 sanam
1032 1731 1239 1771 rationem,
1260 1736 1268 1749 ⁴
1283 1730 1460 1766 Insanis.'
1476 1730 1496 1742 ”

405 1784 481 1821 His
506 1785 653 1820 auditis
679 1785 864 1820 dixerunt
889 1784 1088 1830 sapientes
1114 1783 1313 1824 Graeciae,
1333 1783 1509 1818 “Nonne
1535 1782 1602 1818 illa
1627 1782 1829 1828 paradoxa

331 1838 436 1873 sicut
454 1837 763 1873 contradictoria
776 1837 1021 1883 dissipantur
1038 1848 1061 1872 a
1077 1836 1245 1882 seipsis?
1271 1843 1312 1872 et
1329 1843 1463 1871 tamen
1478 1835 1598 1870 hodie
1617 1835 1655 1870 in
1675 1835 1827 1870 mundo

331 1902 412 1926 non
433 1891 618 1936 dissipari
637 1897 805 1936 possunt
829 1901 854 1925 a
877 1901 973 1925 sana
991 1890 1166 1930 ratione:
1192 1889 1287 1935 quid
1307 1889 1544 1934 paradoxius
1561 1888 1669 1923 credi
1691 1894 1826 1934 potest

330 1955 450 1990 quam
470 1944 509 1978 id
527 1944 635 1989 quod
651 1950 832 1978 narratur
849 1943 897 1978 de
912 1943 1054 1977 ultimo
1066 1942 1228 1988 judicio,
1243 1942 1351 1988 quod
1370 1948 1467 1976 tunc
1480 1941 1707 1976 universum
1723 1941 1824 1987 peri-

330 2003 464 2032 turum
491 1996 552 2036 sit,
572 2002 612 2031 et
638 1996 744 2041 quod
763 2002 860 2030 tunc
876 1996 1014 2031 stellae
1040 1995 1137 2030 caeli
1163 1995 1395 2040 delapsurae
1421 1994 1501 2029 sint
1526 2005 1645 2039 super
1667 2000 1824 2034 terram,

330 2060 432 2095 quae
452 2049 582 2083 minor
595 2049 722 2084 stellis
739 2055 799 2084 est
813 2061 820 2090 ;
846 2055 885 2083 et
900 2049 1008 2094 quod
1023 2059 1190 2093 corpora
1207 2047 1415 2082 hominum
1429 2054 1526 2082 tune
1539 2047 1602 2082 vel
1620 2047 1824 2087 cadavera,

333 2102 391 2137 vel
406 2102 595 2137 mummia
607 2103 658 2138 ab
671 2101 899 2137 hominibus
921 2112 1049 2140 exesa,
1070 2101 1133 2136 vel
1160 2100 1284 2140 flocci,
1306 2099 1501 2135 coalitura
1526 2099 1605 2134 sint
1626 2110 1715 2134 cum
1741 2099 1824 2135 suis

329 2154 564 2191 animabus?
615 2154 699 2189 Nos
714 2155 808 2189 dum
827 2154 975 2190 fuimus
994 2154 1033 2188 in
1053 2153 1214 2194 mundo,
1226 2153 1466 2188 credidimus
1483 2152 1823 2187 immortalitatem

329 2208 550 2244 animarum
569 2207 788 2247 hominum,
803 2218 852 2242 ex
870 2206 1168 2242 inductionibus
1182 2217 1280 2252 quas
1298 2206 1400 2241 ratio
1418 2205 1534 2241 nobis
1548 2205 1824 2240 subministra-

330 2261 399 2301 vit,
419 2267 460 2296 et
480 2271 641 2306 quoque
659 2259 953 2306 designavimus
974 2270 1047 2305 pro
1069 2258 1195 2294 beatis
1217 2259 1313 2298 loca,
1333 2269 1434 2304 quae
1453 2258 1686 2294 vocavimus
1707 2257 1825 2294 Cam-

330 2325 404 2360 pos
419 2314 584 2360 Elysios,
599 2320 639 2349 et
656 2313 898 2349 credidimus
913 2313 997 2348 illas
1011 2323 1096 2348 esse
1110 2311 1259 2358 effigies
1277 2322 1346 2347 seu
1364 2311 1516 2357 species
1533 2310 1738 2352 humanas,
1753 2310 1823 2346 sed

329 2374 470 2402 tenues
489 2367 582 2412 quia
598 2365 862 2412 spirituales.''

403 2419 622 2465 Postquam
642 2419 740 2454 haec
757 2417 865 2454 dieta
881 2424 984 2459 sunt,
1003 2422 1287 2453 converterunt
1301 2427 1343 2452 se
1360 2416 1410 2451 ad
1428 2416 1594 2452 alterum
1613 2416 1822 2457 advenam.

328 2472 395 2518 qui
416 2473 455 2507 in
471 2473 622 2508 mundo
636 2472 764 2507 fuerat
779 2471 977 2518 politicus.
1029 2470 1107 2506 Hic
1121 2469 1326 2505 confessus
1340 2476 1411 2509 est,
1427 2470 1534 2515 quod
1550 2480 1628 2504 non
1644 2469 1822 2504 credide-

329 2525 380 2559 rit
397 2525 522 2560 vitam
539 2532 630 2570 post
645 2531 815 2560 mortem
830 2537 838 2566 ;
864 2530 905 2560 et
923 2524 1031 2570 quod
1046 2523 1282 2569 cogitaverit
1301 2523 1350 2557 de
1369 2523 1483 2557 novis
1499 2533 1600 2568 quae
1614 2522 1822 2557 audiverat

327 2578 378 2613 de
405 2578 482 2618 illa,
502 2578 610 2623 quod
637 2584 771 2613 essent
792 2577 983 2623 figmenta
1007 2583 1048 2612 et
1074 2576 1247 2611 inventa.
1298 2575 1533 2610 “Meditans
1559 2575 1608 2610 de
1636 2575 1702 2610 illa
1726 2574 1820 2615 dixi,

328 2630 544 2677 Quomodo
561 2638 727 2676 possunt
745 2630 900 2665 animae
919 2640 1086 2675 corpora
1099 2628 1212 2664 esse?
1238 2639 1370 2663 annon
1390 2639 1509 2663 omne
1524 2627 1698 2662 hominis
1714 2627 1821 2673 jacet

329 2690 533 2718 mortuum
562 2683 599 2718 in
628 2682 837 2728 sepulcro?
863 2689 977 2718 estne
999 2682 1137 2717 oculus
1165 2681 1246 2716 ibi?
1280 2681 1486 2726 quomodo
1506 2687 1638 2726 potest
1655 2679 1820 2715 videre?

327 2743 439 2771 estne
457 2735 563 2771 auris
583 2735 662 2771 ibi?
688 2735 893 2781 quomodo
911 2741 1043 2780 potest
1060 2733 1225 2769 audire?
1251 2733 1357 2768 unde
1372 2734 1427 2768 illi
1446 2744 1491 2768 os
1510 2744 1589 2778 quo
1607 2731 1821 2778 loquatur?

327 2789 360 2825 si
388 2788 538 2834 aliquid
557 2788 731 2823 hominis
747 2788 899 2823 viveret
926 2793 1018 2833 post
1045 2793 1224 2826 mortem,
1244 2797 1338 2820 num
1370 2786 1473 2821 foret
1503 2786 1541 2820 id
1569 2785 1676 2821 aliud
1699 2795 1820 2831 quam

326 2841 457 2877 simile
478 2840 638 2876 larvae?
665 2841 869 2886 quomodo
890 2846 1024 2886 potest
1041 2839 1150 2874 larva
1167 2839 1284 2874 edere
1306 2845 1346 2873 et
1367 2838 1526 2874 bibere?
1552 2845 1592 2874 et
1613 2838 1819 2884 quomodo

327 2900 462 2939 potest
491 2893 636 2930 delicio
661 2893 875 2939 conjugiali
906 2892 1010 2928 frui?
1040 2891 1145 2927 unde
1171 2891 1206 2926 ei
1232 2898 1374 2931 vestes,
1402 2891 1556 2931 domus,
1582 2890 1670 2930 cibi,
1696 2896 1737 2925 et
1761 2889 1820 2925 sic

327 2946 474 2992 porro?
508 2953 549 2982 et
574 2946 714 2986 larvae,
737 2957 839 2991 quae
865 2951 957 2980 sunt
983 2944 1133 2990 effigies
1159 2954 1294 2979 aereae
1320 2950 1512 2988 apparent
1536 2943 1640 2978 sicut
1664 2942 1755 2982 sint.
1777 2949 1818 2978 et

326 3007 459 3035 tamen
483 3010 563 3035 non
585 3005 688 3034 sunt.
741 2998 851 3034 Haec
881 3005 922 3033 et
949 2997 1095 3033 similia
1121 2997 1171 3032 de
1201 2996 1284 3031 vita
1300 2996 1510 3031 hominum
1534 3002 1627 3042 post
1649 3001 1817 3031 mortem

1997 3270 2001 3275 ”
1990 3171 2014 3210 Α
1993 2533 2014 3134 ὲὶῑΜΜ-ωὼμ
2005 2493 2014 2519 ..
