2014 3386
558 351 626 384 DE
649 350 832 385 AMORE
862 351 1287 396 CONJUGIAL1.—N.
1312 343 1407 384 262.
1651 353 1726 396 203

231 466 272 502 hi
289 474 487 503 vocantur
504 466 687 512 discipuli
711 465 896 502 Domini:
921 466 1163 503 emittuntur
1183 466 1275 502 inde
1294 466 1466 513 primurn
1485 465 1524 502 in
1544 466 1731 503 occiden-

229 527 324 561 tem,
339 527 380 556 et
399 520 453 555 illi
468 520 535 566 qui
555 520 608 555 ibi
626 530 706 555 non
722 527 895 560 manent,
910 520 949 555 in
968 520 1187 561 meridiem,
1202 526 1243 555 et
1256 519 1418 566 quidam
1439 531 1509 566 per
1522 520 1729 555 meridiem

231 573 271 609 in
297 573 505 614 orientem,
526 580 567 609 et
592 573 903 609 introducuntur
924 573 963 608 in
988 573 1202 609 societates
1223 573 1291 608 ubi
1317 572 1546 609 mansiones
1573 573 1728 608 illorum

229 634 361 663 erunt.

301 678 529 727 Quondam,
547 690 637 715 cum
657 679 875 715 meditatus
892 690 981 715 sum
1000 679 1051 714 de
1068 679 1179 714 caelo
1196 685 1238 714 et
1259 678 1425 718 inferno,
1440 678 1554 724 coepi
1573 677 1732 714 deside-

229 744 316 769 rare
337 733 609 780 cognitionem
631 733 895 768 universalem
914 733 964 768 de
990 738 1097 768 statu
1124 732 1352 778 utriusque;
1378 732 1509 767 sciens
1527 732 1635 778 quod
1662 732 1728 778 qui

228 786 467 822 universalia
484 786 570 827 scit,
589 793 731 832 postea
756 786 884 832 possit
901 785 1244 832 comprehendere
1266 784 1493 832 singularia,
1511 784 1606 830 quia
1630 784 1730 820 haec

228 846 322 875 sunt
341 839 380 874 in
400 839 487 879 illis,
506 839 610 875 sicut
628 846 760 885 partes
778 836 872 874 s'unt
899 839 938 874 in
960 839 1176 875 communi.
1229 838 1274 874 In
1301 839 1378 874 hoc
1398 837 1600 874 desiderio
1618 849 1730 884 spec-

228 892 309 928 tavi
328 892 377 927 ad
395 891 566 927 traftum
582 892 693 927 illum
713 892 751 926 in
771 892 888 938 plaga
904 891 1206 938 septentrionali
1225 902 1350 937 prope
1367 891 1417 926 ad
1435 891 1646 931 orientem,
1660 891 1727 925 ubi

227 946 316 980 loca
335 944 609 980 instructionis
627 952 750 985 erant,
765 952 807 980 et
824 957 894 991 per
905 945 1010 980 viam
1030 944 1127 980 mihi
1146 951 1243 980 tunc
1260 951 1438 990 apertam
1458 945 1552 979 illuc
1564 944 1668 984 vadi,
1683 954 1729 979 ac

228 999 372 1034 intravi
388 998 427 1033 in
442 1009 567 1033 unum
582 999 806 1044 collegium,
820 998 887 1033 ubi
901 1005 1014 1034 erant
1027 998 1101 1033 viri
1118 998 1297 1044 juvenes.
1342 997 1391 1032 Et
1405 997 1511 1033 adivi
1531 997 1584 1032 ibi
1599 997 1731 1032 archi-

227 1051 452 1087 didascalos
470 1051 538 1097 qui
560 1051 820 1092 instruebant,
838 1058 880 1086 et
901 1051 1078 1098 quaesivi
1105 1051 1204 1091 illos,
1224 1062 1319 1086 num
1340 1051 1469 1087 sciant
1490 1050 1730 1086 universalia

228 1105 278 1140 de
297 1105 408 1140 caelo
427 1111 467 1140 et
486 1104 653 1140 inferno.

301 1157 350 1193 Et
372 1158 675 1203 responderunt,
694 1157 802 1203 quod
821 1156 951 1192 sciant
968 1156 1119 1203 aliquid
1138 1167 1298 1203 parum:
1325 1156 1426 1192 “sed
1449 1156 1482 1192 si
1500 1154 1728 1203 spec‘tamus

225 1222 362 1247 versus
384 1211 581 1246 orientem
602 1210 652 1245 ad
675 1210 905 1250 Dominum,
925 1210 1212 1246 illustrabimur
1231 1217 1271 1245 et
1292 1209 1502 1246 sciemus.”
1552 1210 1603 1245 Et
1624 1209 1727 1245 fece-

227 1271 320 1299 runt
339 1264 405 1305 ita,
423 1271 464 1300 et
485 1264 683 1305 dixerunt,
702 1268 722 1282 ‘¹
735 1263 986 1299 Universalia
1007 1263 1149 1298 inferni
1171 1269 1265 1299 sunt
1286 1263 1372 1303 tria,
1392 1263 1461 1299 sed
1488 1263 1728 1298 universalia

227 1316 369 1353 inferni
389 1323 483 1353 sunt
500 1327 522 1352 e
536 1316 733 1352 diametro
751 1316 937 1362 opposita
954 1316 1244 1352 universalibus
1262 1316 1383 1352 caeli:
1409 1316 1651 1352 universalia
1669 1317 1727 1351 in-

226 1370 327 1406 ferni
358 1376 452 1405 sunt
479 1370 520 1404 hi
545 1376 627 1405 tres
654 1380 985 1410 amores‚—amor
1011 1369 1245 1405 dominandi
1276 1381 1325 1405 ex
1350 1380 1486 1405 amore
1515 1369 1588 1410 sui,
1614 1381 1728 1405 amor

227 1423 460 1469 possidendi
490 1422 657 1458 aliorum
687 1423 794 1458 bona
821 1434 870 1458 ex
899 1433 1035 1458 amore
1063 1423 1214 1463 mundi,
1244 1429 1285 1458 et
1313 1434 1427 1458 amor
1451 1422 1724 1458 scortatorius.

227 1476 479 1512 Universalia
491 1476 590 1511 caeli
606 1475 682 1511 illis
694 1476 880 1522 opposita
893 1482 986 1511 sunt
1000 1476 1041 1511 hi
1055 1483 1137 1511 tres
1149 1486 1479 1517 amores,—amor
1489 1475 1725 1511 dominandi

225 1540 274 1564 ex
292 1540 428 1565 amore
442 1540 548 1569 usus,
564 1540 676 1564 amor
690 1528 920 1575 possidendi
939 1530 1046 1564 bona
1064 1529 1201 1564 mundi
1219 1540 1268 1565 ex
1285 1540 1421 1565 amore
1439 1528 1610 1565 faciendi
1629 1540 1724 1565 usus

226 1593 295 1629 per
314 1583 389 1622 illa,
408 1589 449 1618 et
466 1593 579 1618 amor
594 1593 686 1618 vere
704 1581 976 1629 conjugialis.”

299 1635 374 1671 His
389 1634 517 1676 dictis,
532 1642 623 1681 post
636 1635 816 1670 votivum
836 1635 954 1681 pacis,
969 1635 1046 1670 abii
1065 1641 1106 1670 et
1123 1634 1221 1670 redii
1237 1635 1414 1671 domum.
1464 1634 1595 1682 Quum
1613 1634 1723 1670 domi

224 1700 344 1729 eram,
363 1688 513 1724 dictum
532 1688 629 1723 mihi
650 1695 712 1724 est
729 1699 751 1724 e
768 1688 891 1729 caelo,
911 1688 1086 1724 “Lustra
1107 1688 1174 1723 illa
1194 1688 1270 1723 tria
1289 1688 1527 1724 universalia
1543 1699 1663 1734 supra
1683 1695 1724 1723 et

226 1741 337 1782 infra.
352 1749 393 1777 et
410 1748 550 1788 postea
562 1741 787 1777 videbimus
806 1741 872 1776 illa
891 1741 929 1776 in
949 1753 1068 1777 manu
1086 1742 1191 1777 tua.''
1243 1741 1461 1777 DIcebatur
1474 1741 1547 1776 “in
1566 1741 1725 1782 manu,''

224 1795 318 1841 quia
334 1794 470 1830 omnia
486 1799 588 1840 quae
607 1794 730 1830 homo
753 1793 957 1831 intellectu
983 1795 1137 1836 lustrat,
1156 1802 1348 1841 apparent
1365 1794 1516 1842 angelis
1534 1795 1639 1831 sicut
1665 1795 1723 1830 in-

223 1848 372 1894 scripta
389 1848 583 1883 manibus.

296 1902 414 1939 262.
450 1901 547 1936 Post
574 1900 673 1936 haec
699 1900 863 1936 lustravi
890 1900 1060 1946 primum
1087 1912 1263 1937 amorem
1283 1901 1548 1937 universalem
1569 1900 1724 1941 inferni,

224 1954 291 2000 qui
311 1961 395 1990 erat
412 1965 525 1989 amor
542 1954 776 1989 dominandi
798 1964 847 1989 ex
865 1965 1000 1989 amore
1018 1954 1090 1994 sui,
1109 1961 1151 1990 et
1176 1961 1316 2000 postea
1335 1954 1389 1989 illi
1408 1955 1724 2000 corresponden-

223 2014 304 2043 tem
323 2018 499 2042 amorem
519 2007 784 2042 universalem
803 2007 914 2047 caeli,
932 2007 1001 2054 qui
1027 2014 1112 2043 erat
1133 2018 1246 2043 amor
1263 2008 1497 2043 dominandi
1519 2019 1568 2043 ex
1589 2019 1723 2043 amore

224 2071 389 2101 usuum;
416 2071 495 2095 non
515 2060 622 2095 enim
642 2060 738 2095 mihi
757 2060 868 2095 licuit
886 2071 1008 2095 unum
1030 2071 1207 2096 amorem
1228 2061 1378 2106 absque
1396 2061 1524 2096 altero
1545 2061 1722 2100 lustrare,

224 2113 318 2159 quia
336 2112 561 2149 intellectus
575 2124 654 2148 non
674 2112 842 2159 percipit
855 2124 1033 2149 amorem
1049 2125 1171 2149 unum
1190 2114 1340 2160 absque
1354 2114 1490 2152 altero.
1505 2121 1600 2149 sunt
1617 2114 1722 2149 enirn

223 2165 423 2212 oppositi;
449 2177 571 2212 quare
591 2173 636 2201 ut
657 2173 826 2212 uterque
847 2166 1098 2212 percipiatur,
1117 2167 1312 2202 sistentur
1333 2167 1371 2202 in
1398 2167 1598 2213 opposito,
1621 2178 1724 2202 unus

223 2225 366 2254 contra
382 2219 572 2260 alterum:
598 2218 719 2255 facies
737 2219 843 2255 enim
866 2220 1033 2265 pulchra
1053 2226 1094 2255 et
1119 2219 1295 2255 formosa
1315 2220 1446 2256 elucet
1466 2231 1515 2255 ex
1536 2220 1724 2266 opposita

225 2271 280 2307 illi
299 2271 398 2308 facie
417 2272 639 2318 impulchra
655 2279 695 2308 et
714 2272 895 2308 deformi.
946 2272 1048 2308 Cum
1070 2273 1261 2308 ventilavi
1288 2284 1463 2308 amorem
1486 2273 1720 2308 dominandi

224 2335 272 2360 ex
292 2335 427 2360 amore
450 2325 522 2366 sui,
544 2326 682 2360 datum
704 2332 766 2361 est
791 2325 992 2371 percipere
1012 2326 1121 2372 quod
1143 2326 1209 2361 hic
1229 2337 1342 2362 amor
1361 2333 1466 2362 esset
1487 2337 1643 2361 summe
1665 2326 1723 2360 in-

224 2376 395 2419 fernalis,
421 2385 462 2413 et
486 2378 578 2413 inde
606 2379 711 2424 apud
738 2378 827 2414 illos
854 2379 921 2425 qui
951 2379 990 2414 in
1019 2378 1331 2425 profundissimo
1360 2379 1515 2414 inferno
1540 2385 1656 2420 sunt;
1681 2386 1723 2414 et

224 2430 333 2476 quod
355 2441 466 2466 amor
491 2431 725 2466 dominandi
752 2442 801 2466 ex
826 2442 962 2467 amore
986 2443 1129 2467 usuum
1157 2438 1262 2468 esset
1287 2443 1440 2468 summe
1466 2432 1659 2472 caelestis,
1681 2438 1722 2467 et

226 2482 318 2518 inde
335 2484 440 2529 apud
463 2483 552 2519 illos
569 2484 636 2530 qui
660 2484 699 2519 in
721 2495 907 2530 supremo
928 2485 1039 2520 caelo
1060 2491 1164 2520 sunt.
1214 2484 1333 2532 Quod
1356 2496 1469 2520 amor
1485 2485 1720 2520 dominandi

224 2546 274 2571 ex
290 2546 426 2572 amore
447 2536 507 2572 sui
530 2547 684 2572 summe
707 2536 910 2572 infernalis
931 2537 992 2578 sit,
1015 2544 1075 2573 est
1096 2538 1190 2584 quia
1210 2538 1407 2573 dominari
1434 2549 1483 2573 ex
1504 2549 1639 2574 amore
1661 2538 1720 2573 sui

224 2594 286 2624 est
302 2599 351 2624 ex
369 2589 540 2635 proprio,
558 2600 604 2625 ac
622 2590 824 2636 proprium
847 2590 1021 2626 hominis
1039 2602 1063 2626 a
1081 2590 1291 2626 nativitate
1316 2597 1377 2626 est
1404 2591 1531 2636 ipsum
1558 2591 1719 2630 malum.

224 2647 266 2676 et
291 2641 419 2687 ipsum
442 2643 588 2677 malum
615 2649 677 2678 est
702 2654 724 2678 e
742 2643 939 2679 diametro
961 2650 1102 2679 contra
1123 2643 1361 2685 Dominum;
1388 2651 1632 2690 quapropter
1654 2643 1719 2682 illi,

224 2704 304 2740 quo
334 2694 422 2740 plus
452 2695 491 2730 in
522 2695 619 2730 illud
644 2696 791 2731 malum
815 2697 1131 2743 progrediuntur,
1154 2708 1203 2733 eo
1229 2697 1317 2743 plus
1338 2703 1487 2743 negant
1519 2696 1648 2731 Deum
1680 2704 1721 2731 et

224 2745 361 2782 sanfia
377 2747 578 2788 ecclesiae,
593 2754 633 2783 et
646 2749 815 2784 adorant
829 2760 871 2785 se
889 2756 930 2785 et
947 2756 1151 2790 naturam;
1179 2749 1244 2789 illi,
1260 2749 1327 2796 qui
1348 2750 1386 2785 in
1407 2750 1474 2784 illo
1494 2749 1597 2784 malo
1616 2756 1719 2787 sunt.

225 2799 432 2846 explorent
449 2811 599 2846 quaeso
618 2800 657 2836 id
680 2800 718 2836 in
738 2812 791 2842 se,
809 2809 850 2837 et
866 2802 1073 2838 videbunt.
1124 2802 1253 2838 Amor
1265 2803 1383 2838 etiam
1404 2803 1468 2837 hic
1485 2802 1575 2837 talis
1590 2808 1661 2841 est,
1675 2809 1720 2837 ut

225 2859 417 2897 quantum
436 2853 471 2888 ei
497 2853 726 2888 relaxantur
746 2853 867 2894 frena.
889 2855 996 2901 quod
1024 2855 1069 2890 fit
1090 2855 1184 2890 dum
1208 2855 1450 2901 impossibile
1472 2865 1550 2890 non
1574 2854 1718 2893 obstat.

225 2910 381 2940 tantum
408 2911 498 2940 ruat
522 2916 544 2941 e
564 2906 690 2952 gradu
718 2907 757 2941 in
779 2908 957 2954 gradum,
976 2914 1016 2943 et
1037 2918 1161 2954 usque
1182 2908 1231 2943 ad
1254 2919 1477 2947 summum;
1502 2913 1543 2942 et
1566 2907 1617 2942 ibi
1645 2917 1718 2942 nec

225 2956 470 2998 terminatur,
488 2958 558 2993 sed
577 2958 609 2993 si
628 2969 708 2994 non
734 2959 853 2995 datur
869 2960 1015 3006 gradus
1041 2960 1230 3006 superior,
1250 2961 1359 2996 dolet
1385 2967 1426 2995 et
1451 2960 1586 3006 gemit.
1639 2959 1717 2995 Hic

225 3018 338 3045 amor
355 3009 460 3056 apud
481 3010 665 3057 politicos
686 3012 866 3048 ascendit
883 3023 1009 3059 usque
1028 3020 1071 3048 ut
1089 3013 1214 3049 velint
1232 3023 1318 3049 esse
1345 3023 1456 3059 reges
1483 3019 1522 3048 et
1551 3012 1718 3059 impera-
