2014 3386
504 334 571 367 DE
603 334 783 367 AMORE
814 331 1241 376 CONJUGIAL1.—N.
1273 314 1365 376 11'9.
1618 335 1691 365 101

198 446 330 501 gines
356 452 559 501 paratae,
584 452 631 488 et
658 459 759 487 cum
787 446 894 501 Ipso
916 445 1274 488 intraverunt·in
1300 444 1484 499 nuptias
1509 443 1694 498 (Mattlt.

198 525 312 552 xxv.
344 510 488 565 1—10),
514 511 788 565 intelligitur
819 510 1058 560 Dominus,
1086 509 1209 564 quod
1239 515 1372 563 patet
1403 522 1431 550 a
1460 522 1594 550 versu
1630 519 1694 562 13,

198 575 274 616 ubi
298 575 476 624 dicitur,

206 683 210 687 .
263 657 446 698 “Vigilate
463 665 560 696 ergo,
578 655 662 697 quia
678 665 752 712 n'on
770 655 924 688 novistis
940 654 1046 694 diem,
1064 663 1180 696 neque
1197 654 1336 694 horam,
1353 653 1390 686 in
1410 663 1481 696 qua
1497 653 1608 687 Filius
1631 653 1694 684 ho-

371 700 480 732 minis
496 706 679 732 venturus·

196 790 383 832 Praeter
409 789 564 831 multis
590 789 634 830 in
661 789 773 830 locis
800 788 920 843 apud
944 787 1214 841 Prophetas.

281 854 405 897 118.
438 852 521 907 (ii.)
564 852 672 894 Tum
694 852 814 906 quod
828 852 1044 911 Dominuf
1061 852 1238 893 dicatur
1257 850 1412 900 Pater,
1436 857 1479 892 et
1497 849 1696 892 Ecclesia

195 914 558 969 Mateta—Quod
603 914 828 956 Dominus
873 914 1051 955 dicatur
1095 913 1244 963 Pater,
1287 919 1475 955 constat
1519 927 1580 955 ex
1624 913 1694 954 his

197 978 311 1020 locis
327 991 400 1019 :—

261 1063 280 1077 ¹⁴
292 1062 386 1095 Puer
399 1067 504 1094 natus
519 1068 574 1093 est
587 1061 703 1100 nobis,
718 1060 830 1093 Filius
844 1061 949 1093 datus
962 1066 1018 1093 est
1035 1060 1151 1099 nobis,
1165 1066 1202 1092 et
1217 1061 1405 1092 vocabitur
1421 1070 1555 1092 nomen
1571 1060 1694 1101 Ipsius

371 1106 558 1144 Mirabilis,
574 1105 821 1143 consiliarius,
841 1105 966 1144 Deus„
980 1105 1106 1137 .Pater
1123 1105 1358 1143 aeternitatis,
1374 1104 1547 1146 Princeps
1564 1106 1663 1146 pacis
1674 1104 1693 1117 '¹

368 1150 482 1189 (Esai.
501 1150 546 1182 ix.
567 1158 583 1188 5
600 1147 716 1191 [BA.
730 1147 804 1191 6]);

260 1194 345 1227 “Tu
367 1193 532 1269 ileliovzzh
552 1194 659 1225 Pater
678 1200 811 1231 noster,
829 1192 1052 1234 Redemptor
1070 1202 1092 1224 a
1111 1192 1256 1224 saeculo
1276 1202 1412 1224 nomen
1432 1198 1534 1224 tuum
1545 1191 1565 1205 ”
1581 1191 1694 1234 (Esai.

383 1248 456 1269 xm.
477 1246 491 1268 1
543 1247 550 1274 ς
684 1263 686 1266 ,

258 1281 365 1325 Jesus
376 1282 474 1320 dixit,
490 1238 587 1323 u>Qui
600 1281 698 1312 videt
711 1279 784 1319 Me,
799 1280 897 1312 videt
907 1279 925 1292 ''
941 1280 1094 1319 Patrem,
1110 1281 1130 1295 “
1143 1280 1202 1322 qui
1216 1280 1314 1312 misit
1328 1279 1388 1312 Me
1398 1279 1418 1292 ”
1431 1279 1530 1322 (Jolz.
1543 1280 1602 1314 xii.
1615 1281 1673 1321 45)
1685 1290 1693 1320 ς

261 1327 280 1341 “
290 1326 327 1358 Si
344 1325 568 1366 cognovistis
584 1325 656 1363 Me,
669 1325 777 1356 etiam
796 1324 937 1356 Patrem
956 1334 1075 1356 meum
1093 1324 1317 1364 cognovistis
1332 1334 1340 1364 ;
1364 1331 1400 1356 et
1415 1325 1546 1356 abhinc
1559 1334 1693 1366 cogno-

368 1369 472 1401 vistis
490 1368 596 1401 Illum
614 1375 650 1400 et
668 1369 807 1400 vidistis
827 1368 931 1400 Illum
944 1367 962 1380 ''
978 1367 1078 1409 (Joh.
1096 1369 1167 1401 xiv.
1189 1367 1242 1408 7);

260 1414 280 1429 “
293 1412 495 1454 Philippus.
510 1413 624 1450 ‚dixit‚
655 1412 822 1444 Monstra
850 1413 954 1444 nobis
985 1412 1126 1443 Patrem
1142 1421 1166 1448 :.
1181 1437 1188 1444 .
1203 1411 1307 1444 .dixit
1334 1412 1384 1444 illi
1412 1410 1547 1453 Jesus..
1560 1436 1569 1445 .
1582 1436 1590 1445 .
1604 1410 1693 1452 .Qui

367 1457 457 1488 vidit
483 1456 553 1494 Me,
578 1456 668 1488 vidit
694 1456 860 1494 Patrem
892 1456 1075 1498 quomodo
1099 1466 1186 1496 ergo
1211 1462 1249 1487 tu
1272 1456 1372 1494 dicis,
1393 1455 1561 1488 Monstra
1585 1456 1691 1489 nobis

370 1500 512 1532 Patrem
523 1500 558 1533 ?'’
575 1500 675 1542 (Joh.
693 1500 762 1532 xiv.
781 1501 810 1538 8,
825 1510 846 1540 9
860 1500 881 1540 ;)

257 1543 363 1587 Jesus
380 1544 477 1582 dixit,
497 1546 515 1559 ‘⁴
528 1544 634 1576 Pater
650 1550 686 1575 et
704 1543 781 1584 Ego
799 1553 910 1575 unum
929 1553 1053 1575 sumus
1065 1542 1084 1555 ’'
1101 1542 1200 1585 (Joh.
1217 1553 1249 1575 x.
1270 1543 1345 1582 30);

259 1589 421 1621 “Omnia
434 1598 667 1629 quaecunque
684 1587 790 1619 Pater
801 1588 917 1625 habet,
929 1597 1010 1618 mea
1019 1594 1103 1619 sunt
1113 1586 1131 1599 ”
1145 1587 1245 1629 (Jolz.
1259 1587 1330 1619 xvi.
1347 1594 1385 1626 15
1400 1596 1408 1626 ;
1428 1596 1503 1628 cap.
1515 1587 1599 1619 xvii.
1615 1585 1668 1628 10)
1683 1596 1691 1627 ;

259 1634 278 1647 “
292 1633 398 1665 Pater
414 1633 450 1664 in
470 1631 530 1664 Me
547 1638 612 1673 est,
630 1638 668 1663 et
683 1631 760 1672 Ego
780 1632 817 1663 in
837 1630 970 1663 Patre'’
987 1631 1087 1673 (Joh.
1104 1641 1138 1663 x.
1155 1631 1219 1670 383
1243 1640 1320 1672 cap.
1333 1631 1405 1663 xix.
1424 1639 1475 1669 10,
1496 1639 1545 1670 11,
1563 1630 1629 1672 20).

194 1715 331 1770 Quod
354 1716 579 1757 Dominus
605 1721 653 1758 et
681 1714 828 1769 Ipsius
854 1714 990 1756 Pater
1015 1726 1152 1755 unum
1179 1714 1285 1763 sint,
1314 1714 1432 1755 sicut
1458 1714 1611 1755 anima
1641 1720 1689 1756 et

193 1794 356 1834 corpus
374 1792 511 1820 unum
534 1785 656 1827 sunt,
672 1784 719 1820 et
741 1777 862 1832 quod
886 1777 1011 1818 Deus
1030 1777 1165 1818 Pater
1181 1777 1472 1818 descenderit
1495 1792 1520 1819 e
1542 1778 1687 1827 caelo,

191 1850 239 1885 et
272 1843 569 1896 assumpserit
601 1841 863 1882 Humanum
892 1841 950 1882 ad
982 1841 1298 1882 redimendum
1335 1846 1382 1882 et
1418 1840 1689 1883 salvandum

191 1907 415 1955 homines,
431 1911 477 1947 et
497 1905 618 1959 quod
644 1904 907 1945 Humanum
931 1904 1076 1957 Ipsius
1099 1904 1156 1944 sit
1177 1904 1297 1958 quod
1320 1909 1509 1945 vocatur
1531 1904 1687 1954 Filius,

191 1971 352 2011 missus
375 1970 419 2011 in
442 1969 674 2018 mundum,
694 1969 739 2009 in
761 1967 1041 2021 Apocalypsi
1056 1966 1272 2008 Revelata
1288 1966 1424 2021 plene
1447 1974 1685 2009 ostensum

191 2040 278 2075 est.

275 2106 403 2150 119.
444 2095 581 2150 Quod
619 2094 831 2136 Ecclesia
867 2094 1045 2136 dicatur
1085 2093 1250 2144 Mater,
1283 2098 1471 2135 constat
1507 2106 1568 2134 ex
1616 2092 1687 2134 his

190 2159 305 2202 locis
320 2173 392 2200 :—

254 2241 419 2286 Jehovah
443 2242 543 2280 dixit,
564 2241 812 2274 “Contendite
832 2249 912 2272 cum
939 2238 1056 2272 Matre
1081 2245 1211 2278 vestra,
1231 2248 1305 2271 non
1330 2238 1393 2271 illa
1417 2238 1518 2271 Uxor
1542 2248 1632 2277 mea,
1650 2245 1687 2271 et

366 2286 442 2326 Ego
460 2296 532 2318 non
553 2285 704 2318 Maritus
721 2285 800 2326 ejus
812 2284 830 2297 ''
848 2284 986 2323 (Hosclc.
1005 2284 1038 2315 ii.
1060 2292 1089 2321 2,
1110 2284 1160 2323 5);

255 2329 377 2362 “Filia
395 2330 522 2362 Matris
541 2337 632 2367 tuae,
650 2336 698 2367 tu,
716 2329 933 2360 fastidientis
952 2327 1123 2359 Maritum
1139 2336 1242 2358 suum
1255 2325 1274 2339 ”
1291 2325 1426 2366 (Ezech.
1445 2326 1515 2358 xvi.
1535 2326 1615 2365 45);

255 2375 275 2389 ⁴⁴
286 2374 355 2406 Ubi
369 2380 424 2406 est
438 2373 578 2405 libellus
592 2373 729 2414 repudii
745 2372 873 2404 Matris
886 2377 1039 2409 vestrae,
1054 2381 1160 2412 quam
1175 2368 1398 2402 1¹¹dimisistis
1407 2369 1442 2402 ?''
1455 2369 1570 2410 (Esai.
1588 2370 1609 2402 1.
1630 2378 1646 2401 1
1660 2369 1682 2410 ;)

255 2417 403 2451 “Mater
422 2425 484 2450 tua
506 2418 598 2450 sicut
617 2417 716 2449 vitis.
730 2441 738 2449 .
751 2441 760 2449 .
774 2441 782 2449 .
789 2415 892 2457 juxta
909 2424 1021 2457 aquas
1042 2415 1213 2456 plantata,
1234 2412 1436 2455 frugifera”
1456 2413 1592 2455 (Ezech.
1612 2414 1684 2446 xix.

367 2462 421 2502 10)
434 2472 441 2494 :

188 2539 303 2580 haec
329 2538 386 2580 de
412 2537 623 2579 Ecclesia
646 2537 849 2591 Judaica.

254 2614 361 2657 Jesus
377 2615 576 2647 extendens
596 2624 742 2646 manum
763 2623 864 2646 suam
884 2613 930 2646 ad
949 2612 1154 2654 discipulos,
1172 2612 1270 2650 dixit,
1288 2610 1438 2643 “Mater
1453 2620 1535 2643 mea
1554 2616 1590 2642 et
1613 2609 1684 2642 fra-

364 2665 436 2691 tres
455 2660 538 2691 mei.
554 2666 652 2691 ‚sunt
669 2659 727 2699 qui
745 2658 894 2689 audiunt
908 2659 1056 2689 verbum
1074 2656 1150 2694 Dei,
1163 2663 1198 2687 et
1214 2656 1350 2687 faciunt
1366 2654 1482 2687 illud”
1496 2654 1593 2695 (Luc.
1610 2654 1683 2686 viii.

365 2711 403 2735 21
419 2712 427 2742 ;
451 2703 580 2735 Matth.
598 2703 656 2735 xii.
673 2703 727 2741 48,
744 2711 807 2742 493
831 2702 944 2734 Marc.
962 2701 1010 2733 iii.
1028 2701 1171 2742 33-35):

190 2793 270 2835 per
297 2779 582 2833 “discipulos
609 2778 823 2820 Domini'’
849 2778 1122 2831 intelligitur
1145 2776 1354 2818 ecclesia.

256 2855 408 2888 “Stabat
424 2856 516 2896 apud
534 2866 674 2888 crucem
693 2855 789 2898 Jesu,
805 2854 922 2887 Mater
936 2854 1080 2895 Ipsius.
1095 2878 1104 2887 .
1116 2878 1125 2887 .
1139 2860 1190 2886 .et
1206 2853 1312 2896 jesus
1330 2853 1456 2885 videns
1471 2850 1626 2883 Matrem
1644 2856 1680 2882 et

363 2899 574 2939 discipulum
599 2900 802 2931 adstantem
822 2909 926 2941 quem
952 2900 1106 2936 amabat,
1124 2904 1160 2929 et
1184 2898 1270 2929 dicit
1295 2896 1404 2928 Matri
1429 2905 1525 2932 suae,
1549 2893 1680 2925 Mulier

363 2952 444 2974 ecce
464 2942 553 2974 filius
571 2943 674 2979 tuus:
699 2950 734 2974 et
750 2943 834 2974 dicit
850 2942 1035 2982 discipulo,
1060 2941 1149 2973 Eece
1170 2940 1287 2972 Mater
1307 2947 1387 2977 tua;
1413 2948 1522 2980 quare
1546 2939 1591 2969 ab
1615 2937 1676 2969 illa

363 2986 452 3018 hora
467 2987 603 3027 accepit
620 2987 716 3018 illam
733 2987 928 3027 discipulus
946 2986 981 3017 in
1000 2984 1170 3026 propria''
1187 2984 1285 3026 (Joh.
1303 2984 1372 3015 xix.
1392 2983 1533 3022 25-27):
