2014 3386
311 340 391 383 130
770 339 1011 374 DELICIAE
1046 341 1350 374 SAPIENTIAE

306 452 414 498 quod
434 451 565 498 angeli
583 452 682 488 caeli
702 453 782 488 sint
799 452 951 490 formae
970 453 1056 494 Dei,
1070 459 1111 489 et
1125 454 1233 500 quod
1248 454 1378 501 angeli
1397 454 1539 491 inferni
1557 455 1639 490 sint
1656 454 1807 493 formae

309 505 469 546 diaboli,
488 512 528 540 et
546 506 651 541 duae
671 505 821 542 formae
838 514 932 542 sunt
950 507 1024 542 sibi
1050 507 1271 553 oppositae,
1290 508 1365 543 hae
1387 508 1573 548 insaniae,
1593 508 1682 544 illae
1703 509 1807 555 sapi-

306 558 460 599 entiae;
486 558 611 609 dicite
637 559 782 605 itaque,
804 560 1010 605 quomodo
1035 559 1159 596 homo
1185 559 1314 596 forma
1340 560 1414 596 Dei
1440 568 1598 597 creatus
1624 571 1648 597 a
1672 561 1739 597 die
1765 561 1806 597 in

304 612 426 647 talem
454 610 615 647 nonem
643 612 777 658 potuit
803 613 982 654 transire,
1004 619 1050 648 ut
1077 613 1252 660 potuerit
1278 624 1422 660 negare
1451 613 1592 654 Deum,
1614 620 1655 650 et
1678 614 1805 650 vitam

306 664 548 700 aeternam.''

376 717 442 752 Ad
469 717 569 753 haec
590 718 884 764 responderunt
905 718 1097 754 didascali
1120 718 1159 754 in
1181 719 1331 760 ordine,
1353 718 1523 765 primum
1547 719 1805 766 Pythagorei,

305 770 398 806 dein
418 770 624 811 Socratici.
643 777 684 806 et
702 777 844 817 postea
865 771 1018 817 reliqui.

378 823 455 859 Sed
475 823 580 859 inter
598 824 687 859 illos
705 831 790 859 erat
811 824 972 870 quidam
994 823 1236 864 Platonicus,
1255 824 1321 860 hic
1338 823 1481 859 ultimo
1498 825 1655 860 locutus
1676 830 1747 865 est,
1765 831 1807 860 et

305 876 425 923 hujus
451 877 652 912 sententia
669 877 899 922 praevaluit,
922 887 1023 923 quae
1041 883 1137 917 erat,
1156 876 1276 924 Quod
1296 877 1478 913 homines
1495 877 1581 912 aevi
1601 877 1806 913 Saturnini

305 940 375 965 seu
394 930 542 965 saeculi
560 930 680 970 aurei,
695 929 886 966 sciverint
903 937 944 965 et
962 930 1198 976 agnoverint
1215 931 1323 976 quod
1343 937 1477 965 essent
1495 930 1647 965 formae
1665 930 1806 976 recipi·

306 989 419 1018 entes
445 983 552 1018 vitae
577 994 601 1017 a
631 979 729 1023 Deo,
752 989 793 1018 et
823 983 931 1028 quod
963 982 1054 1018 ideo
1084 982 1281 1028 sapientia
1309 983 1517 1018 animabus
1546 989 1587 1018 et
1616 983 1806 1019 cordibus

307 1036 465 1071 illorum
488 1036 679 1081 inscripta
701 1035 831 1076 fuerit,
854 1042 894 1071 et
917 1035 1019 1076 inde,
1042 1036 1151 1081 quod
1173 1046 1222 1071 ex
1247 1036 1335 1071 luce
1355 1036 1438 1071 veri
1459 1036 1634 1071 viderint
1653 1047 1804 1076 verum,

305 1095 347 1124 et
372 1100 442 1134 per
461 1100 556 1124 vera
582 1088 834 1134 perceperint
859 1089 1009 1123 bonurn
1036 1099 1085 1123 ex
1109 1088 1288 1134 jucundo
1313 1088 1460 1124 amoris
1481 1089 1589 1135 ejus:
1610 1093 1681 1124 “at
1702 1089 1806 1124 sicut

306 1142 524 1176 humanum
538 1152 664 1187 genus
679 1142 718 1176 in
733 1142 992 1187 sequentibus
1007 1141 1175 1177 saeculis
1189 1147 1405 1177 recesserat
1418 1142 1468 1176 ab
1479 1141 1684 1188 agnitione
1695 1142 1804 1187 quod

305 1206 425 1230 omne
445 1206 586 1230 verum
609 1194 839 1240 sapientiae,
855 1201 896 1230 et
917 1194 1010 1230 inde
1030 1195 1180 1229 bonum
1203 1195 1349 1230 amoris
1370 1195 1476 1240 apud
1498 1194 1598 1234 illos,
1615 1194 1806 1230 continue

307 1248 490 1283 influeret
514 1259 538 1282 a
564 1248 661 1287 Deo,
689 1253 947 1282 cessaverunt
975 1258 1062 1283 esse
1092 1247 1321 1282 habitacula
1350 1247 1435 1287 Dei,
1457 1254 1498 1282 et
1523 1258 1684 1293 quoque
1709 1253 1807 1283 tunc

306 1300 479 1336 cessavit
509 1301 668 1347 loquela
697 1311 788 1335 cum
821 1299 920 1341 Deo,
946 1306 988 1335 et
1016 1300 1263 1336 consociatio
1293 1310 1384 1335 cum
1411 1300 1584 1346 angelis;
1615 1300 1808 1336 interiora

306 1353 412 1388 enim
439 1353 585 1389 mentis
612 1353 771 1388 illorum
792 1363 816 1388 a
843 1352 1063 1388 directione
1084 1364 1167 1393 sua,
1189 1364 1292 1400 quae
1318 1353 1447 1388 fuerat
1468 1364 1624 1388 sursum
1650 1353 1807 1389 elevata

306 1407 357 1442 ad
381 1406 655 1447 DeumaDeo,
669 1406 815 1442 inflexa
826 1412 956 1442 msunt
969 1406 1008 1441 in
1019 1405 1279 1441 directionem
1302 1406 1503 1452 obliquam
1527 1406 1617 1451 plus
1638 1413 1680 1441 et
1705 1406 1805 1455 plus,

306 1465 530 1494 extrorsum
550 1459 589 1494 in
609 1460 814 1498 mundum,
834 1465 874 1494 et
891 1458 948 1494 sic
965 1459 1016 1494 ad
1040 1459 1170 1494 Deum
1189 1470 1212 1494 a
1235 1459 1322 1494 Deo
1344 1470 1415 1504 per
1432 1459 1637 1499 mundum,
1659 1465 1700 1494 et
1717 1465 1806 1494 tan-

307 1513 398 1547 dem
418 1512 574 1547 inversa
593 1511 632 1546 in
647 1511 909 1547 direftionem
928 1511 1168 1558 oppositam,
1183 1523 1284 1558 quae
1303 1519 1363 1547 est
1381 1511 1635 1547 deorsumad
1656 1518 1805 1552 semet3

272 1575 274 1578 ·
306 1572 347 1600 et
364 1565 459 1611 quia
480 1564 589 1600 Deus
611 1575 691 1600 non
714 1571 848 1610 potest
868 1563 1037 1610 spectari
1061 1565 1111 1599 ab
1133 1564 1297 1600 homine
1319 1564 1484 1600 interius
1507 1565 1665 1600 inverso
1685 1570 1727 1600 et
1748 1563 1806 1600 sic

306 1628 458 1658 averso,
478 1617 663 1653 homines
681 1623 965 1663 separaverunt
982 1628 1024 1653 se
1042 1628 1066 1652 a
1088 1617 1186 1658 Deo,
1205 1623 1245 1652 et
1266 1616 1358 1652 facti
1378 1624 1471 1653 sunt
1492 1616 1643 1653 formae
1662 1617 1804 1653 inferni

307 1682 377 1706 seu
396 1670 556 1706 diaboli.
608 1670 666 1705 Ex
683 1670 746 1705 his
759 1670 950 1716 sequitur,
964 1670 1071 1715 quod
1092 1670 1229 1715 primis
1247 1670 1354 1705 aevis
1372 1669 1608 1716 agnoverint
1625 1670 1746 1705 corde
1763 1676 1805 1705 et

307 1723 451 1764 anima,
482 1723 590 1769 quod
621 1734 740 1758 omne
765 1724 914 1758 bonum
942 1723 1089 1758 amoris
1116 1729 1157 1758 et
1187 1722 1279 1758 inde
1305 1733 1445 1758 verum
1475 1723 1696 1768 sapientiae
1728 1722 1805 1757 illis

308 1783 443 1812 essent
460 1787 484 1811 a
502 1776 601 1817 Deo,
619 1783 659 1811 et
677 1786 836 1821 quoque
853 1776 961 1821 quod
985 1775 1050 1810 illa
1071 1781 1205 1811 essent
1227 1775 1302 1810 Dei
1325 1775 1363 1810 in
1384 1775 1470 1815 illis,
1490 1782 1530 1811 et
1548 1776 1604 1810 sic
1621 1775 1730 1821 quod
1749 1774 1804 1810 illi

307 1836 442 1864 essent
464 1840 572 1864 mera
593 1829 842 1874 receptacula
861 1829 967 1863 vitae
988 1839 1011 1863 a
1038 1828 1136 1868 Deo,
1158 1834 1199 1863 et
1225 1828 1316 1863 inde
1337 1828 1469 1863 vocati
1498 1828 1688 1874 imagines
1716 1827 1803 1868 Dei,

308 1882 377 1917 filii
406 1881 491 1922 Dei,
514 1888 554 1916 et
576 1881 658 1916 nati
680 1892 704 1916 a
726 1881 831 1916 Deo:
856 1881 925 1916 sed
948 1881 1056 1926 quod
1084 1881 1123 1915 in
1145 1881 1452 1916 succedentibus
1473 1881 1581 1916 aevis
1604 1881 1700 1915 illud
1722 1891 1804 1916 non

307 1935 426 1970 corde
448 1941 488 1970 et
509 1934 651 1974 anima,
671 1934 740 1969 sed
763 1934 935 1979 quadarn
958 1933 1035 1968 fide
1057 1933 1294 1979 persuasiva,
1316 1940 1357 1968 et
1378 1933 1470 1969 dein
1498 1933 1575 1968 fide
1602 1933 1803 1974 historica,

307 1995 348 2023 et
369 1988 532 2022 demum
555 1987 684 2022 solum
704 1997 783 2027 ore,
804 1985 1061 2032 agnoverint;
1088 1993 1128 2021 et
1148 1997 1366 2032 agnoscere
1387 1987 1467 2021 tale
1489 1986 1618 2021 solum
1640 1997 1720 2027 ore,
1741 1993 1805 2025 est

307 2051 389 2075 non
411 2051 637 2087 agnoscere,
657 2039 780 2074 immo
803 2039 841 2074 id
864 2049 1010 2084 negare
1028 2039 1159 2075 corde.
1212 2039 1270 2074 Ex
1296 2039 1358 2074 his
1378 2039 1503 2074 videri
1526 2045 1661 2084 potest
1677 2039 1805 2085 qualis

308 2093 429 2129 hodie
451 2099 512 2128 est
533 2092 729 2138 sapientia
747 2092 786 2126 in
804 2098 911 2126 terra
929 2092 1034 2137 apud
1055 2091 1316 2132 Christianos,
1333 2091 1495 2127 tametsi
1514 2092 1569 2127 illi
1589 2103 1637 2127 ex
1655 2092 1804 2127 revela·

306 2147 417 2183 tione
443 2146 591 2192 scripta
618 2145 799 2191 inspirari
826 2152 995 2191 possunt
1021 2155 1045 2180 a
1071 2145 1168 2185 Deo,
1196 2146 1292 2180 dum
1323 2156 1403 2180 non
1429 2145 1561 2181 sciunt
1589 2145 1803 2182 discrimen

308 2200 413 2235 inter
439 2199 642 2234 hominem
671 2206 712 2234 et
736 2198 926 2239 bestiam3
955 2205 995 2233 et
1024 2198 1116 2233 inde
1144 2198 1259 2233 multi
1285 2199 1464 2238 credunt,
1485 2199 1592 2244 quod
1619 2198 1652 2234 si
1680 2198 1804 2234 homo

306 2253 408 2288 vivit
426 2259 518 2298 post
535 2258 716 2292 mortem,
731 2251 851 2286 etiam
870 2251 998 2286 bestia
1010 2250 1164 2286 victura
1178 2251 1230 2286 sit
1243 2263 1250 2292 ;
1276 2258 1345 2286 aut
1359 2251 1453 2297 quia
1466 2251 1594 2287 bestia
1608 2261 1688 2286 non
1702 2251 1803 2286 vivit

308 2312 400 2353 post
422 2311 603 2344 mortem,
625 2315 698 2339 nec
723 2304 847 2339 homo
867 2303 1045 2339 vieturus
1071 2304 1144 2345 sit:
1169 2315 1302 2339 annon
1329 2304 1396 2339 lux
1417 2311 1555 2340 nostra
1575 2303 1803 2350 spiritualis,

307 2369 409 2406 quae
428 2357 624 2393 illuminat
638 2357 767 2392 visum
788 2357 943 2397 mentis,
959 2357 1064 2402 apud
1085 2357 1172 2392 illos
1190 2356 1294 2392 facta
1311 2363 1372 2392 est
1389 2356 1547 2403 caligo?
1573 2363 1613 2392 et
1631 2357 1698 2391 lux
1717 2356 1805 2391 illo-

308 2422 395 2447 rum
418 2410 620 2451 naturalis,
641 2420 742 2456 quae
768 2410 897 2445 solum
925 2410 1122 2445 illuminat
1146 2410 1276 2445 visum
1302 2410 1490 2456 corporis,
1512 2408 1616 2444 faeta
1640 2416 1702 2445 est
1728 2409 1804 2446 illis

308 2464 498 2511 splendor
509 2463 549 2498 ?’'

379 2519 642 2563 154[secund0].
678 2514 777 2550 Post
798 2515 898 2550 haec
915 2521 1199 2551 converterunt
1215 2526 1257 2550 se
1271 2525 1411 2550 omnes
1429 2514 1478 2550 ad
1497 2514 1599 2550 duos
1617 2514 1803 2556 advenas,

307 2576 349 2606 et
367 2569 442 2604 illis
459 2568 606 2615 gratias
625 2575 788 2614 propter
800 2569 1017 2603 adventum
1036 2575 1077 2603 et
1097 2568 1362 2603 narrationem
1382 2568 1563 2614 agebant,
1578 2574 1618 2603 et
1635 2568 1803 2604 orabant

308 2630 353 2658 ut
370 2623 479 2661 haec,
498 2632 599 2667 quae
617 2621 862 2661 audiverant,
882 2622 964 2656 suis
982 2621 1170 2656 fratribus
1189 2620 1474 2656 renuntiarent.
1520 2620 1569 2655 Et
1588 2621 1804 2666 responde-

308 2682 402 2711 runt
430 2675 617 2714 advenae,
644 2674 751 2719 quod
781 2673 1052 2709 confirmaturi
1083 2674 1162 2708 sint
1191 2684 1285 2709 suos
1316 2673 1354 2708 in
1386 2673 1460 2708 hac
1488 2673 1668 2714 veritate,
1693 2673 1802 2719 quod

308 2735 501 2775 quantum
520 2727 744 2762 attribuunt
761 2737 879 2762 omne
897 2728 1045 2762 bonum
1064 2726 1270 2761 charitatis
1288 2732 1328 2761 et
1345 2737 1482 2761 verum
1503 2726 1594 2761 fidei
1614 2725 1801 2767 Domino,

309 2789 350 2817 et
367 2792 448 2817 non
465 2780 551 2821 sibi,
569 2786 726 2815 tantum
745 2779 825 2814 sint
843 2779 1037 2819 homines.
1056 2789 1102 2814 ac
1119 2785 1275 2814 tantum
1295 2778 1393 2814 fiant
1410 2779 1540 2825 angeli
1557 2779 1668 2815 caeli.

309 2923 602 2970 155[secundo].
642 2913 856 2956 Alterum
883 2912 1181 2955 Memorabile
1196 2926 1264 2954 :—

381 3004 567 3052 Quodam
586 3015 701 3041 mane
715 3004 972 3041 suavissimus
990 3011 1131 3040 cantus
1149 3015 1170 3040 e
1183 3004 1355 3051 quadam
1374 3005 1585 3042 altitudine
1599 3015 1719 3052 supra
1737 3015 1800 3042 me

2007 3063 2014 3075 .1⁴
2009 3047 2014 3051 ,
2004 2918 2014 3032 t—Aa.ae=.
2012 2903 2014 2906 .
2005 2871 2014 2893 Α
2004 2832 2014 2862 „aa
