2014 3386
541 349 608 382 DE
640 347 820 381 AMORE
852 345 1277 390 CONJUGIAL1.-N.
1306 337 1372 389 87.
1651 335 1703 387 83

295 466 389 518 85.
429 462 542 505 Cum
564 462 717 516 itaque
741 461 964 502 Dominus
986 459 1111 500 Deus
1135 458 1327 501 Creator
1347 463 1418 499 est
1440 456 1535 511 ipse
1558 456 1706 498 Amor

210 534 258 569 et
284 528 381 581 ipsa
406 525 652 579 Sapientia,
681 531 727 566 et
754 524 812 565 ab
835 524 941 578 Ipso
967 529 1171 564 creatum
1193 528 1263 563 est
1289 521 1561 570 universum,
1586 521 1707 575 quod

209 591 314 632 inde
345 596 415 631 est
447 590 562 630 sicut
589 602 700 641 opus
727 587 980 641 procedens
1012 586 1070 627 ab
1102 586 1222 639 Ipso,
1251 598 1343 626 non
1374 591 1530 639 potest
1556 585 1704 633 aliter,

209 666 345 708 quam
371 652 492 706 quod
523 652 568 692 in
594 651 804 692 omnibus
830 656 876 691 et
908 649 1097 703 singulis
1123 649 1287 690 creatis
1313 649 1370 688 sit
1402 647 1569 701 aliquid
1601 647 1706 688 boni

209 724 257 758 et
281 717 374 758 veri
399 716 457 757 ab
479 715 612 768 Ipso;
645 728 751 755 nam
774 714 895 768 quod
921 713 971 754 fit
993 719 1040 754 et
1066 713 1273 766 procedit
1299 711 1356 753 ab
1377 711 1543 765 aliquo,
1567 711 1707 752 trahit

210 779 354 820 simile
392 779 450 820 ab
489 778 581 820 illo.
643 777 778 831 Quod
810 778 875 818 ita
906 777 978 826 sit,
1007 777 1146 817 etiam
1173 782 1326 830 potest
1358 776 1535 816 ratione
1566 774 1707 815 videri

209 857 268 884 ex
287 843 444 884 ordine
466 843 511 883 in
537 855 626 896 quo
649 842 801 882 omnia
822 847 869 882 et
892 838 1071 894 singula
1092 839 1286 880 universi
1308 839 1448 879 creati
1471 843 1575 878 sunt
1595 852 1604 889 ;
1633 838 1707 891 qui

208 912 295 954 est,
323 905 442 959 quod
469 918 606 946 unum
647 905 704 945 sit
742 910 927 957 propter
952 903 1160 951 alterum,
1189 909 1237 943 et
1278 901 1399 955 quod
1431 901 1538 942 inde
1570 913 1707 941 unum

209 969 408 1024 pendeat
431 970 488 1010 ab
509 968 670 1017 altero,
691 968 806 1009 sicut
829 974 992 1008 catena
1014 981 1073 1007 ex
1097 966 1250 1016 uncis;
1284 972 1389 1006 sunt
1413 966 1531 1005 enim
1556 964 1708 1005 omnia

208 1039 395 1086 propter
419 1032 665 1073 humanum
689 1045 846 1084 genuS,
875 1037 923 1071 ut
954 1044 1013 1072 ex
1039 1029 1119 1071 illo
1146 1030 1204 1070 sit
1231 1029 1406 1069 caelum
1433 1027 1705 1081 angelicum,

209 1109 289 1149 per
313 1097 433 1150 quod
459 1097 575 1137 redit
602 1096 772 1136 creatio
798 1095 856 1136 ad
890 1095 1043 1147 Ipsum
1070 1093 1352 1142 Creatorem,
1379 1106 1406 1133 a
1438 1091 1567 1146 Quo:
1601 1093 1707 1133 inde

210 1166 281 1201 est
321 1157 580 1212 conjunfflo
606 1159 799 1199 universi
840 1158 981 1199 creati
1018 1170 1120 1199 curn
1161 1171 1242 1198 suo
1280 1155 1512 1205 Creatore,
1541 1162 1588 1197 et
1628 1169 1708 1209 per

209 1221 573 1275 conjunclionem
595 1222 873 1274 sempiterna
895 1220 1196 1261 conservatio.
1258 1219 1334 1260 Ex
1360 1219 1446 1260 hoc
1475 1225 1559 1268 est,
1584 1219 1706 1272 quod

209 1287 379 1327 bonum
406 1291 453 1326 et
479 1298 634 1325 verum
661 1285 869 1325 dicantur
895 1283 1167 1324 universalia
1192 1283 1459 1324 creationis:
1494 1282 1614 1336 quod
1642 1283 1707 1322 ita

209 1350 281 1399 sit,
315 1355 444 1402 patet
485 1349 624 1389 cuivis
660 1347 1014 1401 contemplatori
1046 1361 1105 1388 ex
1146 1347 1349 1397 ratione;
1390 1345 1462 1387 hic
1493 1345 1619 1386 videt
1660 1345 1705 1386 in

211 1413 333 1454 omni
360 1418 517 1453 creato
542 1412 587 1452 id
619 1412 740 1466 quod
771 1425 819 1452 se
846 1411 982 1452 refert
1017 1411 1076 1451 ad
1114 1410 1298 1459 bonum,
1326 1415 1373 1451 et
1413 1409 1458 1450 id
1498 1409 1619 1463 quod
1659 1422 1708 1450 se

208 1475 344 1517 refert
370 1476 427 1516 ad
454 1488 622 1516 verum.

294 1539 392 1581 86.
433 1537 568 1591 Quod
605 1538 774 1578 bonum
815 1543 862 1579 et
903 1550 1059 1578 verum
1099 1536 1144 1578 in
1176 1534 1387 1589 subjeetis
1420 1535 1583 1576 creatis
1615 1535 1707 1576 sint

208 1602 456 1643 secundum
483 1600 677 1654 cujusvis
702 1601 906 1649 formam,
935 1607 1005 1641 est
1031 1600 1133 1653 quia
1159 1613 1293 1640 omne
1317 1597 1567 1651 subjectum
1593 1598 1707 1639 reci-

209 1666 275 1719 pit
306 1658 524 1705 influxum
551 1665 800 1704 secundum
827 1664 978 1715 illam;
1017 1663 1303 1704 conservatio
1335 1663 1477 1703 totius
1512 1675 1602 1702 non
1635 1668 1706 1702 est

210 1728 330 1769 aliud
357 1740 492 1781 quam
519 1733 763 1780 perpetuus
790 1726 986 1767 influxus
1013 1726 1166 1767 Divini
1194 1725 1309 1767 Boni
1341 1731 1388 1766 et
1420 1725 1570 1766 Divini
1597 1723 1708 1765 Veri

190 1792 254 1832 -in
285 1791 451 1832 formas
482 1804 508 1831 a
538 1804 587 1831 se
618 1797 810 1838 creatas,
835 1790 897 1830 sic
930 1790 1051 1830 enim
1082 1789 1380 1830 subsistentia
1410 1802 1490 1829 seu
1522 1801 1706 1829 conser-

209 1855 335 1895 vatio
371 1860 442 1895 est
483 1860 703 1907 perpetua
742 1854 993 1894 existentia
1031 1866 1110 1893 seu
1151 1853 1336 1893 creatio.
1397 1850 1533 1904 Quod
1573 1865 1708 1892 omne

209 1915 459 1970 subjeetum
477 1917 666 1969 recipiat
689 1916 907 1957 influxum
929 1916 1179 1957 secundum
1202 1928 1328 1956 suam
1350 1915 1555 1963 formam,
1579 1914 1706 1955 illus-

209 1981 316 2022 trari
343 1986 499 2034 potest
530 1993 610 2033 per
635 1981 783 2031 varia;
822 1986 871 2021 ut
903 1993 982 2033 per
1007 1979 1227 2020 influxum
1260 1978 1422 2020 caloris
1453 1984 1500 2019 et
1537 1977 1648 2018 lucis
1681 1991 1705 2018 e

208 2044 303 2085 sole
330 2045 374 2084 in
400 2044 546 2084 omnis
569 2044 747 2096 generis
769 2042 1074 2096 vegetabilia3
1108 2041 1344 2097 quodlibet
1366 2056 1426 2083 ex
1453 2041 1524 2083 his
1546 2041 1705 2094 recipit

207 2106 334 2148 illum
359 2106 608 2148 secundum
635 2119 762 2146 suam
788 2106 994 2154 formam,
1023 2106 1088 2146 ita
1119 2106 1267 2146 omnis
1294 2105 1427 2146 arbor
1452 2104 1702 2145 secundum

208 2183 351 2219 suam,
385 2182 520 2211 omne
560 2169 808 2222 virgultum
841 2169 1088 2210 secundum
1122 2182 1263 2218 suam,
1298 2169 1444 2209 omnis
1474 2168 1616 2209 herba
1656 2175 1704 2209 et

208 2247 341 2275 omne
356 2246 543 2287 gramen
558 2233 806 2274 secundum
824 2246 950 2273 suam
967 2246 975 2283 ;
1003 2232 1197 2273 influxus
1210 2239 1280 2273 est
1299 2232 1454 2272 similis
1472 2232 1516 2272 in
1535 2232 1702 2280 omnia,

208 2297 289 2338 sed
311 2297 526 2350 receptio,
550 2297 654 2350 quia
675 2302 746 2337 est
769 2296 1016 2336 seeundum
1038 2296 1243 2345 formam,
1267 2296 1374 2336 facit
1397 2302 1446 2336 ut
1473 2294 1703 2349 quaelibet

209 2361 382 2413 species
420 2367 605 2400 maneat
646 2374 727 2400 sua
767 2360 956 2413 species.
1018 2359 1146 2400 Idem
1186 2359 1272 2400 hoc
1314 2359 1452 2400 etiam
1493 2358 1706 2400 illustrari

209 2429 362 2477 potest
394 2437 472 2477 per
503 2423 721 2464 influxum
753 2423 797 2464 in
830 2423 976 2464 omnis
1003 2423 1181 2476 generis
1213 2422 1425 2463 animalia
1456 2422 1703 2463 secundum

210 2485 404 2538 cujusvis
443 2486 646 2527 sormam.
709 2485 844 2539 Quod
880 2486 1076 2527 influxus
1116 2486 1174 2526 sit
1219 2486 1468 2526 secundum
1509 2484 1703 2538 cujusvis

209 2548 412 2598 formam,
436 2550 573 2590 etiam
599 2563 626 2589 a
651 2550 820 2590 rustico
843 2554 999 2601 potest
1023 2548 1180 2597 videri,
1205 2549 1241 2589 si
1267 2548 1469 2590 attendit
1495 2549 1553 2589 ad
1579 2548 1703 2588 varia

210 2611 510 2652 instrumenta
554 2612 666 2661 soni,
709 2612 767 2652 ad
809 2611 997 2660 fistulas,
1031 2611 1181 2659 tibias,
1214 2611 1362 2661 tubas,
1395 2611 1623 2659 buccinas,
1657 2617 1704 2651 et

211 2686 396 2726 organa,
416 2675 535 2728 quod
558 2675 669 2715 haec
693 2681 858 2716 sonent
880 2689 940 2715 ex
963 2675 1096 2715 simili
1113 2674 1270 2716 afflatu
1292 2688 1371 2715 seu
1392 2674 1566 2715 influxu
1588 2674 1702 2715 aeris

212 2737 457 2777 secundum
484 2751 584 2778 suas
610 2738 789 2779 formas.

297 2798 383 2852 8¹7.
419 2797 500 2853 (ii.)
537 2799 665 2850 Quod
690 2814 773 2841 non
813 2800 943 2842 detur
977 2800 1133 2842 bonum
1168 2800 1441 2849 solitarium,
1474 2800 1557 2841 sed
1587 2800 1707 2853 quod

214 2859 359 2900 ubivis
384 2861 607 2914 confunda
631 2862 885 2916 sz'nt.—Qui
916 2877 976 2904 ex
1001 2863 1152 2917 aliquo
1179 2877 1313 2904 sensu
1339 2863 1440 2904 vult
1466 2863 1548 2903 sibi
1576 2875 1701 2902 com-

214 2935 370 2975 parare
400 2923 547 2964 ideam
578 2925 634 2966 de
666 2925 800 2975 bono,
835 2939 926 2967 non
958 2933 1114 2979 potest
1144 2927 1344 2967 invenire
1376 2926 1498 2967 illam
1531 2925 1701 2978 absque

216 2985 366 3039 aliquo
392 2985 582 3039 adjecto,
606 2988 727 3042 quod
753 2989 874 3030 sistit
897 2995 944 3030 et
967 2989 1228 3030 manifestat
1254 2989 1391 3040 illud;
1418 2989 1587 3042 absque
1613 2988 1699 3030 hoc
