2014 3386
315 346 397 387 180
772 355 1013 387 DELICIAE
1045 354 1348 388 SAPIENTIAE

307 467 433 508 tinue
455 480 481 508 a
503 466 715 516 Domino,
736 467 839 521 quia
861 467 939 508 illa
961 473 1065 509 sunt
1090 467 1206 520 Ipse,
1227 474 1273 510 et
1295 468 1353 509 ab
1371 468 1478 521 Ipso
1495 474 1599 510 sunt
1622 468 1772 511 omnia
1787 483 1807 522 3·-

306 537 353 572 et
380 544 495 584 quae
518 531 575 571 ab
602 530 707 583 Ipso
734 531 1001 583 procedunt,
1029 531 1221 584 implent
1248 532 1531 582 universum;
1565 545 1670 572 nam
1696 532 1800 573 abs-

305 607 391 648 que
418 607 474 635 eo
496 593 606 634 nihil
628 594 898 634 subsisteret
921 594 1041 647 quod
1067 594 1260 635 exstitit.
1322 593 1437 636 Sunt
1459 594 1609 647 plures
1635 595 1801 648 sphae-

306 671 398 706 rae,
427 671 541 711 quae
573 657 630 698 ab
663 657 769 710 Ipso
801 657 1082 709 procedunt:
1124 663 1172 698 ut
1210 657 1402 710 sphaera
1441 659 1805 699 conservationis

305 720 499 760 universi
526 720 679 768 creati,
700 719 893 772 sphaera
918 720 1160 761 tutationis
1186 720 1294 760 boni
1326 726 1372 760 et
1398 721 1490 761 veri
1517 727 1677 762 contra
1702 734 1800 761 ma-

305 782 398 824 lum
435 789 482 824 et
522 782 697 831 falsum,
732 783 926 836 sphaera
964 783 1299 823 reformationis
1340 789 1386 824 et
1423 784 1798 836 regenerafionss,

304 846 500 899 sphaera
543 847 835 887 innocentiae
880 852 927 887 et
965 846 1103 899 paciS‚
1137 846 1331 898 sphaera
1371 846 1706 887 misericordiae
1751 852 1800 888 et

304 909 494 963 gratiae,
523 915 704 962 praeter
722 909 898 962 plures;
931 916 978 950 at
1001 909 1266 949 universalis
1288 910 1486 950 omnium
1514 916 1585 950 est
1607 909 1801 963 sphaera

305 972 585 1026 conjugialis,
606 973 708 1026 quia
733 972 846 1013 haec
879 973 1018 1013 etiam
1051 979 1122 1013 est
1148 971 1342 1024 sphaera
1367 974 1727 1026 propagationiS,
1750 979 1801 1014 et

303 1036 366 1077 sic
385 1036 724 1088 supereminens
747 1035 940 1089 sphaera
962 1036 1325 1076 conservationis
1343 1036 1537 1076 universi
1559 1036 1701 1077 creati
1719 1049 1798 1089 per

303 1100 584 1140 successivas
615 1100 950 1152 generationes
1012 1098 1148 1151 Quod
1180 1098 1373 1151 sphaera
1393 1098 1506 1140 haec
1532 1099 1798 1152 conjugialis

303 1161 493 1215 impleat
533 1163 804 1209 universum,
838 1168 885 1203 et
917 1162 1137 1216 pervadat
1169 1161 1247 1202 illa
1277 1175 1302 1202 a
1333 1163 1488 1215 primis
1525 1163 1582 1203 ad
1619 1162 1793 1212 ultima,

303 1231 435 1278 patet
458 1239 483 1266 a
505 1239 639 1278 supra
661 1226 873 1274 ostensis,
893 1225 1013 1278 quod
1039 1224 1248 1278 conjugia
1270 1225 1361 1266 sint
1383 1225 1427 1265 in
1451 1225 1603 1274 caelis,
1627 1232 1673 1266 et
1696 1238 1798 1279 per-

301 1287 548 1329 feffissima
583 1289 627 1329 in
669 1288 798 1329 caelo
832 1289 969 1329 tertio
1005 1302 1083 1329 seu
1124 1301 1350 1341 supremo,
1384 1294 1430 1328 et
1462 1288 1582 1342 quod
1619 1294 1798 1342 praeter

302 1352 423 1406 apud
454 1352 675 1401 homines,
703 1352 762 1393 sit
793 1352 837 1392 in
870 1351 1078 1393 omnibus
1110 1350 1323 1403 subjeffis
1354 1353 1482 1405 regni
1514 1351 1722 1393 animalis
1751 1352 1797 1394 in

302 1416 447 1464 terris,
472 1430 611 1469 usque
644 1417 700 1456 ad
727 1429 937 1466 vermes;
981 1422 1028 1456 et
1059 1416 1240 1468 insuper
1266 1416 1387 1469 quod
1420 1417 1478 1457 sit
1509 1416 1554 1456 in
1587 1414 1797 1457 omnibus

302 1477 515 1532 subjectis
537 1479 664 1532 regni
683 1478 969 1532 vegetabilis,
989 1478 1046 1519 ab
1064 1478 1175 1519 oleis
1198 1484 1244 1519 et
1268 1478 1428 1531 palmis
1452 1493 1590 1532 usque
1612 1478 1669 1519 ad
1692 1492 1797 1531 gra-

302 1542 484 1583 minula.
537 1541 671 1596 Quod
691 1542 803 1583 haec
822 1542 1015 1596 sphaera
1037 1542 1331 1583 universalior
1348 1543 1406 1584 sit
1424 1542 1616 1595 sphaera
1634 1542 1797 1584 caloris

302 1612 349 1646 et
373 1605 498 1654 lucis,
527 1620 642 1659 quae
669 1606 875 1660 procedit
901 1619 928 1646 a
954 1605 1050 1646 sole
1077 1606 1219 1646 nostri
1246 1606 1416 1654 mundi,
1445 1606 1562 1646 ratio
1589 1605 1796 1647 convinci

301 1676 457 1723 potest
480 1684 539 1710 ex
562 1683 631 1718 eo,
652 1669 771 1724 quod
796 1670 934 1710 etiam
957 1675 1168 1722 operetur
1190 1670 1234 1710 in
1261 1670 1470 1710 absentia
1496 1669 1658 1710 caloris
1684 1669 1792 1722 ejus,

301 1740 351 1774 ut
392 1733 554 1782 hieme,
589 1739 635 1774 et
675 1734 719 1774 in
761 1732 970 1773 absentia
1010 1732 1120 1773 lucis
1161 1732 1268 1786 ejus,
1302 1739 1352 1774 ut
1393 1731 1542 1782 nocte,
1576 1733 1794 1785 imprimis

301 1797 420 1849 apud
445 1797 680 1847 homines;
712 1797 832 1850 quod
859 1797 923 1837 ita
948 1802 1173 1848 operetur,
1198 1802 1268 1837 est
1291 1797 1393 1850 quia
1415 1802 1486 1838 est
1511 1810 1535 1837 e
1558 1796 1654 1837 sole
1679 1795 1794 1837 caeli

300 1860 508 1913 angelici,
529 1866 575 1901 et
598 1860 703 1900 inde
726 1866 797 1900 est
820 1866 1037 1900 constans
1064 1860 1277 1912 aequatio
1299 1859 1462 1900 caloris
1488 1865 1535 1900 et
1562 1859 1686 1908 lucis,
1705 1859 1792 1901 hoc

273 1922 387 1973 ‘est‚
416 1921 673 1976 conjunfflo
704 1923 811 1969 boni
849 1929 896 1963 et
927 1924 1019 1963 veri
1044 1936 1053 1973 ;
1101 1929 1171 1963 est
1198 1923 1316 1962 enim
1343 1923 1386 1962 in
1414 1923 1631 1963 continuo
1657 1937 1792 1974 vere;

301 1987 578 2028 mutationes
604 1986 709 2027 boni
736 1992 782 2026 et
808 1986 916 2034 veri,
936 1999 1014 2026 seu
1037 1985 1198 2026 caloris
1225 1990 1271 2025 et
1299 1984 1410 2025 lucis
1436 1984 1543 2037 ejus,
1568 1998 1659 2026 non
1686 1992 1793 2028 sunt

300 2050 575 2091 variationes
607 2048 713 2101 ejus,
742 2049 857 2089 sicut
890 2055 994 2089 sunt
1017 2049 1292 2089 variationes
1323 2048 1367 2088 in
1400 2048 1531 2088 terris
1558 2061 1616 2088 ex
1641 2054 1791 2090 muta-

302 2113 504 2155 tionibus
536 2111 699 2153 caloris
731 2118 777 2152 et
810 2111 922 2152 lucis
953 2125 1011 2152 ex
1043 2111 1139 2152 sole
1170 2110 1244 2160 ibi,
1268 2110 1348 2151 sed
1380 2111 1583 2152 oriuntur
1622 2111 1727 2153 illae
1767 2125 1794 2154 a

300 2175 512 2230 subjeffls
538 2190 652 2229 quae
678 2175 914 2228 recipiunt.

385 2249 508 2293 223.
552 2238 684 2293 (xiv.)
722 2238 850 2290 Quod
868 2237 974 2279 lzaec
998 2236 1192 2290 sphaera
1217 2236 1460 2290 recipiatur
1482 2252 1511 2279 a
1531 2252 1640 2279 sexu
1653 2239 1791 2291 femi-

301 2303 416 2352 nino,
435 2308 478 2343 et
490 2308 576 2355 per
590 2302 704 2343 hunc
724 2302 1033 2354 transferatur
1052 2299 1098 2341 in
1121 2314 1274 2341 sexum
1296 2300 1793 2355 masculinum—Quod

300 2366 420 2420 apud
452 2378 612 2407 sexum
636 2364 932 2406 masculinum
965 2376 1054 2404 non
1087 2364 1144 2404 sit
1176 2363 1334 2417 aliquis
1360 2377 1487 2404 amor
1512 2363 1791 2418 conjugialis,

300 2430 382 2471 sed
425 2429 546 2483 quod
579 2428 722 2469 solum
757 2434 826 2469 est
859 2427 977 2480 apud
1009 2439 1170 2467 sexum
1211 2426 1487 2475 femininum,
1521 2434 1567 2468 et
1608 2428 1667 2468 ab
1704 2427 1791 2470 hoc

300 2493 597 2535 transferatur
628 2492 671 2532 in
704 2491 1015 2539 masculinum,
1043 2490 1134 2530 vidi
1164 2496 1386 2530 testatum
1418 2491 1477 2531 ab
1508 2491 1794 2544 experientia

302 2555 381 2611 (de
406 2569 494 2610 qua
519 2568 654 2608 supra
679 2568 721 2595 n.
754 2554 880 2608 161):
914 2554 983 2595 cui
1006 2554 1144 2594 etiam
1175 2553 1478 2605 adstipulatur
1508 2553 1621 2594 haec
1649 2553 1791 2604 ratio;

300 2619 420 2674 quod
451 2617 594 2659 forma
625 2618 875 2659 masculina
905 2618 963 2658 sit
993 2616 1136 2658 forma
1169 2614 1506 2665 intellectualis,
1534 2629 1586 2656 ac
1624 2615 1791 2657 semina

300 2684 359 2724 sit
394 2682 537 2723 forma
561 2681 845 2731 voluntaria;
891 2686 938 2722 et
973 2679 1117 2721 forma
1152 2677 1475 2720 intellefitualis
1506 2693 1597 2720 non
1634 2684 1791 2732 potest

300 2745 527 2787 calescere
559 2743 710 2785 calore
741 2743 981 2798 conjugiali
1007 2746 1033 2784 a
1057 2756 1120 2791 se,
1147 2742 1227 2783 sed
1259 2756 1286 2782 a
1316 2742 1467 2783 calore
1500 2739 1787 2795 conjunfflvo

300 2807 499 2862 alicujus,
533 2808 603 2849 cui
647 2807 723 2848 ille
768 2820 795 2848 a
838 2806 1068 2848 creatione
1112 2804 1411 2858 implantatus
1455 2811 1554 2855 est;
1599 2804 1788 2858 proinde

300 2885 391 2913 non
428 2877 584 2925 potest
619 2871 819 2923 recipere
849 2870 974 2911 illum
1010 2881 1224 2917 amorem,
1252 2868 1336 2909 nisi
1369 2882 1448 2922 per
1485 2868 1675 2909 formam
1707 2867 1790 2908 sibi

301 2933 558 2988 adjunfflrm
579 2933 882 2975 voluntariam
904 2934 1109 2981 feminae,
1131 2932 1233 2985 quia
1259 2932 1370 2972 haec
1397 2931 1544 2982 etiam
1557 2937 1626 2972 est
1648 2930 1791 2972 forma

301 2998 481 3040 amoris.
556 2997 685 3039 Idem
726 2997 812 3039 hoc
858 2996 1051 3050 amplius
1091 3000 1245 3049 posset
1285 2994 1538 3037 confirmari
1577 3008 1638 3036 ex
1679 3006 1784 3036 con-
