2014 3386
315 333 368 386 38
777 339 1021 373 DELICIAE
1052 337 1357 372 SAPIENTIAE

310 460 406 491 sunt
424 453 666 490 ineffabiles:
691 464 812 500 quare
829 453 971 500 recipe,
990 463 1093 500 quae
1113 451 1321 489 auditurus
1342 462 1395 494 es,
1414 451 1672 494 rationaliter,
1691 458 1732 488 et
1751 452 1809 488 sic

309 508 360 544 ad
379 506 625 543 intellectum
641 518 797 553 expone
815 506 917 543 illa.''

384 560 436 596 Et
453 560 652 607 respondi,
671 565 692 579 “
706 559 876 600 Cavebo,
897 558 1030 595 venite
1048 557 1250 605 propius.”

384 613 434 648 Et
451 619 658 654 venerunt,
673 618 713 648 et
730 623 823 648 ecce
841 619 926 648 erat
940 612 1106 647 maritus
1124 618 1164 647 et
1181 611 1267 657 ejus
1284 621 1406 647 uxor:
1429 617 1471 647 et
1487 611 1684 652 dixerunt,
1700 615 1720 629 “
1734 610 1805 646 Su-

310 677 398 702 mus
419 667 629 713 conjuges;
655 666 827 701 viximus
852 665 958 700 beati
982 665 1021 700 in
1047 664 1159 700 caelo
1184 674 1208 699 a
1233 664 1361 710 primo
1386 675 1496 705 aevo,
1516 664 1624 710 quod
1650 675 1674 699 a
1692 663 1807 700 vobis

309 726 477 755 vocatur
493 719 695 754 saeculum
714 729 891 759 aureum,
909 725 950 754 et
967 724 1162 764 perpetuo
1184 717 1224 752 in
1241 717 1362 753 simili
1379 717 1476 753 flore
1493 717 1648 759 aetatis,
1667 717 1707 752 in
1725 727 1807 763 quo

308 779 353 808 tu
373 783 446 807 nos
464 772 576 807 vides
596 771 753 807 hodie.''

382 825 563 860 Lustravi
590 832 814 871 utrumque,
833 823 927 870 quia
951 823 1110 870 percepi
1128 823 1236 870 quod
1262 829 1604 869 repraesentarent
1628 834 1806 859 amorem

308 878 578 924 conjugialem
600 877 639 912 in
657 888 729 913 sua
745 877 830 912 vita
846 883 887 912 et
906 877 945 912 in
963 887 1036 912 suo
1055 883 1199 912 ornatu
1211 888 1224 918 ;-
1245 876 1285 912 in
1303 887 1375 912 sua
1391 876 1476 912 vita
1501 876 1540 911 in
1559 876 1746 917 faciebus,
1764 882 1806 912 et

309 931 349 966 in
364 941 437 966 suo
452 937 595 966 ornatu
611 931 650 965 in
663 930 844 966 vestibus
857 941 865 971 ;
886 940 1026 965 omnes
1040 929 1147 965 enim
1161 929 1292 976 angeli
1306 936 1400 965 sunt
1413 928 1644 965 affectiones
1657 929 1805 965 amoris

309 984 348 1018 in
367 983 496 1019 forma
513 984 708 1024 humana:
735 983 820 1029 ipsa
844 981 1003 1018 affectio
1021 993 1190 1029 regnans
1208 982 1339 1018 elucet
1363 993 1412 1018 ex
1430 982 1588 1018 illorum
1614 982 1800 1023 faciebus,

307 1043 349 1072 et
366 1048 415 1072 ex
432 1036 643 1072 affectione
661 1043 702 1072 et
723 1036 944 1071 secundum
966 1035 1074 1070 illam
1095 1035 1320 1071 sortiuntur
1334 1041 1487 1076 vestes:
1513 1046 1634 1081 quare
1655 1035 1806 1071 dicitur

308 1090 349 1124 in
370 1090 492 1130 caelo,
513 1089 620 1135 quod
646 1100 719 1125 sua
743 1088 903 1124 affectio
928 1088 1149 1135 quemlibet
1175 1088 1374 1124 investiat.
1426 1088 1595 1124 Maritus
1620 1088 1806 1134 apparuit

309 1143 350 1178 in
369 1150 501 1178 aetate
520 1143 652 1178 media
678 1143 782 1178 inter
797 1142 1109 1178 adolescentiam
1135 1148 1177 1178 et
1199 1142 1472 1188 juventutem:
1498 1142 1548 1177 ab
1565 1142 1691 1178 oculis
1717 1142 1803 1188 ejus

307 1196 504 1232 emicabat
528 1196 597 1231 lux
614 1195 836 1231 scintillans
854 1207 903 1230 ex
920 1195 1118 1241 sapientia
1134 1195 1292 1236 amoris,
1311 1206 1360 1230 ex
1377 1206 1456 1241 qua
1475 1195 1563 1230 luce
1581 1194 1700 1230 facies
1718 1195 1805 1241 ejus

308 1249 451 1284 intime
468 1249 572 1285 sicut
590 1249 781 1288 radiabat,
800 1255 842 1283 et
859 1259 908 1283 ex
925 1248 1172 1284 eradiatione
1191 1247 1282 1283 inde
1299 1248 1404 1283 cutis
1426 1248 1466 1283 in
1484 1247 1673 1283 extremis
1690 1248 1804 1294 quasi

307 1301 506 1348 fulgebat3
538 1302 630 1338 inde
655 1308 743 1337 tota
762 1302 849 1348 ejus
870 1301 990 1337 facies
1011 1300 1087 1336 fuit
1107 1312 1209 1337 unus
1231 1301 1446 1347 splendens
1472 1301 1614 1337 decor:
1640 1300 1805 1336 indutus

307 1362 394 1390 erat
411 1355 536 1396 talari,
554 1361 596 1390 et
613 1355 687 1390 sub
707 1355 822 1390 talari
840 1361 952 1390 veste
969 1354 1116 1390 coloris
1142 1354 1402 1401 hyacinthini,
1420 1360 1462 1390 et
1487 1354 1591 1389 hanc
1607 1353 1805 1389 circumli-

305 1408 427 1454 gabat
444 1419 546 1443 zona
562 1415 692 1448 aurea,
707 1418 828 1453 super
844 1418 923 1454 qua
940 1414 1053 1442 erant
1070 1414 1151 1442 tres
1165 1407 1318 1452 lapides
1337 1407 1511 1453 pretiosi,
1526 1407 1609 1442 bini
1628 1405 1803 1452 sapphiri

305 1472 330 1496 a
355 1461 555 1502 lateribus,
581 1471 627 1496 ac
654 1471 828 1507 pyropus
850 1460 890 1495 in
917 1460 1072 1502 medio;
1104 1460 1258 1495 tibialia
1283 1471 1332 1495 ex
1357 1460 1594 1505 splendente
1619 1459 1714 1500 lino,
1739 1459 1804 1495 cui

306 1514 461 1549 intexta
474 1520 586 1548 erant
605 1513 671 1549 fila
688 1524 737 1549 ex
751 1519 918 1559 argento
932 1525 939 1554 ;
957 1520 998 1549 et
1011 1513 1133 1548 calcei
1148 1524 1196 1549 ex
1210 1513 1454 1549 holoserico:
1475 1512 1573 1548 haec
1589 1511 1806 1548 fuitforma

307 1566 645 1612 repraesentativa
669 1566 815 1602 amoris
841 1566 1078 1612 conjugialis
1107 1566 1213 1612 apud
1241 1565 1440 1601 maritum.
1490 1565 1613 1611 Apud
1638 1576 1803 1601 uxorem

305 1626 439 1655 autern
461 1619 537 1654 fuit
563 1619 683 1655 haec:
708 1619 828 1655 facies
850 1620 936 1664 ejus
958 1619 1055 1654 mihi
1076 1619 1162 1654 visa
1182 1625 1254 1659 est,
1273 1625 1314 1654 et
1339 1629 1420 1654 non
1442 1618 1546 1659 visa;
1571 1618 1657 1654 visa
1677 1625 1738 1654 est
1758 1616 1814 1653 ut'

306 1672 391 1718 ipsa
404 1673 670 1718 pulchritudo,
685 1678 726 1708 et
744 1683 825 1708 non
842 1673 928 1708 visa
945 1672 1040 1719 quia
1052 1672 1152 1708 haec
1166 1672 1496 1718 inexpressibilis;
1523 1671 1563 1706 in
1581 1671 1682 1707 facie
1694 1671 1802 1707 enim

305 1732 390 1760 erat
411 1725 601 1771 splendor
621 1725 720 1761 lucis
743 1725 961 1766 flammeae,
981 1725 1108 1771 qualis
1126 1725 1194 1760 lux
1214 1732 1275 1761 est
1296 1725 1447 1771 angelis
1476 1724 1516 1759 in
1536 1724 1658 1760 tertio
1679 1723 1802 1764 caelo,

305 1784 346 1814 et
365 1778 463 1814 haec
475 1778 606 1814 visum
625 1790 758 1813 meum
778 1778 1005 1819 hebetavit;
1030 1789 1151 1824 quare
1173 1778 1295 1813 modo
1312 1777 1513 1823 obstupui.

379 1830 471 1866 Hoc
504 1830 570 1866 illa
601 1831 922 1867 animadvertens
954 1831 1193 1877 loquebatur
1219 1830 1269 1866 ad
1304 1841 1367 1866 me
1397 1830 1544 1871 dicens,
1575 1834 1596 1848 “
1608 1828 1715 1876 Quid
1743 1829 1803 1865 vi-

304 1884 376 1919 des
389 1882 429 1919 ?''

380 1936 596 1982 Respondi,
612 1941 632 1955 ‘⁴
646 1936 737 1972 Non
751 1937 870 1973 video
884 1937 960 1973 nisi
974 1947 1151 1973 amorem
1165 1935 1443 1983 conjugialern,
1457 1942 1498 1971 et
1512 1935 1598 1982 ejus
1611 1934 1802 1976 formam:

306 1990 377 2026 sed
395 1989 515 2025 video
532 1996 573 2025 et
591 2000 672 2025 non
689 1990 845 2026 video.”

377 2043 443 2078 Ad
469 2043 568 2078 haec
588 2043 733 2078 avertit
760 2043 826 2079 illa
846 2054 889 2079 se
910 2043 1070 2089 oblique
1091 2053 1115 2078 a
1135 2042 1289 2082 marito,
1311 2048 1352 2077 et
1371 2048 1469 2077 tunc
1494 2041 1608 2088 potui
1633 2040 1802 2077 lustrare

306 2095 511 2131 intentius.
562 2095 678 2131 Oculi
705 2095 791 2141 ejus
817 2096 1018 2131 micabant
1043 2107 1091 2131 ex
1116 2096 1204 2130 luce
1229 2095 1327 2131 caeli
1354 2094 1426 2135 sui,
1448 2105 1560 2141 quae,
1578 2101 1634 2131 utv
1649 2092 1800 2129 dic'tum

304 2155 376 2189 est,
395 2154 456 2183 est
480 2148 674 2188 flammea,
696 2155 737 2183 et
763 2148 855 2184 inde
875 2149 1000 2184 trahit
1025 2159 1074 2184 ex
1099 2159 1234 2183 amore
1259 2147 1498 2193 sapientiae3
1532 2153 1669 2183 amant
1693 2147 1800 2183 enim

303 2212 448 2237 uxores
467 2200 507 2236 in
530 2201 598 2236 illo
615 2201 726 2236 caelo
745 2201 911 2237 maritos
929 2213 978 2237 ex
996 2201 1192 2248 sapientia
1216 2207 1257 2236 et
1283 2200 1323 2235 in
1349 2200 1546 2246 sapientia
1571 2200 1740 2240 illorum,
1759 2206 1801 2235 et

305 2254 435 2289 mariti
454 2264 598 2289 uxores
616 2265 665 2289 ex
691 2254 759 2289 illo
776 2265 910 2290 amore
936 2261 977 2290 et
998 2254 1037 2289 in
1065 2255 1133 2290 illo
1155 2265 1249 2300 erga
1266 2265 1318 2294 se,
1337 2260 1378 2289 et
1395 2253 1452 2289 sic
1469 2253 1681 2294 uniuntur;
1707 2252 1801 2288 inde

270 2326 273 2329 Δ
304 2314 389 2343 erat
407 2307 664 2353 pulchritudo
682 2307 778 2352 ejus,
797 2318 899 2352 quae
917 2307 1018 2347 talis,
1036 2314 1081 2342 ut
1108 2307 1214 2342 illam
1235 2306 1423 2342 aemulari
1450 2313 1491 2342 et
1507 2306 1650 2342 sistere
1669 2305 1708 2340 in
1727 2315 1800 2341 sua

303 2359 432 2396 forma
450 2371 530 2395 non
549 2359 676 2405 possit
694 2359 797 2395 ullus
816 2358 954 2405 picior,
970 2371 1050 2395 non
1069 2360 1175 2395 enim
1195 2360 1313 2395 datur
1329 2359 1408 2394 tale
1426 2369 1634 2395 coruscum
1654 2358 1694 2393 in
1713 2358 1799 2404 ejus

303 2414 448 2454 colore,
468 2423 541 2448 nec
558 2412 638 2447 tale
660 2411 878 2447 formosum
897 2412 1153 2458 expressibile
1180 2412 1219 2447 in
1237 2413 1323 2458 ejus
1341 2419 1450 2447 arte:
1474 2411 1603 2447 crines
1619 2416 1733 2446 erant
1758 2410 1799 2446 in

303 2466 444 2502 ordine
454 2466 597 2501 decore
612 2465 732 2511 positi
747 2465 966 2500 secundum
979 2465 1374 2510 correspondentiam
1386 2475 1477 2499 cum
1491 2463 1798 2510 pulchritudine,

303 2526 344 2554 et
362 2519 419 2554 eis
447 2518 584 2554 inserti
610 2518 728 2554 flores
749 2528 797 2552 ex
823 2517 1138 2552 diadematibus:
1163 2517 1369 2552 collarium
1391 2517 1428 2552 ei
1450 2523 1535 2552 erat
1556 2527 1604 2551 ex
1626 2516 1797 2563 pyropis,

303 2582 350 2607 ac
372 2571 464 2606 inde
489 2571 689 2617 pendebat
715 2570 907 2606 rosarium
926 2581 974 2605 ex
992 2570 1271 2616 chrysolithis:
1297 2576 1337 2604 et
1354 2570 1390 2604 ei
1416 2569 1593 2604 armillae
1610 2575 1723 2604 erant
1749 2579 1798 2604 ex

303 2624 541 2660 unionibus:
573 2622 719 2659 amicta
743 2630 829 2658 erat
858 2629 954 2668 toga
978 2623 1174 2662 coccinea,
1203 2629 1243 2657 et
1268 2623 1342 2657 sub
1373 2622 1439 2656 illa
1463 2628 1575 2657 veste
1606 2620 1797 2667 pectorali

303 2687 511 2724 purpurea,
530 2687 649 2723 quam
668 2676 844 2711 anterius
862 2675 1105 2721 colligabant
1123 2675 1272 2715 rubini;
1297 2674 1366 2709 sed
1386 2674 1493 2720 quod
1513 2674 1677 2710 miratus
1695 2685 1797 2715 sum,

304 2730 611 2777 variegabantur
630 2729 783 2764 colores
809 2728 1027 2764 secundum
1053 2726 1257 2773 aspectum
1284 2727 1333 2762 ad
1361 2727 1557 2767 maritum,
1576 2734 1617 2762 et
1637 2738 1797 2773 quoque

303 2783 524 2818 secundum
551 2781 663 2818 illum
689 2792 795 2816 nunc
820 2781 946 2827 magis
972 2791 1078 2815 nunc
1105 2780 1235 2815 minus
1261 2780 1542 2821 coruscabant;
1569 2779 1608 2815 in
1633 2779 1796 2826 aspectu

304 2842 446 2872 mutuo
464 2834 600 2882 magis,
619 2841 660 2870 et
679 2834 718 2868 in
737 2832 898 2879 aspectu
917 2833 1080 2879 obliquo
1099 2832 1240 2868 minus.

377 2888 452 2924 His
465 2888 561 2924 visis
575 2887 842 2934 loquebantur
855 2886 998 2921 iterum
1013 2896 1167 2921 mecum
1182 2897 1190 2925 ς
1216 2891 1256 2920 et
1274 2895 1362 2920 cum
1378 2884 1542 2920 maritus
1560 2885 1797 2931 loquebatur

305 2940 371 2976 ille
385 2941 503 2976 simul
521 2941 625 2976 sicut
642 2951 690 2975 ex
707 2950 840 2979 uxore,
855 2945 896 2974 et
914 2943 1004 2974 cum
1022 2949 1123 2973 uxor
1135 2938 1252 2973 simul
1273 2938 1338 2972 illa
1355 2938 1458 2973 sicut
1475 2949 1524 2973 ex
1543 2938 1695 2978 marito,
1710 2944 1795 2973 erat

303 2993 409 3029 enirn
427 2993 517 3030 talis
538 2992 634 3029 unio
655 2992 860 3033 mentium,
880 3002 929 3027 ex
947 2991 1089 3038 quibus
1114 2990 1245 3026 fluunt
1270 2991 1472 3037 loquelae;
1498 2997 1539 3026 et
1555 2998 1652 3027 tunc
1672 2990 1792 3027 etiam
