2014 3386
275 360 331 402 28
743 370 984 403 DELICIAE
1015 370 1320 404 SAPIENTIAE

971 515 1070 571 [IL]

679 618 756 660 DE
789 617 1057 670 CONJUGHS
1086 629 1144 663 1N
1174 617 1364 661 CAELO.

360 727 446 773 27·
490 709 628 774 Quod
660 718 871 773 conjugia
900 719 946 761 in
977 719 1115 761 caelis
1147 719 1253 769 sint,
1287 733 1379 761 non
1411 725 1568 773 potest
1599 720 1772 763 intrare

276 781 412 824 fidem
437 782 617 824 illorum
643 784 717 837 qui
743 783 935 824 credunt
961 783 1083 837 quod
1109 782 1250 824 homo
1275 784 1334 824 sit
1360 784 1511 824 anima
1536 797 1614 824 seu
1641 784 1771 836 spiri-

276 852 350 887 tus
372 852 478 900 post
500 852 710 896 mortem,
730 853 776 888 et
799 846 855 887 de
879 846 1028 887 anima
1054 852 1100 888 et
1123 847 1282 900 spiritu
1304 846 1460 888 fovent
1482 846 1632 888 ideam
1655 847 1772 888 sicut
1829 859 1837 867 ⁴

277 909 334 950 de
366 909 491 950 tenui
522 909 709 951 aethere
744 923 823 950 seu
865 915 1135 962 pneumate:
1183 915 1280 950 tum
1311 909 1385 962 qui
1426 910 1619 951 credunt
1650 910 1772 964 quod

276 972 416 1013 homo
442 985 534 1014 non
555 971 752 1014 viGturus
775 973 832 1014 sit
857 973 1011 1022 homo,
1036 972 1119 1013 nisi
1145 978 1250 1026 post
1276 972 1395 1013 diem
1418 972 1565 1014 ultimi
1585 972 1771 1026 judicii;

275 1036 320 1076 in
347 1048 530 1088 genere,
555 1036 629 1089 qui
652 1035 762 1076 nihil
785 1036 934 1077 sciunt
960 1036 1017 1077 de
1039 1035 1259 1089 spirituali
1282 1036 1465 1084 mundo,
1483 1036 1529 1076 in
1555 1050 1644 1090 quo
1666 1043 1773 1079 sunt

275 1098 428 1152 angeli
454 1105 500 1140 et
526 1099 723 1152 spiritus,
751 1099 816 1140 ita
840 1099 914 1140 ubi
939 1105 1045 1140 sunt
1068 1098 1182 1140 caeli
1207 1105 1255 1140 et
1276 1098 1461 1139 inferni:
1495 1104 1542 1139 et
1567 1099 1670 1152 quia
1694 1098 1772 1140 ille

277 1161 471 1202 mundus
496 1161 718 1203 haetenus
744 1163 930 1215 ignotus
961 1162 1057 1211 fuit,
1085 1168 1132 1203 et
1165 1175 1348 1215 prorsus
1379 1175 1470 1202 non
1503 1163 1668 1203 scitum
1699 1169 1772 1204 est

276 1225 398 1279 quod
429 1225 582 1279 angeli
614 1225 729 1267 caeli
760 1227 851 1267 sint
882 1226 927 1266 in
959 1223 1160 1279 perfee'ta
1185 1225 1329 1266 forma
1353 1224 1575 1274 homines,
1603 1226 1774 1278 pariter

276 1288 461 1340 spiritus
483 1288 644 1329 inferni
669 1289 749 1329 sed
781 1289 825 1329 in
851 1286 1130 1342 imperfeem,
1158 1288 1261 1329 ideo
1287 1301 1379 1329 non
1405 1287 1595 1328 revelari
1622 1289 1773 1341 potuit

276 1351 444 1405 aliquid
485 1352 542 1393 de
581 1351 801 1405 conjugiis
841 1352 926 1393 ibi:
973 1350 1134 1393 dieturi
1173 1351 1294 1392 enim
1330 1357 1499 1400 essent,
1529 1350 1774 1404 Quomodo

277 1420 433 1466 potest
460 1415 611 1455 anima
636 1428 737 1455 cum
760 1414 923 1463 anima,
944 1428 1022 1455 seu
1049 1427 1244 1467 pneuma
1265 1427 1368 1455 cum
1390 1421 1636 1467 pneumate
1662 1428 1773 1456 con·

271 1476 414 1530 jungi,
443 1478 558 1519 sicut
585 1477 752 1531 conjux
779 1490 882 1518 cum
904 1477 1099 1531 conjuge
1130 1477 1175 1518 in
1207 1477 1367 1519 terris?
1412 1483 1592 1531 praeter
1617 1477 1773 1530 plura;

277 1554 392 1594 quae
410 1547 648 1582 momento
674 1547 722 1582 ut
749 1539 872 1582 dieta
888 1547 1007 1591 sunt,
1028 1541 1246 1582 tollerent
1273 1547 1319 1582 et
1346 1540 1617 1594 dissiparent
1635 1540 1773 1582 fidem

277 1604 333 1644 de
357 1603 576 1657 conjugiis
597 1604 670 1645 ibi.
731 1603 800 1645 At
827 1617 960 1653 nunc,
985 1605 1087 1658 quia
1108 1603 1311 1645 revelata
1332 1610 1437 1645 sunt
1463 1603 1591 1657 plura
1616 1605 1672 1646 de
1693 1604 1773 1646 illo

277 1667 461 1716 mundo,
490 1674 536 1708 et
572 1681 749 1721 quoque
781 1667 1036 1721 descriptus
1062 1667 1206 1722 qualis
1237 1674 1322 1717 est,
1351 1667 1472 1721 quod
1503 1665 1670 1708 fafitum
1701 1674 1773 1709 est

276 1731 321 1770 in
362 1743 499 1782 opere
535 1730 603 1771 De
635 1729 767 1772 Caelo
804 1736 847 1771 et
874 1730 1071 1782 baserne,
1104 1736 1151 1771 et
1192 1744 1370 1784 quoque
1411 1731 1455 1770 in
1495 1729 1779 1783 Apocalypsi

274 1792 503 1842 Revelata,
523 1800 716 1846 possunt
735 1792 943 1846 conjugia
968 1793 1028 1834 ibi
1049 1793 1148 1835 sisti
1164 1792 1445 1843 confirmata,
1465 1793 1600 1834 etiam
1619 1805 1772 1834 coram

281 1855 468 1906 ratione,
496 1870 574 1910 per
600 1856 739 1897 haec:

516 1930 571 1975 (i.)
610 1930 723 1976 Quod
734 1928 843 1965 bomo
859 1931 975 1965 vivat
993 1930 1119 1965 Homo
1127 1933 1218 1976 post
1233 1931 1414 1966 Mortem.

502 1977 571 2023 (ii.)
609 1978 723 2024 Quod
735 1982 827 2012 tunc
842 1978 1044 2012 Masculus
1062 1980 1116 2012 sit
1130 1979 1342 2018 Masculus,
1360 1982 1397 2012 et
1420 1977 1522 2023 quod
1534 1978 1699 2012 Femina
1718 1979 1774 2013 sit

699 2025 877 2060 Femina.

486 2071 572 2117 (iii.)
607 2072 721 2118 Quod
750 2082 842 2106 suus
874 2072 1000 2106 Amor
1026 2071 1138 2117 apud
1169 2073 1462 2118 unumquemvis
1487 2074 1578 2117 post
1602 2073 1771 2107 Mortem

702 2122 867 2154 maneat.

488 2165 569 2212 (iv.)
607 2166 720 2212 Quod
726 2166 1010 2211 principaliter
1024 2166 1148 2201 Amor
1166 2165 1287 2200 Sexus
1298 2179 1315 2207 ‚·
1346 2170 1384 2200 et
1407 2166 1518 2211 apud
1530 2165 1614 2200 illos
1633 2167 1707 2211 qui
1727 2167 1772 2200 in

694 2213 847 2248 Caelum
865 2215 1036 2254 veniunt,
1054 2214 1128 2257 qui
1139 2217 1228 2247 sunt
1244 2215 1317 2258 qui
1336 2213 1564 2259 spirituales
1588 2215 1631 2247 in
1652 2214 1773 2249 terris

690 2261 809 2305 fiunt,
826 2260 951 2295 Amor
967 2260 1209 2306 conjugialis.

503 2307 570 2352 (v.)
606 2307 716 2341 Haec
724 2307 839 2353 plene
854 2307 1080 2352 confirmata
1091 2309 1168 2352 per
1184 2308 1220 2342 A
1225 2309 1427 2352 utopsiam.

488 2354 569 2398 (vi.)
608 2355 882 2399 Consequenter
897 2354 1000 2399 quod
1015 2354 1205 2400 Conjugia
1222 2356 1305 2388 sint
1321 2356 1364 2389 in
1384 2354 1518 2390 Caelis.

470 2401 568 2447 (vii.)
605 2402 718 2448 Quod
739 2401 966 2446 spirituales
993 2401 1172 2447 Nuptiae
1204 2401 1482 2447 intelligantur
1502 2403 1579 2447 per
1607 2402 1775 2437 Domini

701 2449 829 2489 verba,
847 2448 951 2494 quod
955 2451 1045 2494 post
1072 2448 1398 2484 Resurrec‘itonem
1423 2459 1497 2484 non
1517 2449 1658 2483 dentur
1673 2452 1772 2495 nup-

702 2497 775 2531 tui.

280 2577 493 2632 Sequitur
518 2590 636 2617 nunc
662 2576 823 2618 horum
849 2575 1100 2629 explicatio
1121 2577 1165 2617 in
1192 2590 1273 2617 suo
1298 2576 1468 2618 ordine.

363 2640 452 2683 28.
487 2639 555 2694 (i.)
582 2639 710 2690 Quod
733 2639 877 2680 Homo
906 2639 1035 2680 vivat
1070 2639 1212 2680 Homo
1235 2646 1342 2692 post
1369 2638 1770 2693 Mortem.-—Quod

278 2705 418 2746 homo
443 2704 566 2745 vivat
591 2703 730 2744 homo
756 2709 860 2756 post
887 2710 1097 2752 mortem,
1121 2701 1340 2744 haeftenus
1362 2703 1406 2743 in
1430 2703 1599 2744 mundo
1625 2704 1770 2744 nesci-

280 2774 377 2808 tum
403 2772 485 2815 est,
505 2780 564 2807 ex
591 2766 735 2806 causis
757 2766 813 2807 de
835 2766 994 2819 quibus
1020 2779 1129 2806 mox
1155 2779 1314 2819 supra;
1351 2772 1397 2807 et
1423 2766 1542 2819 quod
1568 2766 1771 2808 mirabile

280 2837 365 2879 est,
385 2830 522 2871 etiam
544 2829 588 2870 in
612 2828 870 2870 Christiano
891 2829 1014 2877 orbe,
1035 2829 1108 2870 ubi
1130 2835 1201 2870 est
1220 2829 1436 2878 Verbum,
1455 2835 1502 2870 et
1524 2829 1628 2870 inde
1645 2829 1771 2870 illus-

281 2893 421 2934 tratio
447 2892 505 2933 de
531 2893 624 2933 vita
650 2898 851 2942 aeterna,
879 2898 926 2933 et
944 2892 1026 2943 ¹ubi
1053 2892 1155 2945 Ipse
1182 2892 1404 2933 Dominus
1430 2892 1582 2942 docet,
1610 2892 1733 2946 quod

348 2977 486 3010 Omnes
504 2978 635 3009 mortui
653 2984 852 3018 resurgant,
871 2983 906 3010 et
931 2978 1026 3019 quod
1048 2978 1146 3010 Deus
1166 2988 1238 3009 non
1259 2978 1305 3010 sit
1325 2984 1546 3010 mortuorum
1566 2979 1630 3011 sed
1646 2978 1771 3011 viven-

456 3022 544 3054 tium
564 3021 661 3053 Deus
678 3021 820 3062 (Matth.
838 3023 922 3054 xxii.
937 3031 988 3061 30,
1007 3030 1045 3061 31
1062 3031 1069 3061 ;
1093 3022 1177 3054 Luc.
1191 3032 1248 3054 xx.
1268 3029 1320 3061 37,
1338 3022 1403 3063 38).
