2014 3386
477 367 545 401 DE
578 365 758 400 AMORE
789 362 1268 398 scoR‘rATOR1o.—N.
1294 355 1390 407 485.
1597 364 1672 407 371

184 481 339 522 dentur,
360 479 428 527 qui
449 489 569 515 omne
588 478 807 525 jucundum
829 482 990 523 captant
1007 486 1098 512 cum
1120 476 1309 511 uxoribus
1330 475 1508 516 aliorum,
1530 482 1571 511 et
1587 476 1679 512 ,nul-

183 535 267 570 lum
284 544 375 570 cum
393 532 551 569 feminis
566 531 766 577 innuptis:
790 541 911 577 quare
928 536 973 565 ut
990 540 1206 569 noscerem.
1221 529 1328 575 quod
1346 529 1500 570 dentur,
1515 528 1678 564 addueti

184 594 279 622 sunt
295 586 345 622 ad
368 596 432 621 me
450 586 582 631 plures
602 596 624 620 e
644 585 819 630 quodam
838 594 972 630 regno,
990 582 1058 629 qui
1077 583 1315 618 tenebantur
1332 582 1440 628 loqui
1459 582 1678 618 secundum

186 639 442 675 libidinosum
458 649 585 674 suum.
639 637 692 672 Hi
711 637 906 677 dixerunt,
921 635 1028 682 quod
1048 635 1124 671 illis
1142 635 1303 670 unicum
1317 635 1462 681 volupe
1481 642 1521 671 et
1537 635 1678 681 jucun·

185 693 280 728 dum
298 691 427 732 fuerit,
445 697 486 726 et
503 701 662 737 quoque
680 690 742 730 sit,
762 688 961 725 moechari
979 699 1069 724 cum
1088 688 1256 724 aliorum
1276 688 1485 728 uxoribus;
1511 695 1551 723 et
1571 688 1678 734 quod

185 744 427 791 prospiciant
444 743 518 779 sibi
538 743 733 789 pulchras,
752 749 792 778 et
809 742 1036 778 conducant
1054 741 1138 776 illas
1157 740 1231 776 sibi
1250 751 1322 787 pro
1341 741 1521 776 mercede
1539 741 1676 788 grandi

184 798 403 833 secundum
422 797 691 843 opulentiam;
716 807 762 832 ac
779 795 1038 842 utplurimum
1056 795 1106 830 de
1124 795 1306 830 mercede
1322 794 1571 841 paciscantur
1588 805 1677 830 cum

183 850 254 894 illa
268 851 366 886 sola.

256 903 458 951 Quaesivi,
475 914 547 939 cur
563 914 643 939 non
661 903 736 939 sibi
754 902 986 938 conducunt
1003 901 1172 938 feminas
1190 901 1389 947 innuptas.

257 956 467 997 Dixerunt,
492 956 602 1003 quod
624 957 701 992 hoc
727 956 779 992 sit
805 955 881 991 illis
904 966 1127 996 commune,
1148 955 1255 1002 quod
1283 954 1322 990 in
1349 965 1390 990 se
1416 955 1494 990 vile
1520 961 1592 996 est,
1613 954 1677 990 eui

186 1009 285 1045 nihil
302 1009 468 1056 jucundi
487 1009 600 1045 inest.

257 1061 447 1110 Quaesivi
473 1062 604 1102 etiam,
626 1072 721 1096 num
742 1072 886 1097 uxores
913 1061 1001 1097 illae
1023 1067 1162 1108 postea
1181 1061 1346 1097 redeant
1371 1061 1420 1096 ad
1448 1071 1541 1096 suos
1561 1061 1679 1101 viros,

185 1125 232 1152 ac
249 1115 386 1151 vivant
402 1126 492 1151 cum
513 1115 599 1151 illis.
696 1148 699 1151 ,

259 1168 568 1214 Responderunt
585 1167 693 1214 quod
711 1167 774 1203 vel
793 1178 886 1208 non,
903 1167 966 1204 vel
984 1166 1136 1214 frigide,
1155 1166 1252 1214 quia
1277 1166 1403 1204 faCtae
1422 1167 1660 1203 meretrices.

258 1221 405 1257 Postea
437 1221 676 1267 interrogavi
711 1221 824 1261 serio,
846 1231 941 1256 num
976 1231 1142 1268 usquam
1175 1221 1447 1267 cogitaverint,
1478 1221 1540 1256 vel
1575 1229 1681 1256 nune

185 1274 377 1321 cogitent,
402 1274 510 1320 quod
542 1274 618 1309 hoc
647 1274 699 1309 sit
727 1273 967 1309 adulterium
998 1274 1255 1319 duplicatum,
1277 1274 1371 1320 quia
1398 1274 1493 1308 dum
1525 1273 1679 1309 uxorati

186 1334 290 1367 sunt,
309 1327 385 1362 hoc
403 1327 573 1366 faciunt:
599 1333 639 1362 et
660 1326 769 1373 quod
790 1326 869 1362 tale
886 1326 1127 1362 adulterium
1147 1326 1350 1362 hominem
1372 1327 1421 1362 ab
1443 1327 1552 1362 omni
1572 1327 1680 1362 bono

186 1379 379 1426 spirituali
397 1379 676 1426 depopuletur.

258 1433 336 1469 Sed
358 1433 407 1468 ad
430 1433 529 1468 haec
551 1433 728 1479 plerique
749 1432 816 1479 qui
837 1433 1013 1474 aderant,
1032 1433 1213 1474 riserunt,
1232 1433 1422 1474 dicentes,
1443 1438 1463 1451 ¹‘
1476 1433 1582 1481 Quid
1608 1434 1680 1470 bo-

186 1497 280 1521 nurn
299 1485 501 1532 spirituale
513 1485 553 1522 ?''
1028 1520 1033 1522 .

257 1539 315 1574 At
336 1539 473 1579 institi,
495 1539 678 1581 dicendo,
698 1537 839 1586 “Quid
860 1539 1137 1575 detestabilius
1156 1545 1218 1575 est
1237 1550 1355 1586 quarn
1374 1539 1545 1575 animam
1568 1550 1679 1575 suam

185 1603 276 1628 eum
301 1591 435 1628 anima
459 1592 589 1627 mariti
622 1591 660 1627 in
687 1603 811 1628 uxore
836 1593 922 1638 ejus
948 1591 1231 1628 commiscere?
1283 1592 1471 1628 Nostisne
1497 1593 1605 1639 quod
1640 1593 1680 1629 in

186 1645 336 1682 semine
354 1644 406 1681 sit
423 1645 556 1680 anima
571 1645 644 1680 viri
657 1644 698 1681 ?’'

257 1698 321 1734 Ad
342 1697 439 1734 haec
457 1704 687 1733 averterunt
704 1708 757 1738 se,
772 1704 814 1734 et
830 1698 1140 1739 murmurabant,
1160 1702 1180 1717 ‘⁴
1193 1697 1300 1745 Quid
1319 1698 1397 1734 hoc
1415 1706 1533 1734 nocet
1551 1699 1604 1733 ibi
1616 1697 1645 1734 ?'

257 1751 436 1786 Tandem
463 1750 557 1791 dixi,
576 1755 596 1769 ⁴⁴
609 1751 783 1786 Tametsi
812 1761 892 1786 non
919 1751 1071 1787 timetis
1092 1752 1200 1798 leges
1224 1751 1399 1792 Divinas,
1419 1763 1567 1787 numne
1585 1752 1681 1787 civi·

186 1803 294 1840 les?''

260 1856 569 1903 Responderunt
586 1857 693 1903 quod
712 1867 804 1898 non,
816 1862 836 1876 ‘⁴
849 1857 978 1893 solum
997 1857 1151 1904 aliquos
1170 1868 1219 1893 ex
1238 1857 1457 1894 ministerio
1478 1858 1681 1894 ecclesias·

185 1909 278 1950 tico,
293 1910 362 1946 sed
380 1920 514 1946 coram
534 1910 610 1946 illis
623 1910 798 1946 celamus
812 1910 909 1952 hoc;
933 1917 976 1946 et
993 1910 1025 1946 si
1043 1922 1123 1946 non
1139 1921 1361 1957 possumus,
1375 1922 1466 1946 cum
1486 1912 1562 1947 illis
1579 1912 1681 1948 bene

186 1962 380 2010 agimus.”

258 2016 405 2052 Postea
421 2015 505 2052 vidi
527 2015 615 2052 illos
637 2015 787 2052 divisos
813 2015 853 2051 in
874 2022 1035 2057 turmas,
1053 2022 1094 2052 et
1114 2027 1163 2052 ex
1185 2016 1246 2052 his
1264 2017 1457 2063 quosdam
1476 2016 1681 2064 conjeaos

187 2069 227 2105 in
247 2069 456 2106 infernum.

269 2178 407 2234 484·
439 2177 538 2233 (iv.)
573 2177 702 2230 Quod
716 2178 987 2221 adulterium
1003 2178 1279 2232 triplicatum
1298 2182 1363 2222 sit
1380 2194 1474 2222 cum
1495 2195 1680 2223 consau-

181 2242 537 2296 guineis.—Hoc
563 2242 836 2284 adulterium
857 2249 1051 2284 vocatur
1067 2243 1363 2297 triplicatum,
1383 2245 1486 2298 quia
1505 2245 1682 2286 duobus

186 2305 408 2359 prioribus
439 2304 579 2358 triplo
609 2306 792 2358 gravius
824 2311 906 2347 est.
967 2304 1207 2358 Quaenam
1238 2309 1679 2360 consanguinitates,

187 2382 266 2410 seu
298 2368 513 2421 reliquiae
545 2368 706 2418 carnis,
740 2369 799 2410 ad
835 2383 948 2423 quas
979 2382 1071 2410 non
1103 2371 1558 2424 appropinquandum
1590 2377 1680 2419 est,

185 2431 327 2473 Levit.
369 2432 494 2472 xviii.
538 2431 665 2485 6—-17,
707 2433 963 2474 recensitae
1007 2433 1260 2474 videantur.
1323 2433 1513 2481 Causae,
1557 2434 1680 2487 quod

186 2494 300 2536 haec
341 2494 569 2536 adulteria
608 2494 784 2536 duobus
824 2493 1095 2549 supradictis
1136 2495 1275 2549 triplo
1315 2497 1526 2549 graviora
1571 2497 1678 2545 sint,

187 2564 293 2599 sunt
319 2558 526 2599 internae
557 2563 604 2599 et
636 2564 889 2610 externae;
925 2572 1092 2600 causae
1117 2559 1324 2600 internae
1347 2566 1453 2600 sunt
1487 2573 1546 2600 ex
1579 2572 1681 2600 cor-

186 2621 511 2674 respondentia
542 2621 724 2663 illorum
765 2635 868 2664 cum
908 2622 1155 2663 violatione
1187 2622 1383 2676 conjugii
1416 2622 1678 2676 spiritualis,

142 2714 149 2720 .
187 2684 310 2738 quod
336 2690 407 2726 est
435 2684 620 2725 Domini
645 2691 692 2726 et
718 2684 956 2733 ecclesiae,
984 2691 1031 2726 et
1064 2685 1168 2726 inde
1195 2685 1302 2726 boni
1334 2692 1381 2727 et
1413 2686 1534 2735 veri;
1573 2698 1679 2726 cau-

188 2760 266 2788 sae
296 2753 522 2789 externae
547 2753 702 2789 autem
729 2754 835 2790 sunt
867 2754 1055 2802 propter
1080 2748 1316 2789 custodias
1348 2762 1403 2789 ne
1435 2749 1574 2789 homo
1601 2747 1681 2790 fiat

189 2810 362 2852 bestia:
395 2810 477 2852 sed
504 2810 562 2852 ad
588 2809 896 2853 deteEtionem
923 2823 1159 2853 causarum
1186 2824 1277 2852 non
1303 2818 1438 2853 vacat
1470 2811 1542 2852 hic
1575 2825 1680 2865 pro-

189 2875 332 2929 gredi.

272 2938 407 2993 485.
440 2937 522 2992 (ν.)
559 2936 688 2988 Quod
710 2943 901 2991 quatuor
921 2937 1104 2992 gradus
1128 2937 1448 2979 adulteriorum
1478 2937 1582 2986 sint,
1610 2951 1679 2979 se-

189 3002 375 3044 cundum
405 3015 512 3056 quos
530 3001 655 3056 fiunt
682 3000 860 3043 illorum
878 3001 1246 3055 praedicationes,
1274 3000 1604 3055 inculpationes,
1636 3007 1679 3042 et
