2014 3386
607 333 674 365 DE
706 331 885 364 AMORE
917 329 1342 373 CONJUGIAL1.—N.
1372 329 1465 371 340.
1695 327 1771 370 271

284 447 440 491 caelos
470 443 517 489 et
549 447 653 488 inde
680 460 814 501 super
839 458 998 487 omnes
1024 450 1204 498 gentes,
1232 442 1342 484 illud
1369 441 1635 483 retulissent
1661 441 1780 482 inter

284 524 456 566 nugas:
489 511 595 552 inde
621 516 734 560 erat,
762 509 884 564 quod
911 508 1143 550 Christum
1169 521 1248 548 seu
1275 506 1506 554 Messiam,
1532 504 1778 545 Dominum

283 582 506 624 nostrum,
534 574 641 615 dum
672 574 717 614 in
749 574 966 614 mundum
993 571 1196 620 advenit,
1225 584 1316 611 non
1343 569 1481 610 modo
1512 581 1604 609 non
1632 581 1776 621 agno-

281 640 447 689 verint,
474 638 556 680 sed
588 638 723 679 etiam
757 651 781 678 e
813 636 984 677 mundo
1010 635 1231 676 atrociter
1257 632 1541 688 sustulerint.
1603 631 1678 672 Ex
1710 631 1780 671 his

283 708 487 751 constat,
520 701 641 755 quod
682 700 802 754 apud
843 700 968 741 illam
1013 704 1203 752 gentem
1251 711 1342 738 non
1388 696 1522 737 fuerit
1567 694 1780 737 Ecclesia

283 766 555 814 Christiana,
592 766 708 806 sicut
744 778 827 806 nec
869 764 1006 805 hodie
1043 769 1142 814 est;
1189 768 1235 803 et
1281 761 1346 802 illi
1386 759 1506 814 apud
1541 772 1654 813 quos
1686 771 1778 799 non

281 829 491 871 Ecclesia
518 829 780 870 Christiana
806 834 891 875 est,
920 833 1026 868 sunt
1053 825 1286 867 naturales
1313 823 1496 865 externi
1522 829 1568 864 et
1594 822 1776 868 interni,

281 900 329 936 et
361 893 430 934 his
462 907 553 934 non
580 893 714 933 obest
741 891 1019 946 polygamia,
1047 897 1119 932 est
1146 890 1267 931 enim
1293 889 1373 929 illa
1398 888 1619 940 inscripta
1644 892 1778 927 natu—

281 957 364 998 rali
403 957 601 998 homini:
648 956 719 997 hic
753 956 873 996 enim
915 955 971 995 de
1013 967 1168 995 amore
1214 953 1258 993 in
1306 951 1527 1004 conjugiis
1567 963 1659 991 non
1691 949 1780 990 alia

281 1021 489 1074 percipit,
523 1033 658 1074 quam
691 1033 806 1074 quae
838 1018 1037 1059 libidinis
1068 1023 1188 1058 sunt.
1251 1015 1353 1056 Hoc
1391 1013 1664 1067 intelligitur
1699 1026 1780 1067 per

281 1083 394 1125 haec
421 1097 448 1124 a
474 1083 689 1133 Domino,

349 1168 456 1210 Quod
482 1167 607 1199 Moses
631 1168 679 1198 ob
703 1166 868 1198 duritiem
889 1165 1006 1197 cordis
1030 1165 1173 1197 illorum
1199 1164 1403 1205 permiserit
1423 1163 1602 1195 dimittere
1626 1172 1777 1198 uxores;

459 1212 523 1243 sed
540 1212 634 1252 quod
650 1212 696 1242 ab
713 1211 815 1242 initio
834 1220 907 1242 non
924 1211 974 1241 ita
990 1209 1097 1241 fuerit
1109 1208 1254 1250 (Mattlz.
1272 1209 1342 1239 xix.
1362 1207 1394 1248 8)
1408 1218 1415 1240 z

281 1300 391 1340 dicit
413 1298 534 1353 quod
559 1297 714 1338 Moses
732 1297 1000 1351 permiserit,
1021 1301 1070 1337 ut
1094 1296 1264 1336 sciatur
1286 1294 1406 1348 quod
1429 1307 1521 1335 non
1540 1293 1776 1334 Dominus.

282 1362 417 1416 Quod
440 1368 595 1402 autem
614 1361 836 1401 Dominus
859 1360 1063 1401 docuerit
1083 1359 1312 1400 internum
1332 1357 1612 1411 spiritualem
1630 1356 1777 1398 homi-

282 1439 403 1474 nem,
432 1431 592 1465 notum
624 1431 696 1465 est
729 1437 788 1465 ex
821 1423 1078 1477 praeceptis
1112 1422 1273 1476 IpsiuS,
1302 1428 1348 1462 et
1382 1436 1441 1462 ex
1473 1421 1777 1474 abrogatione

261 1488 525 1536 ‚ritualium,
550 1502 665 1542 quae
691 1486 982 1528 solummodo
1009 1500 1090 1540 pro
1117 1500 1198 1526 usu
1223 1486 1557 1526 inserviverunt
1581 1484 1776 1526 naturali

281 1552 479 1594 homini:
514 1566 573 1592 ex
600 1551 858 1605 praeceptis
885 1550 1032 1604 Ipsius
1059 1550 1116 1591 de
1143 1550 1390 1598 lavatione,

347 1641 452 1683 Quod
471 1641 517 1672 sit
536 1639 736 1680 purificatio
753 1639 885 1671 interni
901 1638 1060 1670 hominis
1078 1630 1221 1678 (Mattk.
1239 1647 1297 1670 xv.
1317 1645 1345 1676 1,
1366 1645 1492 1676 17—2o;
1517 1646 1592 1678 cap.
1610 1637 1706 1669 xxiii.
1725 1645 1776 1676 25,

458 1685 519 1720 26:
544 1685 657 1715 Marc.
675 1684 734 1715 vii.
755 1684 896 1722 14-23);

349 1728 403 1760 De
421 1728 607 1765 adulteriO,
626 1727 721 1768 quod
739 1727 786 1759 sit
802 1727 978 1767 cupiditas
998 1726 1195 1758 voluntatis
1212 1725 1357 1764 (Matth.
1371 1735 1404 1756 v,
1425 1724 1502 1764 28);

348 1772 402 1805 De
423 1772 634 1804 dimissione
651 1771 924 1812 uxorum,quod
943 1771 991 1802 sit
1010 1770 1151 1808 illicita;
1177 1776 1212 1801 et
1229 1770 1272 1800 de
1293 1769 1510 1810 polygamia.
1525 1768 1618 1810 quod
1639 1768 1685 1800 sit
1706 1769 1774 1809 legi

459 1815 614 1848 Divinae
633 1825 708 1846 non
725 1821 972 1846 consentanea
988 1814 1133 1854 (Matth.
1150 1814 1221 1845 xix.
1239 1813 1335 1854 3-9):

279 1907 393 1949 haec
431 1912 478 1948 et
516 1905 646 1960 plura
685 1919 801 1960 quae
837 1905 1005 1946 interni
1045 1910 1092 1945 et
1133 1903 1379 1958 spiritualis
1414 1902 1612 1944 hominis
1653 1910 1774 1949 sunt.

279 1971 437 2012 docuit
465 1970 702 2018 Dominus,
726 1970 829 2023 quia
851 1968 973 2010 solus
996 1969 1143 2022 aperit
1168 1969 1349 2009 interna
1370 1968 1591 2008 mentium
1614 1966 1773 2007 huma—

281 2047 456 2083 narum,
485 2047 536 2074 ac
568 2033 676 2074 facit
709 2033 787 2074 illa
818 2032 1085 2086 spiritualia,
1114 2037 1160 2072 et
1189 2031 1301 2072 haec
1334 2031 1449 2072 indit
1476 2030 1773 2078 naturalibus,

279 2104 328 2139 ut
356 2097 469 2138 haec
497 2097 636 2138 etiam
664 2096 947 2150 spiritualem
975 2096 1226 2136 essentiam
1254 2095 1455 2145 ducant;
1489 2094 1608 2147 quod
1636 2094 1773 2135 etiam

279 2159 346 2210 fit,
374 2161 410 2201 si
443 2160 548 2214 Ipse
574 2160 740 2208 aditur,
774 2173 826 2200 ac
859 2160 1027 2200 vivitur
1053 2158 1302 2199 secundum
1335 2164 1581 2212 praecepta
1613 2157 1772 2211 Ipsius,

279 2238 395 2278 quae
436 2224 480 2264 in
513 2236 689 2264 summa
720 2229 840 2271 sunt,
874 2223 1058 2263 credere
1103 2222 1147 2262 in
1181 2222 1349 2274 Ipsum,
1383 2233 1434 2261 ac
1466 2221 1620 2274 fugere
1653 2221 1773 2262 mala

280 2287 384 2340 quia
426 2286 596 2327 diaboli
641 2292 748 2327 sunt
789 2292 835 2327 et
876 2299 902 2326 a
938 2285 1138 2334 diabolo,
1172 2291 1269 2326 tum
1309 2284 1457 2325 facere
1497 2284 1632 2332 bona,
1672 2285 1773 2337 quia

282 2350 468 2391 Domini
495 2355 599 2390 sunt
629 2356 676 2390 et
708 2363 734 2390 a
766 2349 980 2397 Domino,
1008 2355 1055 2390 et
1086 2348 1200 2389 haec
1234 2354 1280 2389 et
1313 2347 1392 2388 illa
1422 2347 1570 2388 facere
1601 2347 1717 2388 sicut
1749 2360 1776 2387 a

281 2427 343 2463 se,
368 2420 414 2454 et
442 2413 574 2454 simul
602 2413 786 2454 credere
812 2412 933 2466 quod
955 2411 1065 2453 fiant
1092 2425 1118 2452 a
1145 2411 1344 2452 Domino
1366 2425 1445 2464 per
1467 2410 1606 2451 illum.
1669 2411 1773 2464 Ipsa

279 2490 417 2518 causa
441 2477 561 2530 quod
594 2476 720 2517 solus
752 2476 975 2517 Dominus
1010 2476 1184 2528 aperiat
1225 2476 1454 2516 internum
1489 2473 1771 2527 spiritualem

279 2540 527 2589 hominem,
551 2552 603 2580 ac
626 2540 754 2580 indat
776 2539 895 2580 hunc
919 2543 1114 2579 externo
1133 2537 1327 2579 naturali
1350 2538 1536 2585 homini,
1560 2543 1646 2586 est,
1671 2537 1773 2590 quia

279 2603 429 2644 omnis
446 2603 587 2643 homo
609 2602 879 2643 naturaliter
896 2602 1090 2655 cogitat,
1110 2607 1157 2642 et
1181 2600 1450 2642 naturaliter
1467 2601 1579 2653 agit,
1599 2606 1646 2640 et
1668 2600 1771 2640 ideo

280 2679 372 2707 non
409 2671 567 2720 potest
609 2665 778 2719 aliquid
813 2664 1050 2719 spirituale
1087 2664 1334 2718 percipere,
1368 2669 1414 2704 et
1454 2662 1566 2704 illud
1606 2663 1650 2703 in
1691 2675 1772 2702 suo

279 2729 473 2771 naturali
495 2729 708 2782 recipere,
732 2729 815 2769 nisi
838 2728 962 2769 Deus
983 2728 1246 2769 Humanum
1270 2726 1491 2768 Naturale
1513 2738 1770 2778 assumpse-

278 2793 351 2841 rit,
379 2798 427 2834 et
457 2792 543 2833 hoc
577 2792 715 2833 etiam
750 2791 965 2832 Divinum
997 2791 1170 2832 fecerit.
1231 2789 1306 2831 Ex
1339 2789 1408 2830 his
1441 2802 1557 2830 nunc
1586 2794 1770 2829 constat

277 2855 460 2904 veritas,
487 2854 610 2909 quod
646 2855 776 2908 genti
817 2854 1098 2896 Israeliticae
1139 2854 1408 2908 permissum
1448 2852 1579 2892 fuerit
1619 2850 1770 2904 plures

279 2931 446 2959 uxores
477 2918 656 2968 ducere,
680 2918 785 2972 quia
815 2918 935 2972 apud
971 2917 1096 2958 illam
1133 2930 1224 2958 non
1255 2916 1336 2958 fuit
1369 2914 1578 2956 Ecclesia
1615 2913 1768 2956 Chris-

278 2980 415 3023 tiana.
