2014 3386
474 338 541 371 DE
568 337 748 370 AMORE
779 333 1259 369 SCORTATOR10.—N.
1286 326 1383 377 488.
1598 334 1677 377 373

185 454 229 496 in
257 459 379 496 statu
401 458 472 495 est
495 453 540 494 in
564 466 652 506 quo
674 457 779 493 sunt
799 448 1000 493 actuales
1021 449 1176 501 deliri;
1210 455 1307 490 tum
1330 449 1473 490 etiam
1496 449 1532 490 si
1558 447 1608 490 fit
1635 449 1679 489 in

185 518 442 559 insaniente
481 516 722 565 ebrietate,
755 521 803 556 et
844 515 907 556 sic
949 527 1113 568 porr0;
1159 512 1282 567 quod
1323 518 1433 553 tunc
1475 511 1680 554 internus

184 581 337 630 homo,
363 594 443 622 seu
468 592 611 628 mens,
639 591 732 619 non
764 579 808 619 in
835 584 1034 619 externo
1059 576 1180 618 adsit
1204 577 1283 617 vix
1309 576 1442 617 aliter
1467 589 1604 630 quam
1635 576 1680 616 in

184 643 448 692 irrationali,
471 647 685 684 constat:
718 641 879 682 horum
904 640 1132 682 adulteria
1157 639 1478 694 praedicantur
1508 639 1566 680 ab
1596 638 1681 680 ho-

186 707 305 748 mine
337 705 551 747 rationali
582 704 832 746 secundum
869 703 971 745 illas
1002 702 1404 754 circumstantias3
1450 708 1499 743 at
1540 715 1681 756 usque

185 771 244 811 ab
268 770 431 811 eodem
457 775 506 810 ut
532 768 682 822 judice
707 766 852 809 fac‘tor
876 767 1134 821 inculpatur
1164 772 1212 808 et
1243 767 1427 820 punitur
1457 780 1517 807 ex
1549 765 1680 819 lege;

185 840 234 875 at
266 839 371 887 post
403 839 600 874 mortem
626 832 911 885 imputantur
936 830 1014 872 illa
1045 845 1104 872 ex
1136 830 1411 884 praesentia,
1439 829 1679 884 qualitate,

185 903 232 938 et
258 895 480 937 facultate
502 893 766 936 intellectus
793 895 837 935 in
863 894 1106 935 voluntate
1131 893 1326 934 illorum.

268 958 399 1013 487.
434 957 547 1013 (vii.)
585 957 714 1009 Quod
729 957 953 999 adulteria
977 957 1033 999 ab
1053 956 1126 998 his
1136 957 1272 1009 fabia
1294 955 1388 997 sint
1407 955 1548 1005 mitia,
1569 969 1680 997 con-

186 1029 281 1064 stat
299 1037 359 1064 ex
377 1021 647 1076 supradictis
668 1021 730 1076 (n.
744 1020 865 1076 486),
881 1022 1052 1075 absque
1071 1020 1285 1062 ulteriore
1304 1019 1652 1062 confirmatione
1669 1033 1679 1071 ;

187 1091 344 1127 notum
371 1086 491 1126 enim
518 1091 604 1135 est,
622 1085 744 1139 quod
771 1084 967 1138 qualitas
991 1085 1138 1125 omnis
1163 1082 1285 1132 faeti,
1309 1084 1353 1124 in
1379 1097 1547 1137 genere
1570 1098 1680 1138 qua·

187 1149 293 1191 litas
326 1150 473 1190 omnis
504 1149 582 1198 rei,
610 1149 873 1203 dependeat
904 1162 932 1190 a
962 1148 1334 1197 circumstantiis,
1363 1155 1410 1189 et
1442 1148 1563 1202 quod
1594 1148 1680 1189 hae

187 1213 402 1266 mitigent
430 1218 507 1254 aut
531 1219 816 1266 aggravent:
855 1212 937 1253 sed
969 1211 1098 1265 hujus
1124 1211 1291 1265 gradus
1317 1211 1544 1253 adulteria
1575 1218 1682 1253 sunt

187 1276 315 1317 mitia
346 1276 501 1330 primis
533 1275 817 1329 temporibus
850 1275 958 1316 dum
998 1274 1142 1326 fiunt;
1189 1281 1236 1316 et
1273 1289 1451 1329 quoque
1493 1282 1683 1317 manent

187 1339 316 1380 mitia
347 1346 567 1393 quantum
605 1339 683 1380 ille
719 1338 793 1380 vel
832 1337 912 1379 illa
950 1338 996 1379 in
1035 1344 1259 1392 sequente
1290 1338 1413 1379 vitae
1445 1338 1680 1388 curriculo,

187 1402 390 1444 abstinet
430 1402 488 1443 ab
527 1401 631 1451 illis,
665 1408 853 1455 propter
884 1415 1059 1450 causaS,
1093 1402 1197 1455 quia
1227 1408 1335 1443 sunt
1367 1401 1489 1442 mala
1520 1408 1684 1443 contra

189 1465 351 1514 Deum,
375 1465 448 1506 vel
471 1466 575 1519 quia
597 1472 703 1506 sunt
726 1465 848 1506 mala
869 1471 1033 1506 contra
1054 1465 1329 1519 proximum,
1354 1465 1427 1506 vel
1451 1466 1554 1519 quia
1575 1472 1682 1507 sunt

188 1528 310 1570 mala
335 1534 493 1570 contra
519 1529 690 1569 bonum
717 1529 934 1577 civitatis,
963 1534 1010 1570 et
1042 1542 1102 1569 ex
1134 1528 1203 1569 his
1230 1534 1308 1569 aut
1332 1528 1420 1569 illis
1447 1530 1551 1583 quia
1576 1535 1683 1571 sunt

188 1591 309 1632 mala
345 1598 508 1633 contra
544 1593 797 1643 rationem;
840 1591 1038 1633 vicissim
1075 1597 1230 1632 autem
1273 1598 1568 1633 numerantur
1604 1592 1684 1633 illa

188 1655 328 1696 etiam
354 1655 665 1708 inter-gravia,
694 1655 731 1696 si
757 1668 849 1696 non
874 1655 1111 1696 abstinent
1137 1655 1194 1696 ab
1220 1654 1310 1696 illis
1334 1662 1521 1709 propter
1547 1668 1683 1697 unam

188 1732 247 1758 ex
275 1720 542 1760 memoratis
572 1719 747 1770 causis;
780 1719 846 1760 ita
876 1724 947 1760 est
974 1718 1223 1760 secundum
1251 1718 1426 1772 Legem
1454 1720 1681 1769 Divinam,

191 1781 369 1835 (Ezech.
398 1783 522 1823 xviii.
550 1793 616 1831 21,
641 1793 709 1830 22,
738 1793 805 1834 24,
829 1788 877 1824 et
909 1781 1064 1836 alibi):
1108 1781 1166 1822 ab
1196 1781 1381 1822 homine
1412 1787 1567 1822 autem
1599 1794 1683 1821 ex-

189 1845 362 1898 culpari
394 1852 441 1887 et
478 1845 716 1899 inculpari,
750 1851 829 1887 aut
863 1845 1115 1899 praedicari
1151 1851 1199 1886 et
1235 1844 1441 1898 judicari,
1475 1850 1524 1885 ut
1557 1844 1685 1885 mitia

188 1914 267 1948 aut
291 1910 465 1962 gravia,
494 1923 554 1950 ex
585 1909 675 1950 illis
701 1909 1075 1957 circumstantiis,
1104 1921 1195 1949 non
1223 1914 1429 1962 possunt,
1457 1908 1560 1961 quia
1592 1921 1684 1948 non

188 1978 412 2024 apparent
438 1985 591 2013 coram
618 1972 712 2021 illo,
740 1973 880 2013 immo
907 1985 990 2013 nec
1018 1971 1110 2025 ejus
1131 1970 1286 2024 judicii
1313 1978 1411 2023 est;
1446 1985 1583 2025 quare
1615 1971 1683 2011 in·

189 2034 427 2088 telligitur,
455 2036 575 2090 quod
608 2042 714 2090 post
747 2042 943 2078 mortem
974 2036 1040 2077 ita
1069 2041 1338 2089 reputentur
1368 2048 1421 2076 ac
1453 2035 1684 2089 imputen-

188 2103 274 2139 tur.

271 2160 407 2214 488.
441 2161 567 2217 (viii.)
603 2162 733 2214 Quod
750 2161 975 2204 adulteria
999 2161 1179 2203 secundi
1190 2160 1372 2214 gradus
1398 2161 1491 2202 sint
1513 2160 1684 2202 adulte-

189 2223 261 2264 ria
292 2223 506 2275 libidinis,
533 2240 645 2279 quae
662 2226 787 2280 fiunt
816 2225 872 2267 ab
903 2225 997 2267 illis
1022 2225 1103 2279 qui
1122 2225 1296 2278 quidem
1315 2230 1509 2278 possunt
1530 2239 1683 2266 consu-

188 2286 279 2328 lere
290 2287 567 2338 intellec‘lum,
583 2289 665 2330 sed
667 2296 855 2342 propter
865 2289 1163 2342 contingentes
1177 2302 1336 2329 causas
1350 2288 1443 2329 illis
1458 2288 1685 2330 momentis

190 2364 273 2391 non
291 2351 670 2404 possunt.—Sunt
695 2353 799 2402 duo,
826 2367 943 2407 quae
969 2353 1013 2393 in
1041 2353 1263 2406 principio
1288 2352 1408 2405 apud
1435 2351 1682 2402 hominem,

189 2414 263 2467 qui
294 2427 320 2454 a
352 2414 546 2455 naturali
577 2414 627 2456 fit
653 2416 914 2469 spiritualis,
941 2416 1060 2457 inter
1086 2429 1134 2456 se
1167 2421 1390 2469 pugnant,
1415 2429 1531 2468 quae
1557 2428 1683 2456 com-

189 2477 385 2518 muniter
410 2485 636 2519 vocantur
660 2479 845 2532 spiritus
871 2485 918 2520 et
950 2492 1082 2530 caro;
1124 2484 1171 2519 et
1204 2479 1308 2532 quia
1333 2491 1460 2519 amor
1486 2477 1685 2531 conjugii

189 2546 260 2582 est
289 2541 489 2595 spiritus,
523 2546 570 2582 et
604 2555 732 2583 amor
762 2542 975 2584 adulterii
1007 2548 1079 2583 est
1115 2542 1279 2590 carnis,
1312 2540 1362 2582 fit
1401 2547 1510 2582 tunc
1543 2542 1682 2583 etiam

188 2617 342 2658 pugna
358 2604 475 2645 inter
492 2603 620 2646 illos:
654 2605 690 2645 si
707 2618 834 2646 amor
847 2605 1044 2659 conjugii
1062 2605 1216 2652 vincit,
1231 2604 1389 2645 domat
1408 2610 1453 2645 et
1471 2603 1684 2657 subjugat

189 2667 266 2708 ille
287 2680 489 2708 amorem
512 2667 737 2716 adulterii,
761 2669 881 2722 quod
904 2668 954 2709 fit
977 2682 1057 2722 per
1078 2668 1381 2709 remotionem
1400 2681 1408 2718 ;
1442 2674 1490 2708 at
1513 2668 1550 2708 si
1572 2681 1683 2708 con-

190 2730 342 2783 tingit,
371 2730 492 2784 quod
519 2729 659 2771 libido
685 2732 834 2772 carnis
860 2731 1093 2773 excitetur
1123 2731 1166 2771 in
1194 2737 1374 2771 aestum
1402 2730 1522 2771 ultra
1547 2743 1696 2784 quarn·

189 2799 240 2834 ut
271 2794 455 2847 spiritus
487 2807 548 2834 ex
580 2793 758 2834 ratione
789 2795 935 2848 possit
961 2794 1187 2842 cohibere,
1216 2794 1432 2847 sequitur,
1460 2793 1581 2847 quod
1614 2794 1682 2834 in·

189 2862 396 2898 vertatur
421 2862 585 2904 status,
613 2869 665 2896 ac
692 2863 847 2898 aestus
873 2856 1071 2898 libidinis
1098 2856 1320 2898 obfundat
1347 2856 1554 2909 spiritum
1580 2855 1682 2897 ille·

189 2919 339 2968 cebm,
373 2933 512 2973 usque
545 2924 594 2959 ut
636 2932 728 2960 non
760 2919 953 2973 amplius
985 2917 1129 2960 [¹¹suae
1162 2919 1366 2967 rationis,
1400 2925 1447 2960 et
1479 2919 1584 2960 inde
1615 2920 1683 2961 sui

191 2981 296 3035 juris
334 2982 421 3024 sit:
463 2982 550 3023 hoc
590 2981 863 3036 intelligitur
899 2996 979 3037 per
1015 2982 1241 3024 adulteria
1272 2981 1459 3022 secundi
1495 2983 1679 3036 gradus,
