2014 3386
317 361 339 404 3
350 362 364 391 Ι
373 361 399 392 2
779 359 1023 394 DELICIAE
1055 359 1360 393 SAPIENTIAE

315 480 402 523 tur,
427 473 533 515 dum
559 472 672 524 finis,
696 473 771 528 qui
796 479 868 516 est
893 487 1021 516 amor
1042 474 1326 527 procreandi,
1351 473 1536 516 incohat
1559 487 1685 516 suam
1708 488 1812 528 pro·
1859 498 1865 501 -

313 538 610 591 gressionem.
674 536 812 590 Quod
843 543 951 579 tunc
984 538 1042 578 ab
1074 551 1216 578 uxore
1249 544 1406 592 storge
1439 538 1738 580 transferatur
1766 539 1812 580 in

314 602 542 650 maritum,
572 607 620 642 et
645 614 823 655 quoque
849 601 971 655 quod
993 607 1101 642 tunc
1128 614 1256 642 amor
1282 601 1564 654 procreandi,
1592 602 1667 656 qui
1692 601 1811 655 apud

314 665 529 707 feminam
555 677 694 705 unum
719 664 827 706 facit
852 678 954 706 cum
980 678 1133 705 amore
1161 664 1401 719 conjugiali
1427 665 1535 719 ejus,
1563 672 1613 707 ut
1639 664 1812 708 dietum

314 735 400 779 est,
429 742 521 770 non
546 728 705 769 similis
731 729 804 778 sit,
829 742 888 769 ex
915 727 1116 781 pluribus
1142 729 1318 769 indiciis
1345 735 1489 782 patet.

401 801 541 846 404.
574 791 692 846 (xv.)
729 791 858 843 Quod
873 805 1000 833 amor
1013 791 1280 847 conjugz‘alis
1303 806 1399 833 cum
1419 807 1569 834 amore
1583 792 1812 845 infantum

312 856 440 908 apud
458 862 670 909 parentes
701 857 993 911 conjungatur
1025 861 1112 908 per
1139 869 1300 896 causas
1331 855 1592 908 spirituales
1630 862 1672 896 et
1710 855 1813 897 inde

312 918 794 960 naturales.-—Causae
817 918 1073 971 spirituales
1095 925 1216 968 sunt,
1240 925 1289 959 ut
1315 919 1641 973 multiplicetur
1665 933 1811 973 genus

311 983 574 1032 humanum,
608 989 656 1024 et
696 997 756 1024 ex
796 982 883 1023 hoc
924 982 1226 1035 amplificetur
1256 982 1433 1023 caelum
1464 983 1736 1036 angelicum,
1762 989 1810 1025 et

312 1047 376 1087 sie
410 1052 656 1087 nascantur
696 1046 771 1100 qui
810 1045 921 1087 fient
961 1045 1128 1099 angeli,
1170 1047 1471 1089 inservientes
1512 1046 1711 1088 Domino
1750 1047 1810 1088 ad

310 1109 566 1151 faciendum
589 1123 693 1151 usus
719 1110 764 1150 in
787 1109 928 1159 caelo,
953 1115 1000 1151 et
1027 1122 1106 1162 per
1127 1110 1515 1151 consociationem
1538 1123 1639 1151 cum
1662 1110 1808 1152 homi-

312 1174 443 1214 nibus
474 1174 614 1215 etiam
645 1173 690 1214 in
722 1173 889 1224 terris;
931 1173 1168 1226 unicuique
1200 1174 1321 1214 enim
1347 1173 1519 1214 homini
1551 1188 1578 1214 a
1608 1174 1809 1216 Domino

311 1238 528 1279 associati
559 1243 666 1278 sunt
697 1237 865 1290 angeli,
895 1250 996 1278 curn
1023 1237 1185 1291 quibus
1215 1244 1286 1278 est
1319 1237 1424 1279 talis
1456 1237 1730 1291 conjunetio,
1757 1244 1809 1280 ut

310 1301 347 1342 si
368 1301 663 1348 auferrentur,
688 1307 925 1341 momento
948 1301 1242 1342 occumberet
1263 1299 1415 1342 homo.
1476 1301 1652 1343 Causae
1674 1308 1807 1343 natu-

310 1364 427 1406 rales
459 1363 788 1418 conjunffionis
820 1364 1010 1405 duorum
1037 1364 1216 1405 illorum
1243 1377 1447 1406 amorum
1473 1371 1592 1415 sunt,
1620 1371 1670 1407 ut
1701 1380 1807 1408 nas-

310 1435 472 1470 cantur
497 1429 572 1482 qui
603 1429 647 1469 in
674 1428 972 1469 societatibus
998 1427 1207 1471 humanis
1233 1427 1381 1470 ferant
1407 1442 1526 1478 usus,
1554 1443 1606 1470 ac
1638 1436 1688 1471 ut
1718 1430 1808 1478 illis

310 1493 661 1545 incorporentur
692 1498 741 1533 ut
774 1492 992 1532 membra.
1055 1490 1192 1544 Quod
1227 1491 1315 1533 hae
1347 1492 1580 1533 naturales
1613 1500 1660 1534 et
1701 1493 1806 1535 illae

310 1555 570 1609 spirituales
602 1568 766 1596 causae
798 1556 963 1596 amoris
995 1555 1218 1596 infantum
1256 1561 1303 1596 et
1344 1557 1510 1597 amoris
1542 1556 1806 1611 conjugialis

308 1620 415 1669 sint,
440 1620 579 1660 etiam
605 1619 689 1672 ipsi
712 1618 929 1672 conjuges
952 1620 1163 1672 cogitant
1185 1626 1231 1660 et
1258 1619 1531 1673 quandoque
1553 1620 1805 1672 declarant,

308 1683 520 1732 dicendo,
549 1683 670 1736 quod
702 1688 774 1724 tot
806 1682 984 1736 angelis
1011 1689 1122 1736 quot
1154 1684 1391 1736 prognatis
1424 1682 1806 1736 locupletaverint

308 1746 500 1796 caelum,
520 1752 567 1788 et
589 1746 710 1801 quod
732 1746 1004 1787 societatem
1026 1751 1100 1787 tot
1123 1746 1338 1787 ministris
1357 1753 1467 1800 quot
1490 1746 1642 1788 liberis
1663 1747 1805 1801 insig-

308 1810 517 1851 niverint.

392 1882 530 1928 405.
564 1871 698 1927 (xvi.)
735 1872 864 1924 Quod
883 1886 1010 1914 amor
1032 1872 1255 1925 infantum
1279 1872 1398 1914 alius
1427 1872 1490 1913 sit
1518 1873 1645 1926 apud
1658 1874 1803 1928 cory'u·

302 1950 388 1990 ges
419 1935 694 1989 spirituales,
727 1942 769 1976 et
803 1936 921 1976 alius
952 1936 1079 1988 apud
1109 1936 1551 1990 naturales.-——Apud
1584 1936 1803 1991 conjuges

308 1999 565 2054 spirituales
597 2006 668 2040 est
700 2012 828 2039 amor
859 1996 1081 2040 infantum
1113 1999 1263 2052 quoad
1296 2000 1609 2052 apparentiam
1646 2001 1803 2042 similis

307 2064 449 2104 amori
481 2063 703 2103 infantum
735 2062 854 2116 apud
886 2061 1102 2115 conjuges
1128 2062 1374 2111 naturales,
1402 2062 1483 2103 sed
1515 2070 1585 2103 est
1616 2063 1804 2106 interior

307 2134 355 2168 et
386 2127 490 2167 inde
522 2126 733 2175 tenerior,
761 2126 864 2179 quia
894 2138 1020 2166 amor
1051 2125 1127 2166 ille
1159 2126 1319 2166 existit
1351 2139 1411 2166 ex
1448 2126 1726 2177 innocentia,
1754 2133 1802 2170 et

308 2205 368 2232 ex
406 2190 499 2243 ejus
531 2191 741 2243 propiore
773 2190 1051 2242 receptione,
1086 2195 1133 2230 et
1174 2190 1237 2230 sic
1271 2191 1579 2242 praesentiore
1612 2203 1801 2245 percep-

307 2254 432 2296 tione
471 2254 589 2306 apud
630 2267 692 2302 se,
726 2266 829 2293 nam
871 2252 1129 2306 spirituales
1170 2259 1350 2294 tantum
1382 2253 1639 2307 spirituales
1678 2261 1800 2305 sunt,

307 2324 527 2372 quantum
550 2331 610 2358 ex
633 2316 896 2358 innocentia
913 2316 1098 2357 ducunt.
1158 2315 1227 2357 At
1244 2331 1352 2357 vero
1375 2324 1528 2370 patres
1546 2324 1593 2359 et
1615 2325 1799 2368 matres,

307 2388 550 2434 postquam
571 2381 826 2421 libaverunt
845 2380 1134 2421 dulcedinem
1152 2380 1441 2421 innocentiae
1464 2381 1583 2434 apud
1606 2394 1711 2422 suos
1731 2382 1800 2423 in·

306 2444 467 2493 fantes,
500 2451 658 2486 amant
690 2443 857 2485 liberos
890 2457 994 2484 suos
1026 2457 1207 2497 prorsus
1239 2443 1372 2484 aliter
1401 2457 1536 2497 quam
1569 2451 1722 2497 patres
1753 2451 1801 2486 et

307 2514 478 2549 matres
493 2507 725 2549 naturales
745 2522 754 2558 ;
782 2507 1040 2560 spirituales
1057 2514 1213 2548 amant
1232 2507 1398 2548 liberos
1416 2521 1474 2548 ex
1493 2508 1802 2560 intelligentia

306 2570 530 2624 spirituali
555 2577 602 2612 et
629 2571 725 2611 vita
747 2570 905 2611 morali
928 2570 1121 2618 illorum,
1145 2570 1209 2611 ita
1235 2569 1337 2610 illos
1363 2584 1422 2610 ex
1450 2571 1613 2611 timore
1641 2571 1726 2611 Dei
1752 2576 1800 2612 et

306 2647 366 2675 ex
390 2635 562 2687 pietate
581 2632 747 2675 actuali
768 2647 846 2674 seu
864 2634 1000 2681 vitae,
1020 2639 1067 2674 et
1090 2633 1220 2673 simul
1244 2647 1303 2673 ex
1326 2631 1562 2674 affeetione
1584 2641 1630 2674 et
1653 2633 1798 2687 appli-

305 2698 486 2738 catione
511 2697 568 2738 ad
601 2710 704 2737 usus
730 2697 941 2738 societati
967 2697 1277 2745 inservientes,
1305 2696 1370 2737 ita
1400 2710 1459 2737 ex
1485 2697 1726 2738 virtutibus
1751 2703 1800 2738 et

305 2761 438 2801 bonis
466 2760 678 2809 moribus,
707 2761 827 2813 apud
859 2760 988 2811 illos;
1030 2773 1090 2800 ex
1122 2759 1281 2800 horum
1308 2773 1461 2800 amore
1488 2759 1800 2813 principaliter

303 2823 392 2864 illis
407 2824 706 2865 necessitates
721 2824 999 2877 prospiciunt
1017 2829 1063 2864 et
1081 2823 1428 2864 subministrant
1445 2837 1454 2874 ;
1481 2838 1617 2877 quare
1635 2824 1670 2864 si
1688 2823 1800 2864 talia
1846 2869 1853 2873 ,

305 2887 350 2928 in
373 2887 460 2927 illis
484 2900 573 2928 non
592 2887 764 2936 vident,
789 2887 1051 2944 abalienant
1073 2887 1271 2927 animum
1294 2887 1351 2927 ab
1373 2886 1475 2936 illis,
1499 2893 1546 2928 et
1569 2887 1714 2927 solum
1736 2900 1798 2928 ex

305 2950 464 2991 debito
481 2965 561 3004 pro
578 2951 665 2991 illis
683 2950 850 3003 aliquid
868 2957 1026 3003 agunt.
1082 2949 1220 3003 Apud
1240 2957 1393 3003 patres
1411 2957 1456 2991 et
1475 2956 1644 2991 matres
1663 2956 1797 2991 natu-

305 3013 438 3064 rales,
458 3021 527 3055 est
554 3027 680 3055 amor
702 3014 926 3055 infantum
953 3013 1134 3067 quidem
1162 3014 1300 3054 etiam
1327 3027 1387 3055 ex
1412 3013 1690 3063 innocentia,
1714 3012 1794 3054 sed
