2014 3386
380 359 460 411 338
823 363 1153 397 VOLUPTATES
1184 363 1428 395 INSANIAE

375 479 643 517 excreatione
657 485 729 520 est,
742 479 812 515 sed
829 478 950 514 etiam
969 484 1111 513 contra
1128 476 1385 517 creationem,
1399 482 1461 512 est
1479 475 1643 511 dabilis:
1670 486 1743 511 nos
1760 485 1870 522 spec-

375 541 509 569 tamus
528 533 716 579 opposita
740 531 934 568 creationi
952 538 997 566 ut
1015 530 1173 576 objecta
1191 530 1338 565 nullius
1356 529 1449 565 rei.''

449 586 524 622 His
542 585 669 626 dietis,
688 585 860 620 laetatus
878 595 964 620 sum
984 584 1104 619 corde
1119 583 1227 628 quod
1246 583 1384 618 datum
1406 582 1458 618 sit
1479 581 1589 628 loqui
1607 592 1699 617 cum
1719 580 1873 627 angelis

374 640 466 675 talis
485 638 748 679 innocentiae,
764 637 831 684 qui
851 648 1015 683 prorsus
1034 636 1264 671 nesciebant
1282 635 1378 681 quid
1397 635 1609 675 scortatio:
1635 644 1758 680 quare
1771 633 1872 669 solvi

374 704 420 728 os
446 698 486 728 et
508 691 638 732 docui,
658 691 807 731 dicens,
827 695 847 708 ‘⁴
864 690 1008 725 Nonne
1030 689 1140 724 scitis
1158 688 1264 734 quod
1285 689 1402 723 detur
1421 689 1571 723 bonum
1593 693 1634 722 et
1655 686 1815 727 malum,
1832 693 1874 721 et

375 746 483 791 quod
502 746 651 780 bonum
672 744 723 779 sit
740 754 765 779 a
781 743 995 783 creatione,
1010 753 1090 777 non
1109 748 1241 776 autem
1263 740 1440 776 malum?
1467 747 1508 775 et
1525 751 1651 786 usque
1666 739 1813 774 malum
1833 739 1871 774 in

376 809 419 833 se
437 797 662 844 spectatum
679 808 759 832 non
774 803 836 832 est
854 796 964 836 nihil,
979 794 1141 830 tametsi
1156 801 1219 835 est
1245 794 1343 828 nihil
1361 793 1476 828 boni:
1502 804 1525 828 a
1542 792 1744 839 creatione
1756 792 1874 827 datur

376 852 539 891 bonum,
558 857 598 885 et
616 860 776 896 quoque
795 850 944 884 bonum
969 849 1007 883 in
1029 848 1154 893 gradu
1174 847 1347 882 maximo
1369 853 1409 882 et
1431 846 1470 881 in
1492 846 1616 892 gradu
1635 845 1814 885 minimo,
1833 851 1873 880 et

375 915 466 939 cum
485 903 563 938 hoc
581 902 789 937 minimum
812 902 857 936 fit
879 901 989 941 nihil,
1008 900 1185 947 exsurgit
1206 901 1256 935 ab
1277 900 1402 935 altera
1423 906 1535 945 parte
1554 898 1724 933 malum:
1750 908 1873 944 quare

375 967 455 991 non
475 956 593 991 datur
609 955 749 991 relatio
767 965 840 990 nec
860 953 1085 1000 progressio
1102 953 1197 988 boni
1218 953 1269 988 ad
1291 953 1450 992 malum,
1468 952 1538 987 sed
1560 951 1700 986 relatio
1721 957 1762 986 et
1783 961 1874 996 pro-

373 1009 526 1055 gressio
544 1008 638 1044 boni
659 1009 710 1043 ad
733 1008 863 1053 majus
881 1014 921 1042 et
943 1007 1074 1042 minus
1092 1007 1255 1046 bonum,
1273 1016 1319 1040 ac
1341 1005 1433 1040 mali
1455 1005 1505 1039 ad
1526 1004 1654 1050 majus
1676 1010 1717 1039 et
1739 1003 1874 1039 minus

377 1063 536 1102 malum,
556 1067 651 1097 sunt
672 1061 778 1097 enim
800 1060 986 1106 opposita
1009 1059 1047 1094 in
1069 1059 1257 1094 omnibus
1278 1065 1319 1093 et
1340 1058 1526 1104 singulis:
1550 1064 1591 1092 et
1611 1057 1705 1103 quia
1722 1057 1871 1092 bonum

375 1123 415 1150 et
437 1115 584 1149 malum
607 1121 700 1149 sunt
721 1113 917 1159 opposita,
937 1113 1055 1147 datur
1077 1111 1369 1151 intermedium,
1388 1118 1429 1146 et
1451 1109 1813 1156 ibi·aequilibrium,
1834 1109 1870 1144 in

376 1179 457 1213 quo
477 1168 624 1202 malum
643 1167 726 1213 agit
743 1173 884 1202 cont-ra
901 1167 1049 1201 bonum
1065 1177 1072 1206 ;
1098 1165 1168 1200 sed
1187 1165 1280 1210 quia
1301 1175 1382 1199 non
1402 1163 1612 1209 praevalet,
1631 1162 1815 1198 subsistit
1833 1161 1872 1197 in

376 1227 536 1256 conatu.
587 1220 730 1255 Omnis
751 1220 874 1254 homo
909 1219 948 1254 in
975 1219 1052 1254 hoc
1074 1217 1308 1263 aequilibrio
1329 1217 1539 1256 educatur:
1565 1215 1672 1262 quod
1694 1215 1789 1261 quia
1812 1222 1874 1251 est

377 1274 482 1308 inter
508 1274 657 1308 bonum
683 1279 724 1308 et
750 1273 910 1312 malum,
930 1283 999 1307 seu
1026 1271 1133 1317 quod
1156 1270 1273 1309 idem,
1293 1270 1396 1305 inter
1416 1269 1570 1304 caelum
1597 1275 1637 1304 et
1663 1267 1872 1308 infernum,

375 1333 437 1361 est
455 1325 734 1372 aequilibrium
749 1325 966 1371 spirituale,
981 1325 1100 1370 quod,
1116 1324 1220 1369 apud
1240 1323 1330 1358 illos
1345 1322 1412 1368 qui
1433 1322 1472 1357 in
1488 1322 1556 1357 illo
1571 1327 1675 1362 sunt,
1688 1320 1875 1367 producit

374 1380 554 1414 liberum.
606 1378 804 1413 Dominus
823 1389 871 1413 ex
890 1378 967 1413 hoc
984 1376 1219 1423 aequilibrio
1237 1381 1377 1411 omnes
1394 1375 1517 1410 trahit
1534 1375 1584 1410 ad
1604 1373 1667 1415 Se,
1685 1381 1726 1410 et
1744 1373 1874 1410 homi·

377 1443 478 1471 nem,
491 1431 558 1477 qui
573 1442 621 1466 ex
635 1431 760 1466 libero
775 1430 965 1476 sequitur,
978 1429 1113 1465 educit
1131 1440 1152 1464 e
1167 1429 1271 1464 malo
1287 1429 1324 1463 in
1341 1429 1504 1468 bonum,
1519 1434 1559 1463 et
1578 1427 1634 1462 sic
1653 1427 1692 1462 in
1708 1427 1872 1462 caelum.

377 1484 514 1520 Simile
527 1490 589 1519 est
607 1495 696 1518 cum
715 1494 860 1524 amore,
873 1483 1067 1528 imprimis
1081 1493 1171 1517 cum
1185 1493 1320 1517 amore
1334 1480 1561 1527 conjugiali,
1575 1487 1615 1516 et
1632 1491 1723 1515 cum
1738 1490 1873 1515 amore

376 1537 635 1577 scortatorio;
662 1537 727 1571 hic
748 1547 860 1571 amor
879 1544 940 1571 est
966 1536 1126 1575 malum,
1151 1535 1373 1570 ille-autem
1395 1535 1568 1574 bonum:
1595 1527 1727 1568 omnis
1749 1532 1873 1568 homo

375 1590 443 1636 qui
454 1601 596 1625 vocem
613 1589 774 1625 Domini
786 1589 910 1629 audit,
922 1595 962 1624 et
980 1600 1028 1623 ex
1041 1589 1167 1623 libero
1179 1588 1370 1633 sequitur,
1384 1587 1449 1622 ille
1464 1598 1487 1622 a
1501 1586 1677 1622 Domino
1691 1585 1873 1622 introdu-

377 1643 481 1678 citur
503 1643 542 1677 in
564 1654 740 1678 amorem
763 1642 1043 1688 conjugialem,
1066 1648 1107 1676 et
1134 1641 1172 1676 in
1199 1640 1336 1676 omnia
1355 1636 1533 1686 jucunda
1553 1646 1594 1675 et
1615 1639 1746 1675 fausta
1765 1638 1873 1685 ejus;

376 1704 418 1732 at
439 1697 507 1742 qui
532 1707 612 1731 non
635 1696 749 1731 audit
774 1703 815 1731 et
841 1707 920 1731 non
939 1695 1135 1741 sequitur,
1150 1695 1215 1730 ille
1236 1700 1362 1730 semet
1384 1693 1602 1729 introducit
1629 1693 1667 1728 in
1693 1703 1871 1728 amorem

376 1749 671 1790 scortatorium,
691 1756 731 1785 et
754 1749 923 1795 primum
943 1749 981 1784 in
1001 1749 1086 1795 ejus
1103 1748 1290 1795 jucunda,
1309 1754 1349 1783 at
1367 1754 1508 1794 postea
1526 1747 1565 1781 in
1585 1746 1813 1792 injucunda,
1831 1752 1872 1781 et

377 1803 538 1838 demum
559 1802 597 1837 in
618 1801 826 1837 infausta.”

449 1854 524 1891 His
542 1854 670 1894 dietis,
685 1855 767 1889 bini
787 1854 841 1889 illi
860 1854 988 1901 angeli
1004 1853 1297 1900 quaesiverunt,
1313 1851 1561 1899 “Quomodo
1576 1850 1708 1897 potuit
1722 1851 1869 1886 malum

376 1907 556 1948 existere,
575 1908 735 1953 quando
757 1918 837 1942 non
861 1907 935 1941 nisi
957 1918 1075 1952 quam
1098 1907 1248 1941 bonum
1270 1917 1293 1941 a
1313 1905 1514 1940 creatione
1532 1903 1765 1940 exstiterat?
1814 1902 1872 1939 Ut

376 1960 525 2006 aliquid
549 1960 705 1999 existat.
728 1959 803 1995 erit
824 1960 936 2006 origo
962 1959 1069 2005 ejus;
1095 1960 1244 1994 bonum
1266 1969 1347 1994 non
1370 1958 1502 2004 potuit
1523 1957 1637 2003 origo
1658 1955 1752 1991 mali
1767 1966 1870 2001 esse,

376 2013 471 2058 quia
496 2013 643 2047 malum
671 2019 733 2048 est
760 2012 860 2047 nihil
886 2011 991 2052 boni,
1014 2018 1075 2047 est
1105 2011 1210 2046 enim
1243 2011 1481 2057 privativum
1510 2016 1550 2045 et
1580 2007 1871 2044 destructivum

377 2065 472 2102 boni
488 2077 496 2107 ς
517 2072 559 2101 at
576 2075 702 2111 usque
716 2065 809 2111 quia
827 2065 943 2101 datur
960 2070 1001 2100 et
1019 2063 1200 2104 sentitur,
1219 2074 1299 2099 non
1318 2070 1380 2099 est
1402 2063 1512 2104 nihil,
1530 2063 1599 2099 sed
1614 2069 1676 2099 est
1692 2062 1842 2110 aliquid
1857 2074 1867 2106 ς

378 2119 443 2155 dic
460 2129 556 2164 ergo
574 2118 680 2153 unde
700 2118 777 2152 hoc
794 2117 942 2164 aliquid
965 2116 1120 2153 exstitit
1131 2123 1223 2162 post
1240 2116 1445 2152 nihilum.”

451 2172 515 2207 Ad
535 2172 634 2206 haec
646 2171 845 2216 respondi,
859 2175 878 2189 ⁴‘
896 2170 986 2205 Hoc
1002 2180 1190 2204 arcanum
1210 2179 1290 2204 non
1309 2168 1452 2214 aperiri
1471 2173 1606 2213 potest
1620 2165 1694 2202 nisi
1713 2165 1873 2208 sciatur,

379 2225 487 2271 quod
509 2224 641 2259 nullus
660 2224 789 2259 bonus
806 2222 859 2259 sit
877 2234 996 2268 quam
1011 2222 1119 2257 solus
1136 2222 1253 2261 Deus,
1268 2227 1309 2256 et
1326 2221 1434 2266 quod
1455 2231 1534 2255 non
1553 2219 1703 2266 aliquid
1721 2220 1871 2255 bonum

380 2277 432 2313 sit
449 2278 556 2324 quod
577 2277 615 2312 in
634 2287 676 2312 se
695 2277 843 2311 bonum
858 2282 928 2316 est,
944 2275 1018 2310 nisi
1037 2286 1060 2309 a
1080 2274 1187 2315 Deo;
1213 2285 1336 2320 quare
1350 2273 1418 2319 qui
1437 2272 1591 2319 speetat
1608 2273 1657 2308 ad
1678 2271 1818 2312 Deum.
1833 2278 1875 2308 et

379 2330 467 2366 vult
481 2329 573 2365 duci
587 2340 610 2365 a
630 2329 728 2370 Deo,
744 2329 808 2364 ille
827 2328 866 2363 in
881 2329 989 2363 bono
1003 2333 1083 2368 est:
1109 2333 1151 2362 at
1165 2327 1233 2372 qui
1248 2326 1394 2362 avertit
1408 2337 1450 2361 se
1467 2337 1491 2360 a
1510 2325 1609 2366 Deo,
1625 2331 1666 2360 et
1681 2325 1769 2360 vult
1782 2324 1874 2360 duci

380 2394 404 2418 a
420 2389 558 2424 semet,
579 2382 643 2418 ille
662 2393 742 2417 non
762 2381 927 2416 inbono
944 2387 1015 2420 est,
1035 2391 1126 2415 nam
1142 2380 1289 2414 bonum
1305 2379 1413 2424 quod
1432 2378 1536 2419 facit,
1552 2384 1614 2413 est
1631 2378 1694 2413 vel
1713 2383 1874 2424 propter

380 2447 432 2475 se,
452 2436 515 2471 vel
542 2441 706 2481 propter
726 2434 932 2474 mundum,
952 2433 1007 2469 sic
1032 2439 1094 2468 est
1119 2432 1181 2467 vel
1208 2431 1465 2471 meritorium,
1487 2431 1550 2466 vel
1572 2429 1873 2470 simulatorium,

379 2489 442 2524 vel
464 2487 776 2534 hypocriticum:
809 2498 858 2522 ex
883 2486 1026 2533 quibus
1045 2491 1156 2531 patet
1172 2485 1279 2530 quod
1304 2484 1386 2530 ipse
1407 2484 1530 2519 homo
1555 2483 1607 2519 sit
1628 2483 1742 2530 origo
1759 2482 1874 2522 mali3

381 2552 462 2576 non
480 2541 588 2586 quod
607 2540 721 2586 origo
739 2540 806 2575 illa
823 2550 871 2574 ex
889 2538 1088 2574 creatione
1107 2537 1259 2573 homini
1283 2537 1409 2572 indita
1426 2536 1554 2576 fuerit,
1574 2536 1643 2571 sed
1662 2535 1771 2582 quod
1789 2534 1874 2581 ipse

382 2605 451 2639 per
471 2592 772 2628 conversionem
798 2603 821 2627 a
848 2592 936 2627 Deo
957 2591 1007 2626 ad
1034 2597 1160 2626 semet
1181 2590 1255 2625 sibi
1282 2590 1471 2625 indiderit
1490 2589 1608 2624 illam.
1658 2587 1783 2634 Origo
1809 2587 1875 2623 illa

382 2646 474 2681 mali
493 2657 573 2681 non
592 2645 667 2680 fuit
686 2645 724 2680 in
746 2645 903 2680 Adamo
922 2650 963 2680 et
980 2643 1065 2690 ejus
1083 2653 1224 2683 uxore:
1248 2643 1318 2678 sed
1337 2642 1498 2688 quando
1516 2652 1679 2687 serpens
1697 2640 1810 2682 dixit,

438 2735 445 2748 ⁴
457 2733 532 2770 Quo
545 2732 599 2778 die
614 2731 816 2811 qomederitis
831 2732 872 2761 de
886 2731 1001 2761 arbore
1011 2730 1161 2760 scientiae
1175 2729 1253 2759 boni
1268 2733 1299 2758 et
1314 2729 1399 2764 mali,
1411 2751 1420 2761 .
1433 2751 1441 2759 .
1454 2751 1462 2759 .
1475 2728 1560 2758 eritis
1573 2728 1655 2758 sieut
1666 2725 1765 2757 Deus’
1776 2726 1870 2766 (Gen.

543 2782 585 2803 ιιι.
601 2780 618 2809 5
649 2781 656 2802 :

382 2864 422 2892 et
439 2863 535 2892 tunc
553 2856 646 2902 quia
659 2861 890 2891 averterunt
907 2865 950 2890 se
967 2865 990 2889 a
1010 2853 1108 2894 Deo,
1122 2859 1163 2889 et
1180 2859 1464 2888 converterunt
1481 2863 1523 2888 se
1540 2852 1589 2887 ad
1608 2856 1745 2891 semet,
1758 2856 1804 2886 ut
1820 2849 1869 2885 ad

382 2910 512 2950 deum,
531 2908 712 2944 fecerunt
731 2907 770 2942 in
792 2919 834 2943 se
852 2907 1047 2953 originem
1067 2905 1171 2941 mali.
1221 2910 1229 2924 ‘
1243 2905 1368 2941 Edere
1389 2916 1438 2940 ex
1461 2905 1527 2940 illa
1546 2903 1705 2939 arbore'
1722 2902 1872 2950 signifi-

383 2963 498 2997 cabat
515 2962 676 2998 credere
690 2961 798 3008 quod
812 2960 911 2997 sciat
929 2961 1076 2996 bonum
1096 2966 1138 2995 et
1155 2959 1302 2994 malum
1320 2969 1366 2994 ac
1383 2958 1509 3004 sapiat
1526 2969 1575 2993 ex
1591 2968 1645 2998 se,
1663 2963 1705 2992 et
1722 2966 1802 2992 non
1823 2965 1871 2991 ex

386 3014 511 3050 De0.’'
