2014 3386
333 337 391 381 70
704 366 707 369 ,
799 336 1042 369 DELICIAE
1073 336 1378 370 SAPIENTIAE

334 448 454 484 etiam
473 447 671 496 significat
695 448 846 484 bonum
869 449 1059 490 naturale,
1079 449 1171 484 ideo
1196 449 1409 490 saeculum,
1429 447 1469 485 in
1495 459 1576 496 quo
1599 451 1794 492 vixerant,
1812 460 1838 488 a

334 501 474 548 priscis
490 508 678 538 vocaturn
697 509 757 538 est
774 513 798 537 a
814 513 962 548 cupro:
988 509 1082 538 sunt
1095 513 1255 548 quoque
1274 502 1340 538 hic
1356 503 1477 539 aedes
1495 514 1631 539 sacrae
1649 515 1698 539 ex
1715 503 1835 550 lignis

334 555 412 591 olei
430 554 665 596 exstructae,
680 562 722 590 et
736 556 775 591 in
790 556 924 591 medio
938 555 1092 591 illarum
1111 563 1171 591 est
1187 554 1467 597 sanctuarium,
1482 557 1548 591 ubi
1569 556 1607 591 in
1622 567 1713 592 arca
1728 557 1836 603 jacet

334 607 510 644 Verbum
537 609 676 644 datum
698 608 839 644 incolis
861 609 983 644 Asiae
1003 615 1097 644 ante
1118 608 1294 644 Verbum
1318 609 1590 650 Israeliticum,
1608 610 1724 656 qu'us
1745 610 1835 645 libri

334 662 515 697 historici
526 668 723 697 vocantur
733 662 843 697 Bella
854 662 1034 709 Jelzovae,
1047 669 1088 697 et
1100 662 1324 707 prophetici
1335 663 1570 703 Enuntiata,
1582 669 1752 709 utraque
1763 673 1835 698 no-

335 715 487 750 minata
504 726 527 750 a
547 714 660 751 Mose
679 716 814 760 (Num.
833 715 911 751 xxi.
927 726 1028 751 vers.
1051 724 1104 758 14,
1127 723 1179 759 15,
1198 721 1239 750 et
1255 726 1356 751 vers.
1375 716 1528 760 27-3o);
1557 717 1635 752 hoc
1652 715 1772 751 hodie
1793 715 1834 751 in

335 767 467 815 regnis
482 768 602 804 Asiae
614 768 866 814 deperditum
879 774 951 808 est,
962 775 1003 803 et
1015 768 1138 803 modo
1152 768 1192 802 in
1203 768 1384 804 Tartaria
1395 768 1542 815 Magna
1553 768 1836 804 reservatum.”

408 821 458 856 Et
478 828 575 857 tunc
591 822 757 867 angelus
778 821 893 856 duxit
915 832 978 857 me
998 821 1048 856 ad
1070 832 1190 856 unam
1209 822 1362 862 aedem,
1381 833 1428 857 ac
1448 822 1771 868 introspeximus,
1791 828 1833 857 et

333 874 508 910 vidimus
523 874 563 909 in
577 875 712 910 medio
725 875 812 921 ejus
826 873 1094 910 sanctuarium
1109 874 1217 915 illud,
1229 881 1360 910 totum
1376 875 1415 909 in
1429 875 1713 910 candidissima
1725 875 1835 914 luce:

333 933 375 962 et
393 927 494 962 dixit
511 927 689 974 angelus,
710 933 731 946 ‘⁴
750 928 835 963 Lux
853 927 919 963 illa
936 934 998 963 est
1015 939 1065 963 ex
1081 934 1243 964 vetusto
1261 927 1330 964 illo
1348 928 1530 964 Asiatico
1546 927 1692 969 Verbo,
1710 938 1831 963 omne

334 980 441 1016 enim
463 980 653 1016 Divinum
673 980 822 1016 Verum
842 981 881 1016 in
900 977 1019 1016 c'aelis
1037 981 1179 1016 lucet.”

409 1033 610 1070 Exeuntes
636 1045 684 1069 ex
710 1035 810 1070 aede
831 1034 1069 1074 audivimus,
1088 1034 1197 1080 quod
1216 1034 1444 1069 nuntiatum
1462 1033 1515 1069 sit
1537 1034 1576 1069 in
1597 1033 1705 1075 urbe,
1723 1034 1833 1080 quod

335 1087 418 1122 duo
436 1087 633 1134 peregrini
653 1087 708 1123 ibi
725 1088 818 1128 sint,
836 1094 877 1123 et
894 1088 1003 1133 quod
1018 1087 1283 1128 examinandi,
1297 1088 1404 1123 unde
1423 1087 1490 1129 illi,
1509 1094 1550 1123 et
1568 1087 1665 1133 quid
1681 1087 1832 1133 negotii

336 1139 420 1181 hie;
450 1147 492 1176 et
517 1141 687 1176 accurrit
712 1152 734 1177 e
759 1141 869 1176 curia
894 1141 1063 1182 satelles,
1082 1147 1122 1176 et
1148 1141 1354 1176 mandavit
1379 1151 1453 1176 nos
1473 1141 1523 1176 ad
1548 1140 1764 1187 judicium:
1793 1146 1835 1176 et

334 1194 385 1229 ad
413 1193 766 1241 interrogationem
794 1194 900 1229 unde
927 1205 1074 1235 sumus,
1093 1200 1134 1229 et
1152 1194 1247 1240 quid
1274 1194 1425 1240 negotii
1447 1194 1523 1235 hic,
1542 1193 1833 1239 respondimus,

335 1251 356 1265 ‘⁵
368 1247 643 1283 Transivimus
663 1258 806 1283 nemus
821 1247 1054 1293 palmarum,
1073 1254 1114 1283 et
1133 1258 1292 1294 quoque
1310 1247 1514 1282 domicilia
1530 1246 1751 1294 gigantum,
1765 1245 1834 1292 qui

335 1307 430 1336 sunt
450 1301 638 1337 custodes
658 1300 782 1336 vestri
803 1300 913 1341 caeli,
932 1307 972 1336 et
993 1306 1132 1346 postea
1153 1300 1355 1347 regionem
1377 1300 1582 1341 villarum:
1616 1310 1666 1335 ex
1690 1299 1835 1346 quibus

335 1354 506 1400 potestis
527 1354 777 1395 concludere,
800 1354 909 1400 quod
936 1365 1016 1389 non
1043 1364 1066 1389 a
1091 1354 1218 1394 nobis,
1240 1354 1310 1389 sed
1332 1353 1440 1399 quod
1467 1364 1491 1388 a
1517 1352 1604 1388 Deo
1624 1352 1735 1393 caeli,
1756 1351 1836 1387 huc

335 1407 652 1453 pervenerimus;
678 1414 719 1443 et
736 1407 955 1454 negotium,
971 1414 1134 1453 propter
1148 1407 1268 1453 quod,
1280 1413 1341 1442 est
1358 1413 1403 1442 ut
1421 1406 1664 1442 instruamur
1680 1405 1730 1442 de
1747 1416 1835 1442 ves-

335 1459 409 1495 tris
426 1460 635 1507 conjugiis,
655 1472 750 1496 num
764 1461 845 1496 sint
863 1460 1153 1507 monogamica,
1171 1460 1235 1496 vel
1253 1471 1348 1494 num
1369 1459 1654 1506 polygamica.''

409 1513 460 1548 Et
478 1514 780 1560 responderunt,
801 1513 939 1561 “Quid
958 1512 1235 1560 polygamica?
1261 1520 1405 1548 suntne
1423 1513 1521 1548 haec
1538 1511 1776 1548 scortatoria
1786 1510 1827 1548 ?”
1878 1507 1882 1511 ”

409 1566 461 1602 Et
485 1573 582 1602 tunc
601 1567 801 1613 judicialis
827 1567 892 1602 hic
917 1573 1056 1602 coetus
1081 1567 1280 1613 ablegavit
1300 1577 1424 1601 unum
1448 1565 1747 1612 intelligentem,
1765 1564 1834 1611 qui

335 1631 410 1656 nos
428 1619 468 1654 in
487 1621 609 1656 domo
627 1631 698 1655 sua
715 1621 764 1655 de
786 1620 864 1655 hoc
886 1620 1049 1666 negotio
1067 1620 1302 1660 instrueret:
1327 1626 1368 1655 et
1389 1619 1454 1654 hic
1475 1619 1514 1653 in
1536 1619 1658 1654 domo
1676 1628 1747 1653 sua
1766 1617 1835 1653 ad-

333 1673 468 1720 junxit
486 1674 560 1709 sibi
574 1676 750 1714 uxorem,
761 1680 803 1708 et
821 1674 979 1709 locutus
997 1680 1058 1708 est
1075 1673 1195 1708 haec:
1222 1678 1242 1691 ‘⁴
1258 1673 1317 1708 Ex
1334 1672 1545 1718 primaevis
1559 1683 1627 1707 seu
1642 1670 1835 1717 antiquis-

334 1727 456 1767 simis,
469 1727 537 1773 qui
554 1727 593 1762 in
608 1738 743 1762 amore
754 1738 846 1762 vere
857 1727 1084 1773 conjugiali‚
1097 1733 1136 1762 et
1152 1726 1243 1762 inde
1259 1736 1351 1772 prae
1362 1725 1503 1761 ceteris
1518 1725 1558 1760 in
1572 1724 1676 1760 illius
1689 1723 1836 1759 amoris

334 1780 486 1816 virtute
503 1787 543 1816 et
564 1780 746 1827 potentia
767 1780 805 1815 in
828 1780 979 1815 mundo
997 1779 1166 1820 fuerant,
1184 1786 1224 1814 et
1246 1790 1352 1814 nunc
1375 1779 1414 1813 in
1435 1778 1545 1813 caelo
1566 1788 1639 1813 suo
1659 1777 1767 1823 quod
1795 1776 1835 1811 in

335 1833 489 1869 oriente
507 1840 578 1874 est,
594 1834 634 1868 in
648 1833 880 1869 beatissimo
894 1840 1000 1868 statu
1014 1839 1119 1873 sunt,
1136 1838 1347 1878 praecepta
1360 1831 1410 1867 de
1423 1830 1621 1876 conjugiis
1639 1830 1746 1876 apud
1761 1839 1835 1865 nos

336 1894 535 1922 reservata
549 1887 752 1923 habemus.
804 1886 887 1922 Nos
901 1897 1037 1922 sumus
1054 1885 1266 1932 posteritas
1277 1885 1445 1925 illorum,
1458 1891 1498 1919 et
1513 1884 1568 1919 illi
1583 1883 1688 1919 sicut
1702 1889 1836 1929 patres

336 1939 453 1974 nobis
470 1946 515 1975 ut
536 1939 628 1975 filiis
653 1940 851 1981 dederunt
875 1950 1051 1975 canones
1067 1939 1184 1979 vitae,
1207 1938 1311 1974 inter
1329 1949 1431 1984 quos
1453 1937 1502 1972 de
1523 1936 1721 1982 conjugiis
1741 1941 1836 1971 sunt

337 1992 457 2028 haec:
519 1994 577 2027 ‘F
575 1993 650 2034 ilii,
668 1995 708 2028 si
719 1993 842 2028 vultis
855 2004 991 2027 amare
1007 1993 1133 2027 Deum
1151 1995 1187 2026 et
1195 1994 1437 2037 proximum,
1452 1994 1489 2025 et
1503 1992 1544 2025 si
1555 1989 1677 2024 vultis
1691 1991 1834 2035 sapere,

335 2050 373 2081 et
387 2046 527 2092 felices
550 2058 625 2081 esse
654 2048 696 2081 in
729 2050 941 2085 aeternum,
967 2045 1199 2080 consulimus
1222 2045 1327 2079 vobis
1350 2048 1395 2078 ut
1418 2044 1568 2078 vivatis
1592 2043 1837 2088 monogami,-

334 2100 375 2134 sz‘
387 2099 434 2134 ab
451 2099 519 2133 hoc
527 2101 734 2144 praecepto
746 2100 988 2139 recesseritis,
995 2099 1137 2145 fugiet
1153 2109 1218 2132 vos
1234 2099 1356 2132 omnis
1372 2097 1544 2131 caelestis
1560 2107 1680 2136 amor,
1696 2099 1733 2130 et
1748 2105 1835 2130 cum

335 2152 405 2187 hoc
421 2154 578 2186 interna
596 2154 803 2198 sapientia,
821 2156 859 2187 et
876 2150 1261 2187 exterminabtmzm?
1325 2149 1431 2185 Huic
1448 2155 1661 2195 praecepto
1678 2154 1834 2194 patrum

336 2211 566 2240 nostrorum
589 2205 841 2240 obedivimus
868 2212 914 2240 ut
940 2204 1020 2245 filii,
1044 2211 1084 2239 et
1110 2203 1359 2250 percepimus
1380 2203 1587 2238 veritatem
1616 2201 1713 2248 ejus,
1734 2211 1836 2246 quae

336 2264 408 2297 est.
428 2258 533 2304 quod
552 2265 746 2304 quantum
765 2258 854 2304 quis
873 2264 981 2293 amat
998 2257 1213 2303 conjugem
1233 2257 1371 2305 solam,
1386 2262 1543 2291 tantum
1562 2255 1632 2290 fiat
1650 2252 1834 2289 caelestis

336 2317 377 2347 et
397 2311 594 2351 internus;
621 2318 661 2346 et
675 2312 782 2357 quod
803 2318 997 2357 quantum
1018 2311 1106 2356 quis
1126 2321 1206 2345 non
1225 2317 1333 2345 amat
1351 2309 1564 2354 conjugem
1583 2307 1720 2346 solam,
1738 2313 1827 2342 tan-

335 2372 422 2399 tum
443 2363 512 2399 fiat
530 2365 721 2399 naturalis
742 2371 782 2399 et
800 2371 1006 2405 externus;
1037 2371 1077 2399 et
1104 2363 1168 2398 hic
1189 2374 1270 2398 n-on
1289 2369 1395 2398 amat
1413 2362 1487 2397 nisi
1510 2372 1551 2396 se
1576 2367 1617 2395 et
1643 2358 1835 2405 imagines

338 2417 484 2452 mentis
501 2428 607 2457 suae,
626 2424 666 2452 et
685 2417 749 2452 hic
767 2424 828 2452 est
845 2428 984 2452 vecors
1002 2424 1042 2452 et
1061 2417 1218 2451 stultus.
1272 2415 1330 2450 Ex
1348 2415 1409 2450 his
1427 2421 1498 2454 est,
1516 2413 1621 2459 quod
1639 2423 1778 2448 omnes
1793 2411 1834 2446 in

337 2470 416 2506 hoc
433 2470 544 2505 caelo
559 2470 786 2516 monogami
800 2470 945 2505 simus:
971 2476 1011 2504 et
1029 2469 1123 2515 quia
1140 2469 1240 2504 tales
1254 2479 1401 2507 sumus,
1415 2468 1507 2502 ideo
1520 2476 1660 2501 omnes
1673 2464 1834 2500 termini

338 2523 464 2559 nostri
486 2523 583 2558 caeli
610 2534 633 2557 a
658 2523 892 2569 polygamis,
911 2522 1113 2562 adulteris,
1132 2528 1171 2557 et
1194 2521 1492 2559 scortatoribus,
1510 2518 1701 2554 custoditi
1723 2524 1836 2553 sunt:

337 2577 370 2612 si
383 2575 583 2623 polygami
597 2575 801 2615 invadunt,
814 2575 1028 2620 ejiciuntur
1040 2575 1078 2609 in
1089 2575 1273 2609 tenebras
1284 2571 1588 2619 septentrionis:
1609 2571 1640 2606 si
1654 2570 1835 2610 adulteri,

337 2630 553 2676 ejiciuntur
573 2629 612 2664 in
634 2628 745 2664 focos
765 2628 1004 2669 occidentis;
1038 2635 1078 2664 et
1103 2628 1136 2663 si
1162 2634 1410 2666 scortatores,
1428 2625 1642 2672 ejiciuntur
1667 2623 1706 2658 in
1728 2623 1838 2659 luces

338 2682 468 2718 fatuas
485 2681 700 2718 meridiei.''

413 2735 488 2771 His
506 2735 654 2771 auditis
672 2734 860 2780 quaesivi,
883 2734 980 2780 quid
1000 2744 1070 2779 per
1086 2733 1271 2768 tenebras
1289 2730 1583 2778 septentrionis,
1602 2729 1713 2766 focos
1730 2729 1836 2765 occi-

339 2788 483 2829 dentis,
501 2795 540 2824 et
559 2788 667 2823 luces
685 2787 815 2822 fatuas
834 2787 1013 2822 meridiei
1035 2785 1233 2831 intelligit.

413 2841 647 2887 Respondit,
659 2841 765 2887 quod
778 2841 965 2875 tenebrae
979 2838 1261 2885 septentrionis
1274 2837 1354 2873 sint
1368 2836 1668 2872 [¹1hebetudines
1680 2835 1835 2874 mentis.

338 2905 385 2930 ac
404 2894 650 2941 ignorantiae
663 2893 900 2934 veritatum:
926 2892 1033 2938 quod
1053 2891 1130 2927 foci
1149 2890 1369 2926 occidentis
1384 2890 1463 2925 sint
1481 2900 1637 2924 amores
1655 2888 1768 2928 mali:
1794 2894 1837 2923 et

338 2948 447 2993 quod
466 2948 574 2983 luces
592 2947 725 2982 fatuae
739 2945 925 2982 meridiei
936 2946 1017 2981 sint
1035 2944 1330 2980 falsificationes
1348 2942 1451 2984 veri:
1477 2943 1552 2978 hae
1571 2949 1663 2978 sunt
1683 2947 1833 2978 scorta-

345 3002 476 3037 tiones
495 3000 730 3048 spirituales.
