2014 3386
315 341 401 373 200
778 340 1018 372 DELICIAE
1052 340 1355 374 SAPIENTIAE

313 461 467 497 autem
505 468 596 496 non
633 454 767 496 datur
803 454 1102 509 inaequalitas
1139 461 1358 504 aetatum,
1398 469 1481 497 nec
1519 456 1809 510 dignitatum,

313 532 459 573 neque
491 518 855 572 opulentiarum:
902 519 1053 572 quoad
1094 525 1287 568 aetates,
1320 519 1381 560 ibi
1417 533 1578 561 omnes
1618 521 1663 561 in
1702 520 1812 562 flore

307 582 560 635 juventutis
586 588 706 631 sunt,
734 588 782 623 et
817 582 861 622 in
888 582 966 623 illo
993 589 1264 635 permanent
1290 583 1335 623 in
1361 589 1627 634 aeternum;
1659 584 1810 638 quoad

310 646 578 700 dignitates,
606 643 819 699 spectant
850 658 1011 686 omnes
1042 645 1103 686 ibi
1135 645 1248 687 alios
1279 646 1529 687 secundum
1561 659 1666 687 usus
1697 660 1810 700 quos

310 715 562 761 praestant,
596 709 921 750 eminentiores
963 709 1229 750 conditione
1269 710 1500 751 inferiores
1542 716 1591 751 ut
1632 710 1807 759 fratres,

310 785 394 813 nec
437 778 724 826 praeponunt
764 773 1041 826 dignitatem
1073 773 1383 826 praestantiae
1414 787 1533 822 usuS,
1566 773 1648 814 sed
1690 773 1807 815 hanc

309 835 400 887 illi;
443 842 490 877 et
523 849 701 890 quoque
727 849 830 877 cum
856 836 1056 889 virgines
1082 835 1252 876 dantur
1277 836 1453 889 nuptui,
1482 849 1574 877 non
1601 837 1751 878 sciunt
1782 851 1807 878 e

309 913 398 953 quo
425 906 674 940 stemmate
700 905 832 951 sunt;
870 912 1006 940 nemo
1031 900 1151 940 enim
1175 899 1235 940 ibi
1267 900 1354 940 scit
1386 906 1562 952 patrem
1595 913 1724 941 suum
1760 901 1807 941 in

308 969 444 1012 terra,
473 963 555 1003 sed
588 963 812 1004 Dominus
844 969 915 1004 est
947 963 1148 1003 omnium
1176 963 1334 1004 Pater:
1368 963 1518 1016 quoad
1549 963 1807 1016 opulentias

308 1027 539 1078 similiter3
571 1026 657 1068 hae
683 1032 788 1068 sunt
813 1027 872 1067 ibi
894 1026 1027 1068 dotes
1049 1027 1254 1080 sapiendi
1275 1040 1284 1077 ;
1317 1027 1566 1068 secundum
1588 1027 1670 1068 has
1690 1028 1806 1068 dan-

307 1097 381 1131 tur
411 1089 500 1131 illis
527 1104 638 1143 opes
669 1091 715 1131 in
747 1089 1043 1131 sufficientia:
1077 1090 1310 1144 quomodo
1332 1090 1569 1131 initiantur
1594 1090 1806 1145 conjugia

305 1154 380 1203 ibi,
408 1154 618 1195 videatur
643 1167 778 1207 supra
807 1152 869 1207 (n.
897 1152 1015 1207 229).

392 1227 513 1271 251.
551 1216 670 1271 (XV.)
708 1216 836 1268 Quod
870 1231 1030 1258 causae
1059 1215 1394 1268 separationum
1423 1216 1558 1258 etiam
1588 1216 1682 1258 sint
1710 1217 1804 1259 -ali-

305 1280 669 1334 quae—Dantur
686 1281 1000 1334 separationes
1017 1294 1042 1320 a
1064 1286 1180 1328 toro,
1201 1285 1247 1321 et
1264 1280 1575 1333 separationes
1596 1294 1623 1321 a
1639 1280 1803 1332 domo;

303 1356 467 1384 causae
493 1344 831 1397 separationum
857 1357 884 1384 a
909 1350 1011 1385 toro
1038 1349 1143 1384 sunt
1169 1342 1334 1396 plures,
1361 1344 1529 1397 pariter
1554 1344 1804 1397 separatio·

304 1419 385 1447 nes
407 1420 434 1448 a
456 1406 592 1447 domo
610 1420 620 1458 ;
652 1407 733 1448 sed
755 1407 826 1448 hic
844 1408 906 1448 de
929 1407 1145 1460 legitimis
1165 1407 1330 1460 agitur.
1393 1406 1619 1460 Quoniam
1641 1421 1804 1450 causae

303 1471 604 1524 separationis
622 1471 885 1512 coincidunt
908 1483 1010 1512 cum
1032 1471 1179 1511 causis
1198 1470 1543 1519 concubinatus,
1563 1471 1620 1512 de
1642 1471 1803 1525 quibus

302 1535 347 1575 in
373 1540 594 1588 sequente
621 1540 750 1587 parte
776 1533 905 1587 hujus
930 1534 1078 1587 operis
1109 1534 1154 1574 in
1180 1547 1261 1574 suo
1287 1534 1452 1587 capite,
1476 1534 1580 1575 ideo
1605 1534 1802 1575 remitti·-

302 1605 376 1639 tur
406 1597 512 1639 illuc
544 1596 702 1647 lector,
736 1603 785 1639 ut
816 1598 972 1639 videat
1004 1611 1163 1639 causas
1200 1598 1245 1638 in
1282 1611 1364 1638 suo
1394 1598 1565 1638 ordine.
1627 1596 1802 1639 Causae

302 1662 534 1715 legitimae
561 1662 861 1714 separationis
887 1667 992 1702 sunt
1019 1675 1134 1715 quae
1159 1667 1422 1715 sequuntur.

385 1735 509 1779 252.
544 1723 678 1779 (xvi.)
715 1723 844 1775 Quod
872 1724 1031 1777 prima
1070 1737 1206 1765 causa
1245 1723 1470 1777 legitimae
1499 1722 1801 1777 separationis

301 1787 364 1828 sit
386 1788 544 1828 vitium
569 1787 742 1835 mentis,
771 1793 842 1829 est
868 1788 971 1841 quia
996 1801 1124 1828 amor
1150 1786 1416 1840 conjugialis
1445 1793 1516 1828 est
1543 1785 1799 1840 conjunctio

300 1851 534 1900 mentium,
555 1865 693 1905 quare
716 1851 752 1891 si
775 1852 902 1891 unius
925 1864 1052 1891 mens
1078 1850 1136 1891 ab
1157 1850 1344 1891 alterius
1366 1851 1410 1891 in
1433 1851 1661 1891 diversum
1687 1850 1797 1899 abit,

299 1914 491 1956 solvitur
522 1914 599 1955 illa
630 1913 903 1968 conjunctio,
932 1921 979 1955 et
1012 1927 1113 1955 cum
1138 1913 1223 1954 hac
1250 1913 1437 1955 facescit
1463 1926 1604 1955 amor.
1666 1912 1798 1967 Quae

297 1978 410 2020 vitia
448 1984 678 2032 separant,
721 1992 781 2018 ex
826 1978 1090 2018 recensione
1129 1977 1311 2018 illorum
1356 1983 1568 2021 constare
1614 1984 1769 2030 potest
1785 1991 1797 2029 ;

296 2047 404 2083 sunt
430 2042 584 2095 itaque
610 2041 759 2095 quoad
787 2040 961 2094 plurem
987 2046 1164 2094 partem
1191 2039 1304 2081 haec
1328 2052 1338 2080 ε
1371 2041 1535 2089 mania,
1560 2040 1795 2093 phrenitis,

298 2106 494 2154 vesania,
514 2103 702 2146 actualis
724 2103 920 2145 stultitia
941 2110 988 2145 et
1009 2103 1208 2152 fatuitas,
1223 2101 1396 2156 jaetura
1413 2104 1671 2150 memoriae.
1692 2116 1796 2157 gra-

297 2169 365 2210 vis
397 2169 578 2210 morbus
610 2167 890 2221 hystericus;
935 2173 1147 2208 extrema
1177 2166 1446 2219 simplicitas
1486 2173 1535 2208 ut
1581 2166 1705 2208 nulla
1736 2167 1796 2209 sit

298 2232 532 2285 perceptio
562 2231 669 2272 boni
709 2238 756 2272 et
796 2231 919 2281 veri;
964 2243 1140 2271 summa
1170 2230 1400 2270 obnixitas
1432 2243 1523 2270 non
1555 2230 1796 2283 obtempe-

297 2295 427 2337 randi
440 2295 564 2349 justo
581 2302 626 2336 et
644 2308 790 2348 aequo
807 2308 817 2345 3
850 2307 1027 2335 summa
1042 2293 1254 2347 voluptas
1271 2294 1497 2346 garriendi
1516 2300 1562 2334 et
1581 2293 1795 2348 loquendi

299 2372 390 2400 non
422 2359 505 2400 nisi
537 2372 671 2413 quam
697 2358 918 2411 vilipensa
949 2363 996 2399 et
1028 2370 1199 2410 nugas;
1237 2356 1420 2398 infrenis
1446 2357 1670 2409 cupiditas
1695 2357 1793 2398 vul·

297 2423 436 2477 gandi
458 2429 637 2463 secreta
658 2423 834 2471 domus,
854 2428 951 2463 tum
974 2420 1197 2474 litigandi,
1218 2420 1499 2470 verberandi,
1518 2421 1791 2470 vindicandi,

297 2485 626 2535 malefaciendi,
659 2486 847 2534 furandi,
881 2484 1148 2533 mentiendi,
1182 2483 1382 2532 fallendi,
1416 2483 1790 2537 blasphemandi;

296 2550 465 2590 incuria
482 2549 718 2597 infantum,
735 2548 1099 2601 intemperantia,
1119 2546 1309 2595 luxuria,
1326 2547 1462 2587 nimia
1479 2546 1790 2600 prodigalitas,

261 2628 263 2630 ’
297 2613 508 2661 ebrietas,
537 2605 837 2660 immunditia,
865 2610 1158 2664 impudicitia,
1186 2609 1432 2662 applicatio
1457 2610 1514 2650 ad
1541 2610 1719 2663 magica
1743 2616 1791 2651 et

296 2676 579 2729 praestigias,
604 2675 815 2728 impietas
835 2688 845 2726 3
873 2680 1053 2728 praeter
1074 2673 1214 2727 plura.
1276 2673 1358 2714 Per
1380 2673 1610 2726 legitimas
1631 2685 1790 2714 causas

296 2740 368 2781 hic
401 2752 492 2780 non
524 2737 843 2792 intelliguntur
863 2737 1112 2791 judiciales,
1139 2736 1219 2777 sed
1252 2735 1484 2789 legitimae
1516 2735 1648 2776 alteri
1678 2748 1789 2777 con—

291 2803 412 2858 jugi;
445 2802 756 2856 separationes
781 2815 809 2843 a
834 2802 972 2843 domo
997 2814 1098 2842 raro
1123 2801 1263 2841 etiam
1289 2799 1401 2841 fiunt
1423 2813 1449 2840 a
1469 2799 1632 2853 judice.

380 2876 505 2921 253.
541 2864 690 2920 (xvii.)
727 2865 855 2916 Quod
871 2864 1061 2906 secunda
1084 2877 1219 2904 causa
1244 2862 1471 2915 legitimae
1490 2860 1788 2914 separationis

295 2930 359 2971 sit
386 2930 544 2971 vitium
573 2929 930 2982 corp0r2·s.—Per
966 2927 1077 2969 vitia
1108 2927 1307 2979 corporis
1349 2939 1440 2967 non
1471 2924 1789 2978 intelliguntur

297 2993 441 3034 morbi
467 2991 790 3042 accidentales,
814 2992 888 3046 qui
914 2991 989 3032 uni
1012 2989 1085 3032 vel
1109 2989 1240 3031 alteri
1263 2988 1443 3042 conjugi
1469 2989 1587 3030 intra
1608 2994 1787 3040 tempus
