2014 3386
312 325 392 380 176
741 335 983 369 DELICIAE
1015 335 1318 369 SAPIENTIAE

306 455 393 498 tur,
431 448 548 490 foret
583 448 700 490 sicut
736 448 801 490 illi
838 463 863 490 e
906 448 1035 490 caelo
1074 447 1388 502 dejicerentur.
1450 447 1609 502 Qualis
1649 454 1800 492 status

307 511 575 566 conjugibus
616 513 660 553 in
702 512 831 554 caelo
868 518 953 562 est,
993 513 1099 553 dum
1138 513 1314 553 excidit
1352 513 1581 554 mentibus
1618 512 1799 555 illorum

306 576 409 617 idea
430 576 619 625 aeterni,
644 589 696 617 ac
724 575 827 616 loco
853 575 946 628 ejus
972 576 1074 616 idea
1099 576 1362 629 temporarii
1387 576 1561 625 incidit,
1585 576 1705 630 apud
1727 589 1801 618 me

306 639 351 679 in
378 638 668 693 propatulum
695 639 821 680 venit
848 652 908 679 ex
934 638 1019 680 hac
1046 639 1332 692 experientia
1348 652 1418 679 :—

378 744 591 792 Quondam
611 745 691 780 duo
708 745 901 792 conjuges
919 757 968 781 ex
985 745 1078 781 data
1095 745 1213 781 venia
1233 746 1338 791 apud
1361 757 1423 781 me
1443 757 1465 781 e
1486 745 1598 782 caelo
1618 752 1742 787 erant,
1761 752 1803 782 et

307 805 404 834 tunc
422 809 445 833 a
457 799 631 844 quodam
648 799 845 834 nebulone
859 805 991 834 astute
1006 798 1195 844 loquente
1213 799 1370 834 sublata
1383 806 1444 834 est
1459 799 1534 834 illis
1550 799 1639 834 idea
1650 798 1803 834 aeterni

308 852 357 886 de
375 851 586 897 conjugio:
612 852 839 897 quaablata
860 851 1093 896 inceperunt
1111 851 1270 897 ejulare,
1290 852 1468 887 dicentes
1486 853 1594 898 quod
1613 863 1694 887 non
1713 863 1804 898 pos-

308 905 389 939 sint
414 905 549 940 vivere
574 904 755 950 amplius,
782 911 823 939 et
849 904 956 950 quod
984 915 1214 939 aerumnam
1242 905 1427 944 sentiant,
1454 916 1572 951 quam
1599 915 1803 951 nunquam

310 957 438 1003 prius:
469 968 550 1003 quo
577 964 766 1003 percepto
791 968 815 992 a
839 957 1044 1003 coangelis
1073 957 1111 992 in
1138 957 1261 998 caelo,
1288 964 1465 993 remotus
1490 965 1553 993 est
1579 958 1736 998 nebulo,
1763 963 1805 993 et

309 1009 509 1056 dejectu&
535 1021 615 1056 quo
634 1009 751 1050 faEto,
770 1009 949 1045 astutum
969 1010 1088 1045 rediit
1107 1010 1183 1045 illis
1206 1010 1295 1046 idea
1311 1011 1473 1050 aeterni,
1495 1021 1544 1046 ex
1561 1021 1642 1057 qua
1662 1010 1805 1046 laetifi-

308 1063 385 1099 cati
404 1070 498 1098 sunt
515 1063 668 1098 laetitia
680 1063 822 1104 cordis,
837 1074 883 1098 ac
902 1063 1114 1099 tenerrime
1129 1074 1171 1099 se
1186 1070 1327 1098 mutuo
1341 1063 1511 1109 amplexi
1530 1070 1634 1099 sunt.
1686 1063 1806 1099 Prae-

309 1123 369 1151 ter
387 1116 496 1156 haec,
515 1116 649 1151 audivi
676 1117 778 1151 duos
800 1116 1003 1162 conjuges,
1022 1116 1089 1162 qui
1112 1116 1162 1151 de
1183 1117 1373 1162 conjugio
1395 1127 1468 1152 suo
1490 1127 1595 1151 nunc
1620 1115 1806 1152 foverunt

310 1169 439 1204 ideam
454 1169 615 1209 aeterni,
632 1180 737 1204 nunc
756 1169 887 1204 ideam
902 1169 1155 1214 temporarii;
1181 1180 1300 1204 causa
1314 1169 1399 1209 fuit,
1414 1169 1507 1215 quia
1520 1169 1806 1204 dissimilitudo

310 1222 466 1257 interna
485 1222 560 1258 illis
579 1222 730 1257 inerat:
756 1222 796 1256 hi
819 1233 910 1257 curn
930 1222 968 1256 in
989 1222 1077 1257 idea
1094 1222 1244 1257 aeterni
1271 1228 1395 1261 erant,
1415 1221 1519 1257 inter
1539 1233 1581 1257 se
1602 1221 1806 1258 laetificati

310 1282 413 1315 sunt,
432 1282 473 1310 at
490 1286 580 1310 cum
604 1275 642 1310 in
666 1275 754 1310 idea
774 1275 1015 1320 temporarii,
1035 1275 1232 1316 dixerunt,
1252 1274 1375 1310 “Non
1397 1281 1458 1310 est
1479 1275 1649 1320 amplius
1667 1275 1807 1321 conju-

310 1328 463 1374 gium;'’
489 1335 530 1363 et
555 1339 665 1368 uxor,
686 1328 809 1363 “Non
837 1339 924 1363 sum
951 1327 1120 1373 amplius
1147 1338 1256 1369 uxor,
1279 1328 1348 1363 sed
1375 1327 1640 1370 concubina;''
1664 1338 1711 1364 ac
1735 1327 1806 1368 vir,

311 1381 436 1416 “Non
456 1392 544 1416 sum
563 1380 735 1426 amplius
762 1381 936 1421 maritus,
956 1381 1026 1416 sed
1053 1380 1244 1416 moechus
1257 1381 1287 1416 :''
1314 1392 1436 1426 quare
1463 1381 1558 1415 dum
1584 1387 1722 1427 aperta
1745 1387 1808 1417 est

312 1434 388 1469 illis
414 1434 700 1469 dissimilitudo
727 1434 894 1474 interna,
913 1434 1039 1469 abivit
1055 1433 1116 1468 vir
1132 1445 1156 1469 a
1174 1434 1348 1474 muliere,
1367 1440 1407 1469 et
1429 1434 1570 1468 mulier
1590 1445 1613 1468 a
1632 1433 1740 1475 viro:
1765 1439 1808 1469 at

313 1494 462 1533 postea,
484 1486 578 1533 quia
602 1487 761 1532 utrique
788 1486 863 1522 fuit
889 1486 978 1522 idea
1003 1486 1155 1522 aeterni
1181 1487 1230 1522 de
1256 1487 1459 1533 conjugio,
1478 1486 1811 1522 consociabantur

311 1540 562 1586 comparibus
581 1540 866 1576 similitudinis.

313 1653 387 1694 Ex
421 1652 491 1694 his
529 1659 686 1706 potest
724 1652 845 1694 clare
875 1652 1032 1702 videri,
1066 1651 1187 1706 quod
1224 1651 1302 1700 illi,
1336 1652 1410 1706 qui
1441 1652 1485 1692 in
1517 1664 1670 1693 amore
1701 1666 1806 1694 vere

312 1716 555 1770 conjugiali
578 1723 697 1766 sunt,
718 1715 928 1770 speffitent
950 1722 1188 1757 aeternum
1206 1730 1215 1766 ;
1248 1723 1294 1756 et
1314 1715 1450 1769 quod,
1470 1716 1506 1755 si
1523 1713 1643 1756 ¹¹¹hoc
1663 1714 1806 1756 elabi-

314 1786 386 1820 tur
417 1794 476 1821 ex
514 1781 685 1820 intimis
717 1794 741 1820 e
774 1780 1073 1832 cogitatione,
1108 1780 1391 1820 disuniantur
1422 1778 1572 1832 quoad
1603 1791 1807 1820 amorem

313 1843 633 1896 conjugialem,
662 1850 891 1896 utcunque
924 1856 1014 1883 non
1047 1842 1178 1883 simul
1205 1843 1354 1896 quoad
1387 1842 1660 1892 amicitiam;
1693 1841 1805 1883 haec

314 1907 434 1947 enim
471 1906 650 1947 habitat
683 1907 727 1947 in
761 1907 980 1954 externis,
1015 1906 1091 1946 ille
1123 1912 1276 1946 autern
1309 1906 1352 1946 in
1384 1905 1589 1946 internis.
1650 1903 1807 1946 Simile

315 1976 385 2010 est
418 1970 462 2010 in
495 1969 715 2023 conjugiis
747 1983 880 2022 super
906 1969 1061 2009 terris:
1096 1968 1312 2021 conjuges
1338 1968 1412 2016 ibi,
1441 1969 1547 2008 dum
1574 1982 1623 2008 se
1649 1974 1807 2009 tenere

315 2039 487 2081 amant,
512 2033 722 2085 cogitant
750 2038 985 2072 aeternum
1013 2031 1069 2072 de
1095 2031 1291 2079 foedere,
1319 2037 1366 2072 et
1394 2044 1575 2084 prorsus
1607 2043 1698 2072 non
1724 2031 1807 2071 ali·

315 2095 420 2149 quid
449 2095 506 2136 de
533 2095 619 2135 fine
646 2094 737 2148 ejus
765 2109 843 2148 per
865 2100 1060 2135 mortem
1082 2108 1090 2144 ;
1122 2101 1169 2135 et
1197 2095 1231 2134 si
1263 2095 1319 2135 de
1346 2094 1445 2141 hac,
1471 2093 1642 2142 dolent,
1667 2106 1808 2148 usque

315 2159 623 2201 refocillantur
654 2172 733 2212 spe
770 2172 832 2199 ex
866 2158 1146 2211 cogitatione
1184 2158 1541 2199 continuationis
1577 2157 1669 2210 ejus
1702 2163 1807 2211 post

316 2223 505 2264 obitum.
1814 2269 1817 2273 .

399 2286 693 2333 216ssecundo].
728 2282 840 2338 (vii.)
878 2283 1006 2335 Quod
1030 2285 1158 2325 amor
1179 2283 1443 2338 conjugz‘alz's
1465 2282 1659 2324 resideat
1687 2282 1810 2336 apud

315 2362 474 2390 uxores
495 2354 642 2388 castas
655 2362 675 2395 ‚·
706 2348 788 2388 sed
803 2348 921 2401 quod
937 2362 1063 2389 amor
1083 2347 1264 2388 illarum
1286 2347 1525 2400 dependeat
1545 2361 1573 2388 a
1595 2347 1776 2388 maritis
1787 2361 1808 2395 ,-

316 2426 453 2454 causa
479 2418 563 2458 est.
589 2412 692 2464 quia
718 2425 885 2452 uxores
912 2418 1017 2452 sunt
1045 2418 1180 2452 natae
1204 2424 1396 2459 amoreS,
1421 2418 1466 2451 et
1494 2410 1598 2451 inde
1620 2410 1805 2451 insitum

316 2482 388 2516 est
414 2475 515 2523 illis,
544 2474 663 2515 velle
691 2488 826 2514 unum
853 2488 952 2515 esse
979 2487 1079 2514 cum
1107 2475 1295 2522 maritis,
1324 2480 1370 2514 et
1398 2488 1456 2514 ex
1483 2473 1567 2514 hac
1594 2472 1807 2514 volunta·

317 2539 376 2580 tis
399 2552 504 2579 suae
528 2538 810 2590 cogitatione
829 2538 1041 2578 continue
1066 2535 1238 2578 laCtant
1262 2550 1463 2578 amorem
1483 2549 1637 2586 suum;
1670 2549 1807 2590 quare

316 2601 529 2643 recedere
561 2614 587 2641 a
613 2607 781 2641 conatu
808 2601 990 2641 uniendi
1022 2614 1069 2641 se
1097 2600 1283 2648 maritis,
1307 2600 1422 2641 foret
1448 2599 1659 2640 recedere
1684 2612 1711 2640 a
1735 2611 1807 2639 se·

318 2664 550 2717 metipsis:
584 2663 717 2704 aliter
741 2664 916 2714 mariti;
949 2663 994 2704 hi
1016 2664 1119 2717 quia
1145 2676 1234 2703 non
1255 2664 1353 2704 nati
1379 2670 1483 2704 sunt
1507 2675 1699 2710 amores,
1726 2660 1808 2702 sed

319 2728 592 2780 recipientes
624 2726 741 2767 illius
767 2728 932 2767 amoris
964 2727 1021 2767 ab
1053 2726 1283 2774 uxoribus,
1312 2726 1415 2767 ideo
1441 2732 1661 2779 quantum
1693 2724 1807 2766 reci-

319 2792 448 2844 piunt
478 2790 620 2838 illum,
654 2796 834 2830 tantum
867 2803 1034 2830 uxores
1066 2802 1165 2830 cum
1200 2802 1354 2830 amore
1391 2803 1472 2830 suo
1508 2790 1712 2839 intrant;
1757 2793 1807 2829 at

319 2859 540 2907 quantum
581 2865 671 2893 non
706 2853 942 2905 recipiunt,
975 2858 1154 2893 tantum
1187 2866 1353 2892 uxores
1395 2865 1495 2893 cum
1532 2865 1685 2892 amore
1724 2864 1807 2891 suo

318 2917 424 2958 foris
450 2921 589 2964 stant,
617 2921 663 2956 et
690 2914 988 2969 exspectant:
1028 2921 1075 2957 at
1107 2915 1193 2956 hoc
1221 2914 1270 2956 fit
1302 2916 1419 2968 apud
1447 2929 1614 2956 uxores
1637 2920 1804 2964 castas,

319 2980 452 3022 aliter
483 2978 602 3032 apud
633 2979 847 3020 incastas.
909 2979 983 3020 Ex
1015 2979 1084 3020 his
1116 2985 1316 3028 constat,
1342 2979 1462 3033 quod
1494 2991 1620 3020 amor
1651 2976 1805 3031 conju-
