2014 3386
513 348 581 381 DE
614 348 792 382 AMORE
823 344 1296 380 SCORTAToR1o.—N.
1326 334 1418 388 526.
1525 354 1529 358 ·
1628 345 1711 389 403

220 463 307 505 hoc
335 461 414 504 fiat
441 475 520 516 per
545 463 688 504 vitam
711 461 960 510 secundum
983 466 1230 515 praecepta
1253 458 1438 501 Domini
1457 472 1466 510 ;
1500 458 1598 516 quis
1620 471 1712 500 non

216 528 357 576 videt,
386 526 506 580 quod
533 526 647 568 haec
674 526 909 567 innovatio
935 538 1026 566 non
1051 524 1145 565 fieri
1171 524 1318 577 possit
1344 523 1429 563 nisi
1454 536 1480 563 a
1507 528 1714 575 tempore

217 591 261 631 in
293 596 490 643 tempus,
522 591 602 630 vix
633 589 765 630 aliter
795 601 931 643 quam
963 588 1080 629 sicut
1111 587 1368 628 successive
1398 585 1629 626 radicatur
1665 590 1714 626 et

216 653 383 694 crescit
409 653 544 693 arbor
574 666 601 694 a
632 653 819 701 semine,
847 658 895 694 et
927 650 1186 706 perficitur?
1245 649 1320 691 Illi
1351 649 1427 703 qui
1452 649 1586 690 aliter
1610 662 1714 702 per-

215 717 387 771 cipiunt
410 717 824 769 regenerationem,
848 729 940 756 non
966 715 1115 756 sciunt
1137 713 1307 767 aliquid
1334 713 1391 754 de
1419 718 1542 753 statu
1564 711 1712 752 homi-

216 780 299 828 nis,
333 792 417 820 nec
448 779 619 831 aliquid
658 779 715 820 de
756 778 878 819 malo
917 783 966 820 et
1004 778 1141 827 bono,
1174 776 1296 831 quod
1335 775 1448 816 haec
1490 775 1581 815 duo
1621 775 1714 815 sint

216 856 401 896 prorsus
432 841 660 896 opposita,
694 848 742 883 et
783 841 904 895 quod
936 841 1107 882 bonum
1148 853 1239 882 non
1276 840 1421 894 possit
1451 837 1714 892 implantari

215 906 299 946 nisi
325 912 546 959 quantum
573 911 835 946 removetur
860 903 1057 955 malum;
1100 916 1182 946 nec
1216 904 1366 944 sciunt
1398 903 1521 956 quod
1553 914 1712 956 quam-

214 968 290 1009 diu
315 969 414 1022 quis
439 969 484 1009 in
512 968 635 1009 malo
661 974 748 1017 est,
776 973 1012 1008 aversetur
1035 967 1206 1008 bonum
1232 966 1353 1020 quod
1384 967 1429 1006 in
1461 980 1510 1007 se
1541 965 1711 1006 bonum

213 1037 312 1082 est;
346 1045 484 1085 quare
507 1032 543 1072 si
568 1031 738 1072 bonum
760 1032 890 1072 unius
913 1030 1284 1072 transferreretur
1309 1030 1354 1071 in
1381 1029 1610 1084 quendam
1637 1029 1712 1083 qui

213 1095 258 1134 in
299 1094 424 1135 malo
460 1101 547 1142 est,
580 1094 700 1135 foret
737 1095 854 1135 sicut
885 1107 1031 1147 agnus
1062 1093 1367 1146 conjiceretur
1398 1100 1551 1134 coram
1588 1092 1711 1145 lupo,

213 1164 291 1198 aut
324 1158 441 1199 sicut
473 1158 722 1211 margarita
747 1157 1018 1210 alligaretur
1049 1157 1230 1197 naribus
1262 1157 1414 1210 porci:
1458 1170 1518 1197 ex
1550 1157 1713 1211 quibus

213 1227 361 1274 patet,
390 1222 511 1275 quod
538 1222 836 1275 transcriptio
862 1220 1156 1275 impossibilis
1182 1221 1257 1261 sit.

296 1286 429 1337 526.
463 1284 561 1339 (iii.)
599 1284 729 1335 Quod
739 1285 988 1337 imputatio,
1007 1284 1053 1325 si
1063 1290 1149 1336 per
1167 1283 1293 1324 illam
1309 1282 1584 1337 intelligitur
1604 1282 1712 1324 talis

213 1348 528 1401 transcriptio,
561 1348 626 1389 sit
653 1362 742 1389 vox
758 1346 1150 1400 frz‘vola.—Quod
1182 1347 1342 1400 cuique
1374 1353 1481 1400 post
1513 1353 1711 1388 mortem

212 1410 462 1464 imputetur
492 1410 663 1452 malum
703 1412 748 1452 in
780 1424 869 1464 quo
900 1417 986 1460 est,
1020 1410 1229 1451 similiter
1260 1410 1445 1459 bonum,
1478 1423 1613 1463 supra
1647 1409 1711 1463 (n.

214 1472 315 1527 524)
354 1473 724 1515 demonstratum
761 1480 861 1525 est;
908 1474 1013 1515 inde
1061 1479 1248 1514 constat
1293 1473 1400 1526 quid
1438 1472 1712 1525 intelligitur

210 1550 291 1589 per
329 1537 708 1590 imputationem:
756 1543 805 1578 at
845 1537 882 1578 si
923 1550 1003 1590 per
1038 1537 1392 1590 imputationem
1433 1536 1710 1589 intelligitur

210 1600 506 1653 transcriptio
536 1600 645 1641 boni
676 1600 721 1641 in
753 1601 1012 1654 quempiam
1044 1601 1119 1654 qui
1160 1600 1204 1640 in
1236 1599 1358 1640 malo
1391 1606 1476 1648 est,
1512 1606 1582 1640 est
1614 1613 1709 1640 vox

210 1662 385 1712 frivola,
419 1663 523 1716 quia
554 1663 863 1716 impossibilis,
891 1668 941 1704 ut
986 1676 1165 1717 quoque
1197 1675 1307 1703 mox
1340 1676 1475 1716 supra
1508 1661 1570 1715 (n.
1607 1662 1707 1716 525)

209 1725 577 1767 demonstratum
592 1733 678 1768 est.
732 1726 784 1767 In
802 1727 973 1768 mundo
990 1727 1048 1767 ab
1065 1726 1324 1767 hominibus
1340 1732 1532 1779 possunt
1547 1727 1712 1767 merita

210 1789 338 1843 quasi
369 1790 625 1837 transcribi,
659 1790 746 1831 hoc
778 1796 865 1839 est,
892 1788 1106 1831 benefieri
1138 1789 1290 1830 liberis
1323 1795 1513 1843 propter
1544 1802 1709 1843 paren-

212 1858 299 1901 tes,
323 1860 402 1895 aut
423 1853 580 1895 amicis
603 1852 834 1906 cujusdam
857 1853 1039 1895 clientis
1062 1867 1122 1894 ex
1144 1852 1298 1894 favore
1316 1866 1331 1903 ς’
1358 1865 1516 1894 verum
1538 1852 1709 1893 bonum

209 1917 359 1958 meriti
399 1929 491 1957 non
532 1923 687 1970 potest
727 1917 909 1958 inscribi
949 1916 1186 1958 animabus
1218 1916 1414 1965 illorum,
1442 1916 1523 1957 sed
1560 1916 1708 1956 solum

209 1979 495 2021 extrinsecus
517 1979 728 2033 adjungi:
763 1980 910 2021 simile
934 1993 1027 2021 non
1049 1979 1202 2021 dabile
1225 1986 1296 2021 est
1323 1993 1426 2021 cum
1449 1979 1708 2021 hominibus

208 2042 358 2095 quoad
380 2043 523 2084 vitam
545 2042 725 2084 illorum
748 2043 1059 2097 spiritualem;
1092 2043 1220 2092 haec,
1245 2049 1294 2084 ut
1317 2057 1451 2097 supra
1470 2049 1708 2084 ostensum

207 2110 294 2154 est,
318 2105 635 2160 implantanda
660 2112 759 2157 est;
794 2120 910 2160 quae
942 2107 979 2147 si
1010 2120 1102 2147 non
1129 2106 1431 2160 implantatur
1457 2120 1536 2160 per
1561 2107 1707 2147 vitam

207 2170 458 2210 secundum
484 2167 769 2224 [¹]praecepta
801 2170 987 2212 Domini
1018 2184 1154 2224 supra
1185 2176 1456 2219 memorata,
1489 2169 1629 2210 homo
1661 2170 1707 2210 in

209 2232 346 2280 malo,
370 2233 415 2273 in
441 2247 530 2287 quo
552 2239 687 2275 natus
710 2239 796 2283 est,
822 2240 1005 2276 manet:
1039 2240 1286 2288 antequam
1312 2233 1399 2274 hoc
1422 2231 1592 2274 factum
1618 2239 1704 2282 est,

207 2309 299 2337 non
322 2302 479 2349 potest
501 2295 686 2350 aliquod
713 2297 883 2338 bonum
910 2297 1179 2350 contingere
1201 2296 1356 2347 illum;
1389 2295 1510 2350 quod
1537 2296 1573 2336 si
1600 2302 1706 2336 tan-

207 2360 290 2412 git,
324 2359 448 2400 illico
483 2360 786 2412 repercutitur
825 2365 873 2401 et
913 2359 1058 2401 resilit
1091 2360 1209 2400 sicut
1241 2358 1455 2412 globulus
1488 2358 1706 2399 elasticus

208 2423 378 2464 cadens
418 2422 463 2463 in
504 2429 697 2476 petram,
730 2429 809 2465 aut
840 2423 1114 2465 absorbetur
1144 2423 1261 2463 sicut
1294 2422 1483 2462 adamas
1514 2420 1705 2475 injectus

208 2485 376 2539 paludi.
438 2485 595 2527 Homo
627 2499 719 2527 non
750 2486 1020 2528 reformatus
1052 2486 1203 2540 quoad
1235 2486 1444 2539 spiritum
1477 2490 1549 2526 est
1586 2486 1704 2526 sicut

208 2548 446 2602 panthera,
474 2554 553 2589 aut
594 2549 710 2590 sicut
751 2549 887 2598 bubo,
921 2556 969 2590 et
1009 2549 1265 2602 comparari
1305 2554 1463 2602 potest
1496 2548 1615 2589 senti
1655 2554 1704 2589 et

207 2612 406 2662 urticae;
452 2618 500 2653 at
540 2611 680 2654 homo
716 2619 1014 2666 regeneratus
1055 2619 1126 2653 est
1167 2612 1284 2653 sicut
1325 2612 1423 2652 ovis
1463 2617 1542 2652 aut
1584 2611 1703 2652 sicut

207 2675 434 2724 columba,
473 2680 520 2716 et
563 2677 816 2730 comparari
856 2682 1015 2731 potest
1056 2675 1185 2716 oleae
1227 2681 1273 2716 et
1319 2675 1430 2726 viti3
1478 2675 1700 2728 cogitate,

206 2752 391 2792 quaeso,
417 2739 453 2780 si
479 2738 622 2788 lubet,
646 2740 876 2793 quomodo
899 2746 1056 2794 potest
1083 2739 1222 2780 homo
1245 2738 1471 2792 panthera
1494 2738 1703 2780 converti

206 2803 251 2844 in
283 2803 515 2844 hominem
547 2815 695 2852 ovem,
727 2810 806 2844 aut
837 2803 958 2845 bubo
991 2804 1035 2844 in
1068 2803 1342 2851 columbam,
1371 2808 1449 2843 aut
1482 2802 1624 2843 sentis
1655 2802 1700 2842 in

206 2867 371 2916 oleam,
399 2873 478 2908 aut
503 2867 648 2908 urtica
678 2866 723 2907 in
753 2867 909 2916 vitem,
938 2880 1016 2920 per
1042 2866 1239 2920 aliquam
1266 2866 1635 2920 imputationem,
1663 2865 1701 2906 si

205 2943 285 2984 per
323 2929 447 2971 illam
484 2929 757 2983 intelligitur
787 2930 1111 2984 transcriptio;
1157 2942 1339 2978 numne,
1373 2935 1423 2970 ut
1460 2929 1701 2970 conversio

207 2992 301 3043 fiat,
330 2992 520 3036 ferinum
547 2993 800 3048 pantherae
831 2999 878 3036 et
909 2993 1118 3042 bubonis,
1142 2999 1220 3034 aut
1253 2993 1441 3034 noxium
1474 2993 1618 3034 sentis
1650 2998 1699 3034 et
