2014 3386
346 347 427 387 262
809 353 1051 386 DELICIAE
1084 353 1386 385 SAPIENTIAE

343 469 391 505 lis
411 479 513 515 quae
533 474 594 504 est
614 467 761 504 amoris
781 474 822 503 et
843 479 1020 508 morum;
1047 472 1322 502 convenerunt
1338 466 1469 508 etiam,
1488 466 1596 513 quod
1615 466 1730 502 binae
1753 466 1841 502 illae

343 522 662 568 pulchritudines
680 521 838 567 saepius
855 521 935 556 sint
954 520 1102 555 divisae
1123 520 1161 554 in
1182 520 1334 555 mundo
1352 520 1593 565 naturali,⁴et
1610 520 1720 565 quod
1737 531 1840 556 sem-

343 586 414 621 per
431 575 510 610 sint
527 574 663 610 unitae
683 574 722 609 in
742 574 894 609 mundo
909 573 1126 619 spirituali;
1151 584 1242 608 nam
1262 573 1300 608 in
1320 572 1397 608 hoc
1413 573 1563 608 mundo
1583 573 1841 618 pulchritudo

342 634 403 663 est
424 627 552 663 forma
575 627 722 662 amoris
742 633 783 661 et
805 637 985 661 morum:
1020 637 1140 671 quare
1162 632 1254 671 post
1276 632 1444 661 mortem
1467 626 1622 671 saepius
1642 619 1840 672 contingit

341 681 450 726 quod
477 680 662 715 mulieres
688 679 887 715 deformes
913 679 1010 714 fiant
1031 678 1357 724 pulchritudines,
1376 689 1422 714 ac
1448 678 1633 714 mulieres
1654 678 1840 726 pulchrae

342 733 439 768 fiant
457 732 742 769 deformitates.

415 785 517 822 Cum
537 785 612 821 viri
633 785 711 820 hoc
730 784 990 825 ventilabant,
1011 789 1207 819 venerunt
1227 783 1381 829 aliquae
1402 794 1555 824 uxores,
1577 790 1618 819 et
1643 783 1839 823 dixerunt,

341 844 362 858 ‘⁸
374 838 591 874 Admittite
610 845 787 873 nostram
807 837 1083 883 praesentiam,
1103 836 1196 882 quia
1213 847 1285 872 vos
1303 836 1342 871 id
1362 837 1469 882 quod
1487 836 1703 878 ventilatis,
1721 836 1840 872 docet

340 891 515 932 scientia,
532 902 605 927 nos
619 897 752 926 autem
769 890 808 925 id
828 890 947 926 docet
960 889 1224 935 experientia;
1251 896 1292 924 et
1309 900 1467 935 quoque
1481 895 1562 924 tam
1578 900 1717 935 parum
1731 889 1840 925 scitis

341 945 391 979 de
418 955 554 980 amore
576 955 755 984 uxorum,
774 950 819 978 ut
838 943 906 978 vix
925 942 1097 989 aliquid:
1132 953 1226 977 num
1248 942 1367 982 scitis,
1386 942 1492 987 quod
1512 942 1722 988 prudentia
1738 941 1840 988 sapi-

341 997 472 1033 entiae
490 1008 657 1032 uxorum
677 997 739 1037 sit,
758 1007 935 1031 amorem
953 1007 1069 1031 suum
1087 995 1137 1030 ad
1165 995 1328 1030 maritos
1354 994 1393 1029 in
1416 995 1558 1030 intimo
1575 994 1746 1041 pectoris
1765 994 1837 1034 sui,

339 1057 409 1086 aut
427 1051 467 1086 in
486 1050 619 1085 medio
638 1049 770 1085 cordis
789 1048 860 1089 sui,
879 1048 1095 1084 recondere
1108 1047 1148 1083 ?’'

414 1103 683 1139 Inchoabatur
702 1101 924 1142 ventilatio,
943 1108 984 1136 et
1005 1101 1174 1147 primum
1199 1100 1431 1136 conclusum
1453 1111 1476 1136 a
1495 1100 1590 1136 viris
1615 1106 1709 1140 erat,
1727 1100 1836 1146 quod

281 1151 286 1156 ’
339 1156 470 1192 omnis
486 1156 635 1192 femina
646 1156 744 1191 velit
758 1156 925 1202 pulchra
939 1154 1038 1190 facie
1057 1161 1098 1190 et
1116 1153 1280 1200 pulchra
1294 1153 1470 1189 moribus
1486 1153 1623 1194 videri,
1638 1153 1731 1199 quia
1747 1159 1839 1188 nata

339 1217 400 1245 est
413 1208 574 1245 affectio
587 1209 743 1250 amoris,
758 1216 799 1245 et
817 1208 946 1244 forma
963 1208 1084 1254 hujus
1101 1206 1327 1242 affectionis
1344 1213 1405 1242 est
1423 1206 1699 1252 pulchritudo;
1717 1217 1837 1252 quare

338 1262 486 1298 femina
503 1273 605 1308 quae
623 1273 704 1298 non
722 1262 810 1297 vult
836 1261 1002 1307 pulchra
1018 1272 1115 1301 esse,
1134 1271 1216 1296 non
1236 1266 1298 1295 est
1318 1258 1468 1295 femina
1484 1270 1586 1306 quae
1603 1259 1691 1295 vult
1706 1269 1838 1294 amare

338 1322 380 1351 et
397 1315 532 1357 amari,
551 1322 591 1351 et
610 1315 702 1351 inde
721 1326 801 1350 non
819 1326 911 1350 vere
930 1314 1088 1350 femina.

410 1369 474 1405 Ad
490 1369 589 1404 haec
606 1379 751 1404 uxores
769 1368 969 1407 dixerunt,
990 1372 1010 1385 “
1025 1365 1287 1402 Pulchritudo
1305 1365 1476 1400 feminae
1494 1364 1649 1400 habitat
1668 1363 1707 1399 in
1726 1363 1836 1399 molli

338 1421 561 1462 teneritate,
581 1428 622 1457 et
648 1421 740 1456 inde
767 1421 806 1455 in
833 1420 1030 1466 exquisita
1047 1419 1295 1460 sensatione;
1331 1418 1423 1453 inde
1449 1424 1510 1453 est
1536 1428 1649 1453 amor
1665 1417 1837 1452 feminae

338 1476 387 1511 ad
406 1475 545 1515 virum,
564 1481 605 1510 et
622 1485 734 1510 amor
750 1474 823 1509 viri
842 1474 891 1508 ad
911 1473 1099 1508 feminam
1115 1484 1122 1512 ;
1149 1483 1221 1507 vos
1241 1471 1342 1507 forte
1362 1471 1437 1506 hoc
1456 1482 1536 1506 non
1557 1469 1813 1517 intelligitis.”

410 1528 593 1563 Alterum
612 1527 844 1563 conclusum
862 1526 1038 1562 virorum
1066 1532 1160 1566 erat,
1180 1525 1287 1571 quod
1316 1524 1464 1559 femina
1488 1531 1580 1559 ante
1605 1522 1835 1570 conjugium

339 1581 437 1616 velit
455 1581 621 1627 pulchra
637 1591 722 1616 esse
742 1591 813 1626 pro
831 1579 937 1620 viris,
956 1586 998 1614 at
1017 1586 1108 1625 post
1126 1578 1358 1625 conjugium
1387 1577 1418 1612 si
1444 1583 1553 1612 casta
1570 1583 1641 1618 est,
1660 1587 1732 1623 pro
1749 1575 1836 1612 solo

338 1635 434 1675 viro,
454 1641 494 1670 et
512 1645 592 1670 non
612 1644 683 1680 pro
701 1633 807 1669 viris.

411 1687 475 1723 Ad
502 1687 580 1723 hoc
601 1687 787 1722 dixerunt
809 1696 964 1726 uxores,
988 1685 1191 1720 “Maritus
1214 1690 1426 1729 postquam
1449 1683 1640 1718 libaverat
1662 1681 1835 1728 pulchri-

337 1741 517 1776 tudinem
539 1740 758 1775 naturalem
779 1739 924 1779 uxoris,
947 1750 1028 1773 non
1055 1738 1165 1773 videt
1188 1738 1294 1772 illam
1316 1736 1496 1782 amplius,
1518 1736 1587 1771 sed
1613 1735 1725 1770 videt
1749 1735 1835 1780 ejus

339 1793 673 1840 pulchritudinem
688 1792 943 1838 spiritualem,
957 1798 998 1827 et
1015 1802 1064 1826 ex
1082 1791 1155 1826 hac
1174 1791 1362 1830 redamat,
1377 1800 1423 1825 ac
1441 1795 1600 1824 revocat
1615 1787 1833 1823 naturalem

337 1847 406 1883 sed
425 1847 498 1882 sub
516 1847 594 1882 alia
611 1845 778 1891 specie.''
1664 1838 1668 1841 ’

408 1899 650 1935 conclusum
665 1898 827 1934 tertium
841 1896 1113 1933 ventilationis
1129 1896 1285 1931 illorum
1301 1901 1395 1934 erat,
1409 1894 1517 1940 quod
1535 1894 1568 1929 si
1582 1893 1730 1930 femina
1742 1899 1834 1940 post

336 1952 568 1999 conjugium
590 1951 676 1986 vult
698 1950 880 1986 similiter
898 1950 1062 1995 pulchra
1078 1949 1213 1988 videri,
1233 1948 1336 1983 sicut
1356 1955 1449 1982 ante
1473 1947 1580 1987 illud,
1599 1953 1706 1982 amet
1725 1946 1833 1982 viros

335 2014 376 2042 et
395 2017 474 2041 non
488 2005 629 2044 virum,
644 2004 770 2050 “quia
788 2002 935 2038 femina
952 2013 992 2037 se
1011 2013 1148 2037 amans
1167 2013 1215 2036 ex
1235 2000 1530 2046 pulchritudine
1548 2010 1628 2040 sua,
1643 1999 1833 2035 continue

336 2059 424 2094 vult
449 2065 493 2093 ut
519 2057 778 2104 pulchritudo
799 2066 871 2091 sua
891 2055 1046 2095 libetur,
1069 2061 1109 2089 et
1135 2054 1228 2100 quia
1249 2054 1347 2088 haec
1374 2064 1453 2088 non
1479 2053 1648 2098 amplius
1668 2059 1832 2099 apparet

337 2111 433 2152 viro,
452 2118 497 2146 ut
515 2110 681 2150 dixistis,
700 2109 787 2145 vult
804 2115 849 2143 ut
866 2119 890 2144 a
906 2108 1012 2148 viris,
1028 2118 1160 2142 coram
1175 2107 1319 2152 quibus
1333 2112 1518 2152 apparet:
1544 2105 1651 2152 quod
1670 2105 1764 2141 huic
1780 2105 1833 2141 sit

334 2175 448 2200 amor
464 2174 591 2204 sexus,
610 2169 651 2198 et
671 2173 752 2197 non
770 2172 882 2196 amor
899 2160 1016 2195 unius
1031 2171 1079 2195 ex
1097 2171 1204 2199 sexu,
1225 2159 1371 2205 patet.''

408 2217 473 2253 Ad
488 2217 586 2252 haec
603 2215 882 2251 conticuerunt
900 2224 1044 2248 uxores
1058 2225 1065 2253 ;
1093 2213 1393 2247 murmurabant
1408 2218 1541 2246 tamen
1555 2210 1663 2251 haec,
1683 2215 1703 2229 ‘⁶
1719 2209 1831 2258 Quae

336 2270 478 2306 mulier
498 2269 616 2304 datur
642 2269 697 2304 ita
721 2278 860 2313 expers
878 2266 1076 2306 vanitatis,
1096 2273 1139 2300 ut
1166 2276 1245 2300 non
1267 2264 1363 2300 velit
1385 2265 1549 2311 pulchra
1565 2263 1689 2299 videri
1710 2263 1830 2299 etiam

337 2323 439 2363 viris,
458 2322 575 2358 simul
594 2323 689 2356 dum
708 2331 781 2356 suo
799 2320 918 2355 unico
930 2319 969 2355 ?''

408 2376 636 2412 Audiebant
655 2374 753 2409 haec
767 2373 922 2419 aliquae
937 2382 1079 2407 uxores
1097 2382 1119 2406 e
1137 2371 1258 2410 caelo,
1273 2381 1373 2416 quae
1393 2376 1506 2405 erant
1525 2369 1725 2415 pulchrae,
1737 2368 1831 2415 quia

335 2427 568 2464 affectiones
594 2427 796 2467 caelestes,
821 2432 863 2461 et
895 2425 973 2460 tria
997 2424 1186 2459 conclusa
1211 2423 1383 2458 virorum
1411 2422 1723 2462 confirmabant:
1759 2421 1828 2457 sed

335 2481 586 2521 addiderunt,
614 2486 632 2499 ‘⁴
649 2480 773 2515 Modo
788 2484 925 2514 ament
951 2488 1061 2513 suam
1090 2476 1426 2522 pulchritudinem
1463 2482 1503 2511 et
1536 2475 1622 2521 ejus
1655 2481 1829 2522 ornatus.

337 2541 498 2581 propter
514 2544 607 2569 suos
626 2532 800 2572 maritos,
819 2538 859 2566 et
876 2531 926 2566 ab
946 2529 1057 2565 illis.’·

406 2595 517 2634 331.
543 2586 640 2622 Tres
662 2585 750 2620 illae
768 2595 910 2620 uxores
929 2583 1165 2629 indignatae,
1185 2581 1292 2627 quod
1312 2581 1546 2616 confirmata
1562 2580 1642 2616 sint
1662 2591 1711 2616 ex
1731 2591 1829 2616 uxo-

337 2640 490 2676 ribusxe
516 2639 626 2674 caelo
646 2637 722 2673 tria
739 2637 929 2673 conclusa
947 2636 1134 2675 virorum,
1153 2635 1339 2669 dixerunt
1358 2634 1406 2669 ad
1429 2634 1547 2674 viros,
1567 2633 1681 2681 “Vos
1702 2632 1828 2679 inqui-

335 2692 494 2732 sivistis,
514 2702 607 2726 num
630 2690 781 2730 mulier,
804 2700 902 2736 quae
920 2695 1026 2724 amat
1044 2699 1085 2723 se
1103 2698 1151 2722 ex
1170 2687 1467 2733 pulchritudine
1485 2697 1566 2727 sua,
1585 2691 1692 2721 amet
1712 2696 1827 2721 suum

336 2746 487 2786 virum3
514 2755 586 2780 nos
606 2743 692 2779 vice
714 2753 827 2778 versa
848 2742 938 2778 ideo
955 2740 1246 2779 ventilabimus,
1266 2751 1359 2774 num
1378 2740 1449 2781 vir,
1467 2739 1534 2786 qui
1553 2749 1594 2774 se
1615 2749 1664 2774 ex
1685 2737 1829 2774 intelli-

336 2798 473 2845 gentia
490 2808 561 2833 sua
576 2802 694 2836 amat,
713 2795 839 2841 possit
856 2805 987 2830 amare
1006 2804 1116 2829 suam
1135 2804 1298 2828 uxorem
1316 2804 1324 2832 ;
1349 2793 1487 2828 adeste
1505 2798 1545 2827 et
1562 2789 1733 2827 audite.’'

411 2851 461 2887 Et
485 2849 666 2887 fecerunt
686 2849 855 2895 primum
878 2847 1131 2884 conclusum:
1152 2845 1327 2881 “Omnis
1349 2856 1449 2880 uxor
1469 2855 1548 2880 non
1570 2850 1677 2880 amat
1697 2843 1825 2879 virum

337 2915 455 2940 suum
473 2914 523 2939 ex
540 2902 649 2942 facie,
668 2901 736 2937 sed
755 2912 805 2938 ex
828 2899 1086 2947 intelligentia
1104 2898 1142 2933 in
1161 2898 1247 2944 ejus
1261 2897 1392 2934 officio
1406 2904 1447 2933 et
1465 2897 1660 2937 moribus:
1685 2895 1828 2931 scitote

339 2957 471 3002 itaque
496 2955 603 3002 quod
626 2965 725 2990 uxor
748 2952 860 2988 uniat
886 2964 926 2988 se
953 2963 1041 2988 cum
1066 2951 1331 2997 intelligentia
1349 2951 1432 2990 viri.
1455 2957 1495 2986 et
1521 2949 1577 2985 sic
1602 2959 1692 2984 cum
1717 2948 1826 2988 vir0;

338 3020 458 3056 quare
472 3009 532 3044 vir
545 3008 577 3044 si
592 3013 697 3043 amat
713 3017 754 3042 se
771 3017 820 3042 ex
833 3017 904 3042 sua
922 3004 1194 3051 intelligentia,
1210 3003 1375 3039 retrahit
1391 3003 1495 3038 illam
1512 3003 1561 3038 ab
1579 3012 1702 3037 uxore
1718 3000 1757 3037 in
1770 3011 1824 3040 se.
