2014 3386
319 350 399 403 388
760 360 1094 395 VOLUPTATAS
1126 363 1370 396 INSANIAE

316 480 402 523 est,
436 479 483 516 et
523 474 584 516 ibi
624 474 918 518 adsociantur
948 477 1180 519 sodalibus
1220 479 1323 520 suis.
1385 479 1532 531 Datur
1562 481 1701 523 etiam
1742 488 1814 525 est

314 538 467 579 videre
493 538 598 580 illos
629 539 675 580 in
706 539 882 581 inferno
912 539 1018 582 illo:
1059 554 1111 582 ac
1144 541 1252 583 mihi
1284 541 1454 584 dictum
1480 550 1567 594 est,
1601 546 1723 599 quod
1753 546 1814 588 ibi

313 601 406 643 sint
432 601 565 643 multi
595 617 656 643 ex
688 603 830 645 nobili
856 610 1118 654 stemmate,
1146 611 1193 646 et
1224 619 1285 647 ex
1309 606 1697 661 opulentioribus;
1733 610 1814 652 sed

312 666 417 718 quia
438 665 557 707 tales
579 666 756 708 fuerant
779 668 824 708 in
846 668 1032 717 mundo,
1056 667 1255 710 aufertur
1276 669 1365 710 illis
1386 672 1533 712 omnis
1554 673 1814 716 recordatio

312 731 570 770 stemmatis
595 743 648 771 ac
671 731 911 784 dignitatis
937 745 997 773 ex
1024 731 1275 804 opulentia,
1299 747 1352 775 ac
1378 734 1607 778 inducitur
1627 750 1812 790 persua-

311 793 392 842 sio,
410 793 530 846 quod
548 794 713 835 fuerint
730 794 836 835 vilia
852 796 1092 848 mancipia,
1111 802 1158 838 et
1175 797 1281 838 inde
1296 799 1420 839 omni
1436 798 1609 841 honore
1623 801 1812 855 indigni.

312 855 439 897 Inter
464 870 512 897 se
538 857 722 911 quidem
745 865 968 911 apparent
994 859 1112 901 sicut
1138 859 1360 910 homines,
1384 862 1466 903 sed
1493 863 1552 904 ab
1576 863 1690 913 aliis,
1713 865 1811 919 qui-

310 918 394 960 bus
425 919 532 962 licet
563 921 669 962 illuc
701 922 881 971 intueri,
910 923 1028 964 sicut
1054 923 1226 973 simiae,
1253 923 1366 965 facie
1398 931 1530 967 torva
1554 926 1657 968 loco
1682 927 1810 969 faciei

309 982 521 1032 blandae,
541 997 593 1025 ac
615 985 744 1026 vultu
766 985 951 1027 horrido
974 985 1078 1028 loco
1099 986 1252 1028 vultus
1270 987 1559 1030 facetiarum:
1592 991 1811 1033 incedunt

309 1046 537 1088 contracti
568 1062 594 1089 a
624 1048 804 1098 lumbis,
833 1056 881 1091 et
913 1050 976 1091 sic
1009 1051 1246 1100 incurvati,
1280 1053 1512 1104 superiore
1542 1061 1672 1106 parte
1703 1067 1809 1108 pro-

308 1111 542 1164 pendente
568 1119 828 1154 antrorsum
856 1114 973 1155 sicut
1000 1115 1130 1167 proni
1156 1114 1214 1155 ad
1241 1114 1431 1168 lapsum,
1456 1122 1503 1157 et
1529 1117 1806 1160 maleolent:

308 1174 549 1216 fastidiunt
575 1189 753 1225 sexum,
783 1183 840 1225 et,
857 1177 914 1218 ab
939 1177 1043 1226 illis,
1068 1191 1178 1231 quas
1203 1178 1378 1228 vident,
1405 1185 1621 1221 avertunt
1646 1194 1709 1230 se,
1737 1187 1809 1224 est

308 1239 428 1280 enim
455 1239 543 1280 illis
570 1240 694 1280 nulla
717 1241 893 1294 cupido.
954 1240 1092 1282 Tales
1117 1248 1340 1294 apparent
1366 1243 1411 1284 in
1437 1243 1704 1297 propinquo,
1727 1245 1808 1287 sed

308 1317 333 1344 e
360 1303 612 1358 longinquo
634 1306 751 1346 sicut
778 1318 916 1345 canes
941 1304 1329 1358 indulgentiarum
1355 1320 1435 1348 seu
1461 1306 1601 1348 catuli
1623 1307 1808 1350 delicia-

307 1380 404 1407 rum
425 1381 435 1418 ;
474 1373 521 1408 et
548 1381 727 1422 quoque
753 1369 870 1410 sicut
895 1368 1066 1423 aliquid
1092 1369 1287 1411 latratus
1313 1370 1494 1412 auditur
1518 1371 1563 1412 in
1589 1371 1713 1414 sonis
1738 1370 1807 1414 lo-

307 1430 469 1485 quelae
494 1431 687 1473 illorum.

945 1735 1165 1792 [xxm]

648 1856 725 1898 DE
757 1856 1000 1899 LIBIDINE
1030 1857 1398 1901 VARIETATUM.

384 1989 524 2042 506·
570 1987 654 2029 Per
672 1988 906 2030 libidinem
925 1990 1216 2040 varietatum,
1236 1990 1293 2032 de
1319 2004 1407 2044 qua
1427 1989 1500 2032 hic
1523 1991 1688 2045 agitur,
1706 2005 1799 2034 non

299 2051 572 2104 intelligitur
594 2051 733 2092 libido
755 2052 1080 2102 fornicationis,
1105 2053 1161 2094 de
1187 2067 1275 2107 qua
1300 2054 1344 2095 in
1370 2068 1452 2095 suo
1475 2055 1627 2108 capite
1649 2053 1799 2097 a&um

299 2121 397 2165 est;
431 2115 543 2156 haec
567 2115 752 2156 tametsi
780 2116 1034 2168 promiscua
1060 2124 1107 2158 et
1133 2130 1252 2170 vaga
1269 2117 1387 2158 solet
1405 2131 1520 2166 esse,
1545 2132 1683 2172 usque
1709 2131 1800 2160 non

298 2178 442 2236 infert⁶
459 2178 692 2220 libidinem
725 2180 1015 2229 varietatum,
1050 2180 1134 2221 nisi
1165 2180 1273 2221 dum
1305 2181 1492 2222 excedit
1524 2182 1724 2231 modum,
1751 2188 1799 2224 et

296 2241 546 2283 fornicator
566 2241 746 2296 spectat
770 2256 1020 2291 numerum,
1045 2250 1093 2285 et
1119 2244 1175 2285 de
1199 2243 1279 2285 illo
1305 2258 1365 2285 ex
1392 2245 1601 2298 cupidine
1622 2243 1794 2298 jactat:

296 2305 409 2347 haec
432 2306 534 2347 idea
556 2307 705 2348 initiat
725 2307 843 2349 hanc
867 2307 1113 2349 libidinem.
1174 2307 1265 2350 Sed
1284 2308 1429 2362 qualis
1452 2308 1501 2350 fit
1523 2310 1568 2350 in
1590 2323 1670 2350 sua
1691 2323 1796 2364 pro-

294 2370 543 2422 gressione,
563 2384 654 2411 non
682 2378 838 2424 potest
861 2370 1076 2413 distincte
1102 2372 1287 2426 percipi,
1312 2373 1396 2414 nisi
1422 2373 1467 2414 in
1493 2372 1645 2427 aliqua
1665 2373 1794 2424 serie,

295 2446 412 2487 quae
438 2434 523 2475 erit
550 2433 691 2476 haec.
696 2458 753 2464 —-

531 2522 589 2568 (i.)
626 2523 741 2569 Quod
745 2526 821 2569 per
837 2524 1035 2559 libidinem
1052 2525 1291 2559 varietatum
1306 2526 1556 2573 intelltgatur
1565 2526 1681 2561 libido
1696 2537 1796 2562 scor·

720 2573 884 2606 tationis
896 2575 1063 2617 prorsus
1078 2572 1276 2608 dissoluta.

517 2617 588 2662 (ii.)
626 2618 740 2663 Quod
753 2619 870 2654 libido
887 2619 957 2653 illa
974 2621 1027 2654 sit
1043 2630 1154 2654 amor
1166 2623 1202 2654 et
1217 2620 1561 2667 simulfastidtum
1571 2623 1650 2666 pro
1665 2631 1770 2656 sexu.

503 2664 589 2709 (iii.)
626 2665 956 2758 Ωαοιιίιὲίίίιῖὶίἕεϋία
967 2669 1133 2712 prorsus
1145 2666 1341 2702 adnihilet
1353 2679 1521 2702 amorem
1535 2667 1793 2714 conjugialem

505 2758 588 2804 (iv.)
627 2759 741 2805 Quod
762 2760 920 2795 illorum
944 2771 1025 2795 sors
1046 2762 1136 2806 post
1163 2765 1322 2796 mortem
1348 2763 1491 2797 misera
1520 2763 1582 2803 sit,
1608 2761 1792 2808 quoniam

715 2807 798 2842 illis
813 2809 921 2842 vitae
936 2809 1120 2843 intimum
1139 2819 1214 2842 non
1233 2812 1298 2845 est.

291 2891 505 2948 Sequitur
528 2894 691 2936 horum
717 2895 983 2949 explicatio.

313 2962 319 2966 “
375 2965 507 3010 507.
547 2956 614 3012 (i.)
655 2959 784 3010 Quod
812 2965 899 3013 per
919 2958 1162 3001 ‘libidinem
1201 2960 1474 3002 varietatum
1503 2960 1790 3014 intelligatur

293 3018 430 3061 libido
454 3021 735 3063 scortationis
754 3028 951 3076 prorsus
973 3022 1396 3066 dissoluta—Haec
1424 3024 1565 3066 libido
1590 3025 1788 3066 insinuat
