2014 3386
626 331 694 364 DE
725 330 905 363 AMORE
937 314 1363 372 CONJUGIAL1.—'N.
1389 319 1429 360 6.
1747 331 1777 374 9

279 456 353 482 nos
370 445 421 482 ad
446 444 550 480 hanc
567 450 734 491 portam,
749 449 790 480 et
808 442 1073 490 pulsavimus;
1099 441 1168 478 sed
1187 451 1423 487 responsum
1442 439 1557 476 nobis
1574 446 1646 481 est,
1665 441 1773 487 quod

280 505 418 546 portae
435 498 554 544 hujus
568 498 713 533 domus
731 508 811 532 non
825 496 1055 542 aperiantur
1067 494 1243 535 exituris,
1258 494 1328 530 sed
1348 494 1553 529 intraturis
1566 505 1574 535 ;
1586 498 1601 536 .‘
1615 493 1775 530 Manete

279 559 321 588 et
337 551 514 587 fruimini
531 550 686 598 gaudiis
704 550 802 585 caeli
815 550 834 585 :'
849 561 897 585 ex
913 549 1057 596 quibus
1075 547 1275 593 responsis
1289 547 1567 587 conclusimus,
1583 547 1690 593 quod
1710 547 1776 582 hic

279 606 320 640 in
337 611 542 640 aeternum
558 603 802 650 permansuri
817 602 962 644 simus;
984 602 1081 639 inde
1093 600 1259 636 tristitia
1273 600 1418 636 invasit
1437 606 1591 636 mentes
1606 606 1774 641 nostras,

278 664 322 694 et
338 668 444 693 nunc
463 657 602 703 incipit
620 656 758 703 pec'tus
776 655 970 696 contrahi,
988 661 1029 690 et
1045 653 1193 690 oboriri
1211 653 1428 689 anxietas.'’

350 711 464 746 Tunc
481 711 677 746 allocutus
702 716 763 745 est
789 709 878 745 illos
895 708 1070 755 angelus,
1087 713 1129 743 et
1143 707 1255 748 dixit,
1268 711 1288 726 ‘⁴
1300 706 1378 742 Hic
1391 712 1522 741 status
1535 703 1775 740 est1¹11ethus

277 764 515 810 gaudiorum
533 770 768 804 vestrorum,
787 773 889 808 quae
906 761 1133 797 credidistis
1152 760 1269 795 unice
1286 758 1474 795 caelestia
1491 769 1588 799 esse,
1607 769 1698 794 cum
1716 764 1775 793 ta·

279 828 370 853 men
389 828 470 852 non
488 823 582 852 sunt
600 816 675 860 nisi
693 826 813 862 quam
832 814 1053 850 accessoria
1069 812 1336 849 caelestium.''

352 870 402 905 Et
419 869 701 916 quaesiverunt
718 869 916 914 angelum,
936 872 956 886 “
969 866 1076 914 Quid
1095 877 1190 913 ergo
1207 872 1268 901 est
1285 865 1475 912 gaudium
1493 864 1664 900 caeleste
1676 862 1728 899 ?’'.

353 922 402 958 Et
413 923 577 969 angelus
593 922 799 968 respondit
813 922 911 957 haec
924 930 1071 967 pauca:
1090 925 1110 938 ‘⁴
1123 920 1193 955 Est
1205 919 1426 965 jucundum
1441 917 1611 953 faciendi
1626 916 1774 963 aliquid

278 977 387 1023 quod
406 983 466 1011 est
484 976 558 1011 sibi
576 982 618 1011 et
637 975 724 1011 aliis
742 974 852 1015 usui;
878 981 919 1010 et
934 973 1156 1020 jucundum
1175 983 1270 1008 usus
1287 971 1414 1007 trahit
1431 981 1542 1006 suam
1562 969 1774 1005 essentiam

279 1040 328 1065 ex
345 1035 545 1069 amore‚et
559 1028 812 1064 existentiam
833 1039 881 1063 ex
901 1026 1118 1073 sapientia;
1143 1025 1364 1072 jucundum
1382 1035 1477 1060 usus
1491 1023 1706 1059 oriundum
1728 1034 1776 1058 ex

279 1093 414 1118 amore
431 1089 502 1128 'per
521 1081 758 1127 sapientiam
777 1087 839 1116 est
856 1080 989 1116 anima
1009 1086 1051 1115 et
1070 1079 1155 1115 vita
1172 1078 1352 1114 omnium
1369 1077 1607 1124 gaudiorum
1629 1076 1776 1111 caeles-

278 1135 392 1171 tium.
443 1135 545 1170 Sunt
571 1135 610 1169 in
632 1134 750 1170 caelis
772 1133 990 1169 laetissima
1010 1132 1222 1172 consortia,
1243 1141 1346 1177 quae
1366 1131 1599 1176 angelorum
1622 1135 1777 1165 mentes

278 1187 510 1228 exhilarant,
533 1187 688 1223 animos
713 1186 925 1227 oblediant,
947 1185 1110 1232 pectora
1133 1185 1367 1231 jucundant,
1388 1190 1429 1219 et
1458 1193 1626 1229 corpora
1650 1192 1775 1217 recre-

279 1248 367 1282 ant;
401 1241 470 1276 sed
493 1241 591 1276 haec
617 1241 692 1276 illis
713 1247 817 1281 sunt,
840 1246 1051 1286 postquam
1074 1249 1170 1274 usus
1196 1238 1236 1273 in
1263 1236 1536 1272 functionibus
1562 1235 1644 1271 suis
1669 1241 1710 1270 et
1737 1235 1775 1270 in

279 1294 465 1339 operibus
484 1293 564 1329 suis
577 1292 810 1333 [²]fecerunt;
828 1303 878 1328 ex
892 1292 954 1328 his
968 1298 1028 1328 est
1042 1292 1176 1327 anima
1195 1297 1237 1327 et
1252 1291 1337 1326 vita
1355 1290 1395 1325 in
1409 1289 1596 1325 omnibus
1610 1287 1773 1324 laetitiis

279 1353 321 1382 et
341 1346 644 1382 oblectamentis
666 1346 845 1387 illorum;
871 1352 912 1381 at
933 1345 964 1380 si
988 1345 1095 1380 illam
1116 1344 1291 1380 animam
1313 1354 1383 1379 seu
1404 1343 1529 1378 vitam
1550 1341 1690 1382 aufers,
1713 1351 1777 1376 ac-

279 1399 452 1435 cessoria
468 1399 615 1446 gaudia
632 1399 855 1435 successive
873 1409 953 1434 non
973 1397 1074 1433 fiunt
1091 1397 1249 1444 gaudia,
1268 1397 1337 1433 sed
1360 1396 1531 1442 primum
1550 1395 1652 1430 fiunt
1669 1394 1778 1430 adia—

280 1452 417 1499 phora‚
436 1453 580 1488 deinde
598 1452 702 1487 sicut
719 1451 846 1492 nauci,
865 1457 906 1487 et
923 1451 1085 1486 demum
1104 1450 1235 1486 tristia
1251 1457 1292 1485 et
1309 1448 1461 1484 anxia.’'

352 1505 428 1541 His
453 1504 571 1540 dictis
592 1505 844 1551 aperiebatur
864 1510 989 1550 porta,
1012 1510 1052 1539 et
1077 1503 1299 1539 assidentes
1321 1502 1577 1541 exsiluerunt,
1599 1507 1641 1535 et
1665 1499 1778 1535 aufu-

278 1565 423 1605 gerunt
448 1559 624 1599 domum,
643 1558 812 1605 quisque
837 1558 888 1593 ad
914 1568 1025 1593 suam
1048 1555 1306 1596 functionem,
1325 1562 1366 1591 et
1388 1555 1437 1590 ad
1465 1565 1580 1590 suum
1607 1564 1719 1599 opus,
1738 1559 1778 1588 et

280 1611 489 1648 refocillati
507 1618 612 1647 sunt.

351 1665 406 1703 6.
438 1665 536 1700 Post
546 1665 644 1701 haec
656 1664 820 1710 angelus
831 1663 1029 1699 allocutus
1043 1669 1104 1698 est
1118 1662 1217 1702 illos,
1228 1661 1295 1707 qui
1310 1661 1547 1696 induxerant
1561 1659 1635 1695 sibi
1649 1659 1778 1694 ideam

279 1718 329 1754 de
346 1718 501 1764 gaudiis
515 1718 624 1758 caeli,
639 1724 680 1753 et
698 1718 747 1752 de
766 1717 954 1752 felicitate
969 1723 1140 1756 aeterna,
1155 1715 1262 1761 quod
1278 1714 1409 1750 forent
1423 1713 1672 1759 epulationes
1685 1722 1775 1747 cum

279 1771 468 1810 Abramo,
493 1770 605 1806 Isaeo
622 1778 663 1806 et
683 1770 855 1817 Jacobo3
881 1776 921 1805 et
943 1776 1034 1815 post
1052 1769 1189 1814 epulas
1207 1768 1292 1803 ludi
1314 1773 1355 1803 et
1376 1765 1614 1812 spectacula,
1633 1776 1679 1800 ac
1706 1765 1778 1800 ite-

279 1835 367 1860 rurn
381 1824 531 1870 epulae,
545 1831 586 1859 et
597 1823 653 1859 sic
668 1824 707 1858 in
721 1830 947 1859 aeternum:
968 1829 1008 1858 et
1023 1822 1124 1857 dixit
1139 1822 1226 1861 illis,
1241 1826 1260 1839 “
1274 1820 1495 1866 Sequimini
1512 1830 1585 1859 me,
1598 1825 1639 1854 et
1654 1818 1779 1853 intro-

279 1878 422 1913 ducam
437 1889 509 1913 vos
535 1877 574 1912 in
596 1877 832 1923 gaudiorum
846 1882 1070 1911 vestrorum
1086 1874 1331 1910 felicitates.”
1379 1873 1430 1909 Et
1449 1872 1672 1908 introduxit
1690 1871 1779 1906 illos

279 1941 350 1977 per
374 1941 515 1966 nemus
542 1930 581 1965 in
608 1930 814 1975 planitiem
833 1935 997 1964 stratam
1019 1928 1226 1967 asseribus,
1246 1938 1366 1972 super
1385 1937 1465 1973 qua
1490 1925 1645 1971 positae
1666 1931 1779 1960 erant

280 1994 449 2024 mensae,
468 1983 696 2029 quindecim
714 1983 763 2017 ab
781 1993 863 2017 uno
881 1982 1014 2022 latere,
1034 1988 1075 2017 et
1092 1980 1320 2026 quindecim
1339 1980 1389 2015 ab
1407 1979 1545 2014 altero.

353 2036 403 2071 Et
420 2036 712 2082 quaesiverunt,
728 2034 843 2071 “Cur
859 2041 922 2070 tot
940 2045 1099 2075 mensae
1109 2033 1149 2069 ?’'
1186 2033 1236 2068 Et
1254 2032 1460 2078 respondit
1478 2031 1652 2078 angelus,
1669 2031 1778 2076 quod

279 2089 406 2136 prima
424 2100 560 2125 mensa
577 2089 629 2125 sit
643 2088 819 2129 Abrami,
834 2087 1010 2123 secunda
1032 2086 1143 2126 Isaci,
1158 2086 1278 2122 tertia
1294 2085 1444 2133 Jacobi,
1459 2091 1500 2120 et
1517 2085 1630 2130 juxta
1648 2084 1719 2119 has
1740 2084 1778 2118 in

279 2143 379 2179 serie
394 2153 553 2178 mensae
567 2141 779 2177 duodecim
794 2141 1067 2187 apostolorum
1080 2152 1087 2181 ;
1110 2144 1130 2158 ‘¹
1141 2140 1191 2175 ab
1205 2140 1331 2175 altero
1345 2139 1468 2174 latere
1482 2137 1652 2173 totidem
1668 2148 1778 2172 men-

279 2207 346 2232 sae
365 2207 533 2231 uxorum
549 2195 725 2236 illorum;
752 2201 792 2230 et
809 2201 890 2229 tres
909 2194 1059 2240 primae
1074 2203 1234 2228 mensae
1252 2199 1346 2227 sunt
1365 2191 1484 2227 Sarae
1498 2190 1633 2226 uxoris
1652 2190 1779 2225 Abra-

280 2249 345 2290 mi,
370 2249 573 2284 Rebeccae
595 2248 729 2283 uxoris
750 2247 862 2288 Isaci,
883 2257 930 2282 ac
957 2247 1058 2282 Leae
1079 2252 1121 2281 et
1144 2245 1330 2280 Rachelis
1352 2255 1522 2279 uxorum
1543 2243 1706 2290 Jacobi;
1732 2253 1778 2278 ac

280 2302 492 2337 duodecim
512 2302 686 2347 reliquae
704 2307 798 2336 sunt
818 2311 986 2335 uxorum
1006 2298 1219 2334 duodecim
1238 2296 1548 2344 apostolorum.''

353 2355 451 2390 Post
467 2355 640 2400 aliquam
660 2365 823 2394 moram,
842 2353 1087 2399 apparebant
1105 2363 1244 2387 omnes
1266 2361 1426 2386 mensae
1448 2350 1588 2398 plenae
1609 2348 1779 2388 ferculis,

280 2415 321 2444 et
353 2408 525 2454 spatiola
550 2407 654 2442 inter
682 2407 782 2442 haec
806 2413 948 2442 ornata
973 2405 1105 2452 parvis
1131 2404 1402 2451 pyramidibus
1427 2414 1517 2438 cum
1545 2401 1778 2438 condituris.

282 2461 487 2507 Epulaturi
514 2461 674 2496 stabant
698 2460 846 2495 circum
875 2459 960 2494 illas
997 2459 1035 2493 in
1065 2456 1365 2503 exspeRatione
1390 2455 1551 2491 videndi
1579 2455 1780 2501 praesules

281 2524 504 2549 mensarum
521 2525 529 2554 ;
555 2513 622 2559 qui
641 2513 852 2559 pauculum
868 2510 1086 2558 exspeaati
1101 2511 1174 2546 visi
1191 2517 1284 2546 sunt
1299 2510 1338 2544 in
1356 2509 1497 2544 ordine
1512 2507 1777 2554 processionis

280 2567 330 2602 ab
348 2566 525 2602 Abramo
546 2566 596 2601 ad
618 2566 803 2613 ultimum
823 2565 1097 2611 apostolorum
1117 2564 1334 2603 intrantes:
1360 2569 1401 2598 et
1423 2573 1516 2597 mox
1537 2561 1704 2607 quisque
1726 2560 1776 2595 ad

281 2631 391 2656 suam
407 2631 583 2655 mensam
598 2620 791 2655 accedens
805 2630 847 2654 se
862 2619 1038 2664 reposuit
1053 2629 1171 2663 super
1184 2624 1276 2652 toro
1290 2617 1340 2652 ad
1359 2622 1479 2662 caput
1493 2615 1579 2661 ejus
1592 2627 1600 2655 ς
1626 2622 1668 2650 et
1687 2614 1780 2649 inde

281 2673 467 2708 dixerunt
492 2673 541 2708 ad
567 2673 882 2713 circumstantes,
905 2677 924 2690 ⁴¹
940 2671 1190 2706 Discumbite
1211 2670 1332 2705 etiam
1354 2680 1426 2704 vos
1449 2668 1656 2704 nob1scum
1673 2667 1705 2708 ;”
1732 2673 1775 2702 et

281 2725 567 2761 discubuerunt
589 2725 662 2760 viri
685 2736 775 2760 cum
798 2725 975 2770 patribus
998 2724 1085 2763 illis,
1107 2730 1146 2759 et
1174 2723 1343 2759 feminae
1364 2733 1455 2758 cum
1478 2721 1667 2756 uxoribus
1694 2719 1780 2754 illo-

282 2788 380 2817 rum,
398 2785 438 2813 et
455 2779 717 2814 comederunt
734 2785 774 2813 et
792 2779 977 2813 biberunt
999 2777 1037 2812 in
1056 2776 1218 2816 laetitia,
1237 2783 1278 2812 et
1294 2787 1384 2811 cum
1402 2774 1672 2810 veneratione.

352 2829 452 2866 Post
473 2831 681 2876 prandium
704 2831 911 2866 exiverunt
934 2830 987 2865 illi
1012 2837 1166 2875 patres;
1191 2836 1232 2865 et
1252 2835 1350 2863 tunc
1373 2827 1545 2862 instituti
1567 2832 1661 2861 sunt
1682 2824 1778 2865 ludi,

283 2881 450 2918 choreae
467 2883 664 2929 virginum
683 2891 723 2919 et
739 2884 942 2929 juvenum,
961 2890 1002 2919 et
1019 2890 1111 2929 post
1129 2883 1200 2917 has
1219 2880 1458 2927 spectacula.

355 2934 508 2982 Quibus
533 2936 656 2972 finitis
682 2936 955 2971 invitabantur
980 2936 1124 2971 iterum
1151 2936 1200 2970 ad
1228 2934 1376 2980 epulas,
1398 2933 1468 2968 sed
1495 2942 1585 2966 curn
1612 2937 1778 2969 statuto,

284 2988 393 3034 quod
415 2988 542 3034 primo
563 2989 627 3024 die
653 2989 909 3025 comederent
929 3000 1019 3025 cum
1042 2989 1230 3029 Abramo,
1249 2987 1374 3023 altero
1396 2996 1486 3021 curn
1511 2984 1634 3025 Isaeo,
1656 2983 1779 3019 tertio
