2014 3386
377 329 458 371 342
821 327 1149 361 VOLUPTATES
1180 327 1427 361 INSANIAE

373 445 427 486 lis
439 444 684 499 procedere
703 449 859 498 potest
878 458 957 497 per
974 443 1335 492 fornicationem,
1355 450 1404 486 at
1422 457 1481 485 ex
1505 458 1592 498 qua
1608 445 1868 500 impruden-

373 510 439 551 tia
469 522 548 562 per
579 508 705 548 illam
738 508 945 561 procedit
977 521 1105 548 amor
1136 508 1339 548 incastus
1370 521 1449 548 seu
1480 510 1795 560 scortatorius,
1822 512 1868 552 in

372 572 670 626 sequentibus
692 572 931 625 aperietur.
994 569 1107 623 Quis
1126 577 1282 624 potest
1305 570 1392 612 hoc
1416 571 1682 613 conclusum
1703 573 1867 622 facere,

372 636 494 690 quod
527 636 601 689 qui
632 635 880 676 fornicatus
912 641 998 684 est,
1028 648 1119 675 non
1151 635 1298 689 possit
1328 635 1474 689 magis
1506 641 1658 676 castus
1690 650 1791 678 esse
1821 637 1868 678 in

373 699 618 752 conjugio?

456 762 594 817 446.
629 761 713 816 (ii.)
752 761 881 813 Quod
899 776 1028 803 amor
1056 775 1204 811 sexus,
1231 776 1288 803 ex
1316 776 1399 816 quo
1427 769 1495 804 est
1511 763 1773 816 fornicatio,
1798 764 1867 806 in-

371 825 493 866 clmet
516 839 610 866 cum
635 825 884 866 adolescens
901 839 956 866 ex
974 825 1169 878 proprio
1189 825 1408 866 intelletiu
1431 825 1589 879 incipit
1609 827 1808 880 cogitare
1825 834 1869 870 et

371 902 519 942 agere,
543 902 595 930 ac
613 903 702 929 vox
723 888 915 942 loquelae
933 889 1025 943 ejus
1043 888 1200 941 incipit
1210 888 1324 943 fieri
1340 890 1763 932 masculina.——Hoc
1785 892 1867 933 ad-

372 953 553 993 ducitur
594 952 653 993 ob
685 951 834 1000 finem,
869 958 918 993 ut
950 952 1121 993 sciatur
1152 958 1278 993 ortus
1302 953 1475 993 amoris
1506 967 1644 994 sexus
1676 960 1723 996 et
1759 954 1866 996 inde

370 1015 698 1064 fornicationis,
716 1015 836 1069 quod
854 1016 913 1056 sit
929 1015 1035 1056 dum
1050 1014 1312 1057 intellectus
1325 1015 1512 1057 inchoat
1527 1030 1587 1058 ex
1604 1031 1652 1058 se
1666 1018 1867 1059 rationa-

371 1080 426 1121 lis
449 1079 556 1128 fieri,
574 1093 653 1120 seu
676 1093 735 1120 ex
755 1080 935 1133 propria
950 1080 1127 1120 ratione
1143 1079 1399 1133 perspicere
1415 1086 1462 1121 et
1479 1080 1740 1134 prospicere
1753 1095 1868 1136 quae

370 1143 685 1185 emolumento
703 1150 750 1184 et
769 1144 865 1195 usui
881 1149 1000 1191 sunt,
1018 1143 1089 1183 cui
1111 1149 1220 1184 tunc
1237 1157 1317 1197 pro
1330 1142 1468 1197 plano
1482 1144 1671 1185 inservit
1686 1145 1730 1185 id
1748 1145 1869 1199 quod

369 1208 414 1249 in
431 1208 651 1248 memoria
665 1213 735 1248 est
750 1221 809 1248 ex
825 1207 1089 1261 parentibus
1103 1213 1150 1248 et
1169 1207 1416 1260 magistris.
1469 1207 1544 1249 Fit
1563 1207 1645 1249 illo
1660 1214 1868 1263 tempore

369 1285 555 1312 versura
580 1271 623 1311 in
650 1277 835 1311 mente:
870 1270 992 1324 prius
1019 1270 1158 1311 modo
1184 1271 1410 1324 cogitavit
1437 1284 1496 1312 ex
1528 1272 1662 1312 rebus
1689 1285 1862 1314 memo-

368 1335 461 1376 riae
486 1334 643 1383 illatis,
673 1334 942 1375 meditando
973 1333 1065 1383 illa,
1094 1341 1141 1375 et
1174 1334 1431 1375 obediendo
1457 1334 1572 1386 illis;
1611 1341 1777 1389 postea
1806 1350 1867 1378 ex

369 1400 548 1440 ratione
581 1412 715 1451 super
746 1397 851 1448 illa;
888 1404 935 1439 et
967 1404 1091 1447 tunc,
1125 1398 1326 1439 ducente
1357 1411 1528 1448 amore,
1562 1399 1765 1453 disponit
1795 1413 1867 1441 res

370 1463 616 1503 memoriae
643 1462 897 1502 insidentes
929 1462 973 1501 in
1006 1474 1174 1502 novum
1201 1461 1423 1509 ordinem,
1452 1468 1499 1503 et
1531 1461 1634 1503 huic
1666 1475 1868 1516 congrue

369 1526 514 1566 vitam
539 1526 768 1579 propriam
796 1525 986 1574 orditur,
1015 1530 1061 1565 et
1087 1525 1345 1566 successive
1371 1525 1472 1579 plus
1499 1532 1544 1566 et
1577 1525 1676 1579 plus
1702 1538 1865 1567 secun-

370 1590 477 1631 dum
504 1603 631 1630 suam
655 1589 878 1629 rationem
902 1588 1094 1641 cogitat,
1119 1594 1165 1629 et
1193 1602 1253 1629 ex
1279 1602 1361 1629 suo
1388 1589 1532 1629 libero
1558 1588 1669 1630 vult.
1731 1588 1866 1642 Quod

370 1666 498 1694 amor
529 1666 668 1693 sexus
700 1658 916 1706 sequatur
946 1651 1287 1692 initiamentum
1314 1650 1577 1692 intellectus
1609 1653 1791 1706 proprii,
1819 1658 1867 1694 et

369 1717 688 1771 progrediatur
710 1715 958 1756 secundum
977 1713 1070 1767 ejus
1092 1715 1310 1768 vigorem,
1335 1721 1495 1755 notum
1518 1721 1589 1756 est
1610 1729 1619 1766 ;
1653 1715 1866 1758 indicium

370 1780 492 1834 quod
514 1780 591 1820 ille
614 1793 741 1820 amor
758 1779 980 1819 ascendat
1004 1779 1119 1819 sicut
1140 1778 1350 1819 ascendit
1373 1777 1651 1828 intellectus,
1675 1785 1722 1820 et
1746 1779 1866 1833 quod

369 1843 624 1885 descendat
652 1844 770 1883 sicut
802 1841 878 1883 ille
905 1842 1173 1882 descendit:
1207 1855 1287 1895 per
1317 1842 1567 1882 ascendere
1592 1842 1867 1896 intelligitur

369 1907 414 1948 in
441 1907 730 1960 sapientiam,
759 1912 806 1947 et
834 1919 913 1958 per
938 1905 1220 1946 descendere
1246 1904 1520 1958 intelligitur
1545 1905 1588 1945 in
1615 1905 1864 1956 insaniam;

369 1984 422 2012 ac
461 1971 687 2024 sapientia
719 1976 790 2010 est
822 1982 1026 2010 amorem
1058 1982 1196 2009 sexus
1228 1968 1455 2017 cohibere,
1489 1981 1542 2009 ac
1584 1968 1761 2010 insania
1791 1976 1863 2011 est

370 2034 498 2075 illum
531 2035 743 2074 emittere
785 2033 829 2073 in
867 2032 1038 2082 latum;
1081 2033 1117 2072 si
1154 2033 1198 2072 in
1231 2031 1594 2081 fornicationem,
1622 2046 1738 2086 quae
1769 2032 1864 2087 ejus

370 2097 622 2139 activitatis
659 2097 835 2137 initium
873 2102 958 2144 est,
987 2095 1112 2135 illam
1152 2109 1212 2136 ex
1252 2095 1482 2149 principiis
1519 2095 1780 2137 honestatis
1816 2102 1864 2138 et

370 2161 659 2208 moralitatis,
680 2159 926 2200 memoriae
944 2165 990 2199 et
1008 2159 1113 2199 inde
1132 2158 1297 2199 rationi
1315 2158 1615 2210 implantatis,
1635 2165 1682 2200 et
1700 2165 1866 2213 postea

370 2225 538 2266 rationi
569 2230 616 2265 et
659 2224 764 2264 inde
796 2223 1043 2264 memoriae
1074 2221 1417 2275 implantandis,
1451 2221 1590 2263 debet
1623 2223 1863 2264 moderari.

371 2287 507 2342 Quod
534 2301 623 2329 una
645 2300 747 2328 cum
769 2283 1030 2327 intellectus
1053 2285 1219 2338 proprii
1239 2284 1580 2334 inchoamento,
1605 2286 1745 2327 etiam
1769 2299 1864 2327 vox

370 2352 558 2405 incipiat
594 2350 687 2392 fieri
730 2349 997 2397 masculina,
1030 2354 1101 2389 est
1141 2348 1244 2401 quia
1283 2346 1546 2389 intellectus
1587 2349 1780 2402 cogitat,
1815 2355 1862 2390 et

370 2429 451 2470 per
482 2414 815 2469 cogitationem
847 2412 1072 2466 loquitur;
1112 2411 1327 2452 indicium
1359 2411 1480 2464 quod
1512 2410 1773 2453 intellthus
1796 2412 1862 2453 fa-

340 2521 342 2523 ,
370 2478 462 2519 ciat
484 2480 641 2527 virum,
666 2483 713 2518 et
740 2490 918 2530 quoque
940 2474 1191 2516 masculum
1213 2473 1306 2527 ejus
1327 2487 1336 2524 ;
1369 2481 1718 2528 consequenter,
1741 2475 1863 2529 quod

372 2541 489 2582 sicut
512 2540 717 2582 elevatur
738 2537 1001 2581 intellectus
1023 2537 1130 2591 ejus,
1151 2538 1216 2579 ita
1241 2536 1319 2579 fiat
1342 2537 1481 2579 homo
1506 2539 1586 2588 vir,
1611 2544 1659 2579 et
1685 2551 1863 2592 quoque

372 2604 600 2646 masculus
627 2604 692 2644 vir
721 2602 949 2657 (videatur
973 2615 1121 2655 supra,
1150 2614 1192 2642 n.
1218 2612 1317 2653 433,
1343 2603 1464 2655 434).

454 2676 584 2722 44¹7.
618 2665 717 2720 (iii.)
755 2665 883 2717 Quod
890 2664 1135 2719 fornicatio
1165 2664 1227 2705 sit
1256 2664 1480 2706 naturalis
1505 2664 1711 2714 hominis,
1738 2665 1862 2706 simi-

371 2731 478 2773 liter
503 2738 552 2771 ut
578 2743 705 2771 amor
730 2743 882 2778 sexus,
910 2730 983 2783 qui
1009 2729 1045 2770 si
1070 2727 1243 2770 ac'tivus
1269 2728 1320 2770 fit
1347 2735 1456 2770 ante
1481 2728 1754 2782 conjugium,
1780 2742 1862 2770 vo-

372 2801 503 2835 catur
545 2791 1022 2834 fornicatio.—Omnis
1075 2791 1216 2833 homo
1260 2793 1461 2833 nascitur
1505 2805 1764 2845 corporeus,
1810 2789 1861 2832 fit

372 2856 609 2905 sensualis,
649 2856 754 2897 dein
791 2856 1026 2904 naturalis,
1068 2861 1115 2896 et
1160 2856 1417 2896 successive
1457 2854 1707 2904 rationalis,
1740 2860 1787 2896 et
1825 2855 1861 2896 si

372 2927 481 2961 tunc
514 2932 605 2961 non
632 2919 857 2967 subsistit,
885 2917 936 2960 fit
967 2917 1241 2972 spiritualis3
1279 2918 1400 2971 quod
1431 2918 1496 2958 ita
1528 2917 1860 2970 progrediatur,

373 2989 445 3024 est
472 2995 623 3031 causa,
648 2988 696 3023 ut
718 2981 968 3023 formentur
990 2981 1139 3035 plana,
1159 2981 1319 3035 quibus
1342 2981 1594 3022 innitantur
1615 2979 1859 3034 superiora,

2006 2979 2014 3038 μ’--
2007 2933 2014 2973 “-ν
2008 2879 2014 2900 ,μ
