2014 3386
283 392 365 434 xiv

795 400 1062 435 COMMUNIS
1092 401 1267 433 INDEX.

538 515 641 562 [(vi.)]
677 496 777 557 Quod
801 518 874 552 ideo
896 519 935 552 in
950 519 1129 563 populosis
1153 518 1355 552 civitatibus
1378 519 1568 563 lupanaria
1595 519 1782 553 tolerentur

761 561 800 603 (n
827 563 915 603 451)-

520 604 638 650 [(vii.)]
674 604 775 644 Quod
780 588 972 650 ⁸fornicatio
982 607 1068 639 levis
1083 606 1140 646 sit,
1153 611 1325 650 quantum
1341 609 1471 650 spectat
1482 608 1533 640 ad
1542 617 1688 641 amorem
1703 619 1780 641 con·

752 651 937 694 jugialem,
954 655 988 683 et
1001 651 1094 684 hunc
1101 651 1264 694 praefert
1276 650 1324 694 (n.
1340 651 1429 693 452).

511 691 641 737 [(viii.>]
678 695 780 736 Quod
802 695 906 727 libido
923 694 1133 738 fornicandi
1150 695 1275 738 gravis
1303 695 1361 735 sit,
1384 699 1557 739 quantum
1583 698 1713 739 spedat
1735 697 1783 729 ad

761 739 973 771 adulterium
989 738 1036 779 (n.
1052 736 1146 780 453).

537 779 641 825 [(ix.)]
678 783 777 823 Quod
795 783 899 815 libido
909 782 1116 825 fornicandi
1125 783 1274 826 gravior
1287 783 1345 823 sit,
1360 783 1452 816 sicut
1468 783 1580 825 vem-it
1592 784 1641 816 ad
1651 783 1782 827 cupidi·

548 867 640 914 [(x.)]

762 837 838 859 nem
852 827 1074 866 varietatum,
1084 831 1119 859 et
1125 828 1174 859 ad
1180 827 1373 869 cupidinem
1385 827 1619 871 deflorationis
1630 827 1678 868 (n.
1691 827 1778 868 454).

679 871 780 912 Quod
788 871 930 912 sphaera
947 870 1106 903 libidinis
1114 870 1335 914 fornicandi,
1351 872 1469 914 qualis
1479 876 1530 904 est
1546 872 1585 904 in
1594 871 1781 914 principio,

761 914 811 947 sit
824 915 935 947 media
954 914 1050 947 inter
1061 915 1241 958 sphaeram
1265 915 1394 948 amoris
1412 916 1602 948 scortatorii
1618 919 1653 947 et
1665 916 1782 958 sphae-

762 969 838 991 ram
865 959 994 991 amoris
1018 959 1236 1002 conjugialis,
1262 963 1295 991 et
1313 959 1435 1002 faciat
1458 959 1705 1002 aequilibrium
1731 959 1781 1001 (n.

535 1043 640 1089 [(xi.)]
677 1046 778 1087 Quod
781 1028 1059 1098 prospiciendum
1082 1047 1138 1086 sit,
1158 1058 1201 1079 ne
1222 1058 1322 1080 amor
1335 1046 1543 1090 conjugialis
1550 1052 1618 1090 per
1623 1046 1782 1090 fornica-

763 1091 869 1123 tiones
885 1091 1124 1123 immoderatas
1138 1095 1173 1123 et
1185 1091 1402 1124 inordinatas
1409 1091 1581 1133 perdatur
1614 1101 1647 1124 n.
1663 1091 1752 1132 456).

525 1131 641 1177 [(xii.)]
678 1134 848 1175 Quoniam
872 1135 1067 1177 conjugiale
1086 1135 1196 1167 unius
1212 1135 1286 1168 viri
1300 1146 1377 1168 cum
1394 1146 1467 1167 una
1487 1146 1594 1167 uxore
1611 1139 1661 1167 est
1676 1135 1783 1167 cleno-

512 1262 644 1309 [mm]

761 1179 860 1215 dium
901 1179 992 1211 vitae
1029 1179 1213 1218 humanae,
1243 1183 1278 1212 et
1312 1179 1574 1212 reconditorium
1607 1178 1783 1222 religionis

766 1222 986 1256 Christianae
1001 1221 1049 1262 (n.
1065 1230 1141 1263 457,
1157 1222 1245 1263 458).

680 1267 783 1308 Quod
793 1267 985 1309 coniugiale
1003 1267 1064 1299 hoc
1078 1268 1175 1308 apud
1190 1267 1276 1305 illos,
1295 1267 1358 1319 qui
1367 1270 1508 1309 propter
1526 1267 1645 1299 varias
1661 1277 1784 1299 causas

762 1311 915 1343 nondum
938 1311 1100 1354 conjugia
1115 1315 1267 1353 possunt
1287 1311 1389 1349 mire,
1408 1315 1441 1343 et
1453 1315 1594 1353 propter
1617 1310 1782 1343 salaciam

761 1366 831 1388 non
847 1359 997 1396 possunt
1017 1355 1184 1388 moderari
1205 1355 1375 1393 libidines,
1399 1359 1503 1397 queat
1523 1355 1728 1394 conservari,
1750 1354 1784 1387 si

762 1409 860 1430 amor
871 1410 973 1431 sexus
981 1398 1055 1441 fiat
1067 1399 1211 1431 stric‘tus
1226 1400 1275 1431 ad
1286 1410 1394 1431 unam
1403 1398 1558 1441 pellicem
1575 1398 1623 1439 (n.
1639 1399 1727 1440 459).

509 1439 638 1485 [(xiv.)]
674 1443 775 1484 Quod
777 1443 962 1485 pellicatus
978 1443 1119 1475 libidini
1135 1453 1240 1486 vagae
1249 1447 1407 1484 praestet,
1416 1443 1509 1474 modo
1524 1453 1592 1474 non
1600 1446 1785 1485 pangatur

761 1497 840 1519 cum
849 1487 1025 1529 pluribus,
1037 1497 1096 1519 nec
1110 1498 1187 1519 cum
1201 1486 1338 1528 virgine
1348 1497 1408 1519 seu
1424 1486 1572 1525 illibata,
1586 1490 1692 1529 neque
1705 1497 1782 1518 cum

763 1531 942 1615 ζαέιέἓξα,
964 1541 1005 1563 ac
1027 1534 1185 1563 teneatur
1196 1535 1374 1574 separatus
1397 1530 1439 1563 ab
1460 1541 1573 1563 amore
1595 1529 1786 1574 conjugiali

284 1682 408 1729 [XX.]
445 1682 510 1719 DE
536 1681 860 1719 CONCUBINATU
889 1684 943 1730 (n.
960 1683 1157 1728 462-476).

566 1762 647 1808 [(i.)]

551 1894 645 1940 [(ii.)]

536 1981 645 2027 [(iii-)]

543 2069 647 2114 [(iv-)]

552 2156 644 2202 [(v·)]

542 2288 646 2334 [(v1.)]

527 2420 645 2486 [mi->J

514 2508 644 2553 [(viii.)]

535 2595 644 2642 [(ix.)]

552 2683 643 2729 [(x.)]

540 2771 645 2817 [(xi.)]

527 2903 646 2949 [(κῑω]

683 1764 784 1806 Quod
801 1765 867 1797 duo
888 1764 1137 1797 concubinatus
1154 1775 1284 1807 genera
1306 1764 1388 1803 sint,
1407 1775 1496 1808 quae
1517 1764 1611 1797 inter
1629 1775 1663 1797 se
1686 1764 1785 1797 valde

762 1809 944 1851 differunt,
962 1819 1073 1841 unum
1096 1809 1308 1841 con'unc‘tim
1338 1819 1416 1842 cum
1441 1819 1555 1848 uxore,
1579 1813 1612 1841 et
1634 1808 1783 1841 alterum

763 1853 949 1895 sejunctim
964 1853 1007 1884 ab
1023 1864 1127 1886 uxore
1156 1864 1190 1886 n.
1206 1853 1294 1894 463).

682 1897 784 1937 Quod
808 1896 1055 1929 concubinatus
1081 1895 1292 1939 conjunctim
1322 1906 1400 1928 cum
1432 1906 1545 1935 uxore,
1564 1895 1613 1928 sit
1637 1895 1785 1928 illicitus

768 1940 988 1979 Christianis,
1006 1951 1045 1972 ac
1059 1941 1264 1974 detestabilis
1279 1940 1326 1979 (n.
1342 1940 1431 1980 464).

681 1985 782 2025 Quod
795 1984 843 2016 sit
848 1984 1058 2027 polygamia,
1077 1995 1166 2027 quae
1187 1995 1230 2016 ex
1243 1984 1317 2017 orbe
1338 1983 1537 2016 Christiano
1554 1983 1717 2015 damnata
1735 1986 1787 2016 est

764 2031 798 2059 et
811 2029 1010 2060 damnanda
1027 2027 1074 2067 (n.
1091 2029 1179 2068 465).

683 2072 784 2112 Quod
794 2071 842 2103 sit
862 2072 1029 2110 scortatio,
1038 2076 1105 2114 per
1115 2072 1209 2115 quod
1225 2071 1425 2114 conjug-iale,
1441 2071 1535 2114 quod
1544 2075 1595 2103 est
1609 2070 1784 2103 cimelium

767 2115 859 2147 vitae
877 2115 1105 2154 Christianae,
1122 2115 1319 2158 deperditur
1331 2115 1379 2155 (n.
1395 2115 1483 2156 466).

681 2159 781 2200 Quod
799 2158 1045 2191 concubinatus
1067 2159 1252 2202 sejunctim
1269 2159 1310 2190 ab
1327 2170 1440 2198 uxore,
1457 2160 1539 2191 dum
1549 2158 1601 2201 fit
1613 2169 1655 2190 ex
1669 2158 1786 2191 causis

765 2203 938 2245 legitimis,
944 2203 1068 2246 justis,
1084 2207 1118 2235 et
1138 2214 1213 2235 vere
1234 2203 1384 2242 sonticis,
1404 2214 1473 2235 non
1495 2203 1545 2235 sit
1565 2202 1714 2235 illicitus
1735 2201 1784 2240 (n.

681 2291 782 2332 Quod
806 2301 928 2323 causae
953 2290 1122 2333 legitimae
1149 2290 1256 2333 hujus
1284 2290 1541 2327 concubinatus,
1564 2290 1639 2322 sint
1662 2300 1786 2323 causae

765 2334 938 2377 legitimae
962 2334 1115 2372 divortii,
1138 2345 1216 2367 cum
1243 2344 1334 2366 uxor
1358 2334 1590 2366 nihilominus
1619 2334 1789 2367 retinetur

765 2378 857 2410 domi
871 2378 919 2419 (n.
935 2379 1010 2418 468,
1028 2379 1116 2420 469).

682 2422 783 2463 Quod
792 2433 915 2454 causae
920 2423 1040 2464 justae
1056 2422 1163 2465 hujus
1174 2421 1431 2461 concubinatus,
1447 2421 1522 2454 sint
1537 2432 1660 2454 causae
1664 2421 1786 2464 justae

765 2466 990 2508 separationis
1004 2477 1025 2497 a
1043 2470 1111 2498 toro
1126 2464 1173 2506 (n.
1190 2467 1277 2506 470).

681 2510 781 2551 Quod
798 2520 923 2542 causae
944 2510 1092 2542 sonticae
1118 2510 1226 2552 hujus
1251 2509 1509 2548 concubinatus,
1525 2509 1600 2542 sint
1625 2509 1730 2541 reales
1753 2512 1788 2542 et

770 2564 839 2586 non
856 2555 959 2586 reales
974 2553 1021 2595 (n.
1039 2551 1127 2594 471).

681 2597 781 2639 Quod
797 2609 920 2630 causae
928 2597 1094 2683 )sonticae
1118 2597 1222 2630 reales
1245 2597 1328 2635 sint,
1344 2608 1433 2640 quae
1455 2607 1498 2630 ex
1502 2597 1604 2640 justo
1629 2599 1716 2629 sunt
1735 2595 1784 2635 (n.

767 2649 844 2682 472,
863 2650 928 2682 473
944 2666 952 2675 ·

680 2686 779 2727 Quod
796 2696 918 2718 causae
940 2685 1088 2718 senticae
1109 2696 1179 2718 non
1202 2685 1316 2723 reales,
1333 2684 1409 2717 sint
1428 2695 1516 2727 quae
1538 2695 1607 2717 non
1629 2694 1672 2716 ex
1683 2683 1786 2726 justo

768 2734 861 2768 sunt,
874 2729 1009 2762 tametsi
1023 2740 1066 2762 ex
1082 2729 1282 2772 apparentia
1289 2729 1388 2771 justi
1402 2727 1450 2769 (n.
1467 2728 1555 2769 474).

681 2773 782 2814 Quod
799 2773 865 2811 illi,
882 2773 946 2816 qui
963 2783 1005 2805 ex
1018 2773 1133 2805 causis
1149 2772 1321 2815 legitimis,
1332 2773 1455 2815 justis.
1471 2776 1505 2804 et
1524 2771 1666 2804 sonticis
1685 2770 1786 2803 reali·

769 2817 832 2849 bus
850 2817 889 2849 in
905 2817 965 2849 hoc
986 2817 1214 2849 concubinatu
1229 2821 1321 2855 sunt,
1330 2816 1468 2859 possint
1480 2815 1594 2848 simul
1612 2815 1652 2847 in
1673 2824 1787 2847 amore

768 2861 959 2904 conjugiali
972 2871 1040 2893 esse
1054 2860 1101 2900 (n.
1118 2860 1207 2901 475).

682 2905 782 2946 Quod
792 2906 929 2947 quando
945 2904 1001 2937 hic
1009 2904 1256 2937 concubinatus
1263 2907 1404 2947 perstat,
1423 2901 1575 2936 actualis
1589 2900 1786 2946 conjunctio

769 2959 846 2981 cum
864 2959 972 2981 uxore
983 2958 1052 2981 non
1066 2948 1163 2980 licita
1178 2948 1226 2980 sit
1239 2947 1286 2990 (n.
1303 2946 1391 2988 476).
