2014 3386
300 347 316 377 1
326 346 383 388 34
531 373 534 376 .
761 345 1004 378 DEL'ICIAE
1036 344 1340 378 SAPIENTIAE

297 463 486 510 uterque
505 456 636 498 simul
654 463 846 498 vocatur
866 457 1019 499 Homo
1037 457 1129 511 (ibi,
1151 471 1248 512 cap.
1264 459 1289 499 i.
1305 468 1358 511 27
1377 472 1388 510 ;
1416 472 1513 512 cap.
1530 458 1586 500 iii.
1603 458 1760 512 22—24)
1778 471 1788 499 :

294 533 375 572 per
407 533 542 561 unam
583 533 766 561 carnem
806 522 946 562 etiam
986 520 1270 574 significatur
1309 535 1422 563 unus
1464 522 1635 571 Homo,
1668 523 1789 576 quod

294 589 425 636 patet
449 597 507 624 ex
531 583 643 625 locis
665 585 709 624 in
728 584 900 632 Verbo,
920 584 994 625 ubi
1016 585 1180 625 dicitur
1200 585 1384 626 “omnis
1407 585 1554 635 caro,’'
1571 599 1651 640 per
1668 586 1788 640 quod

291 646 568 700 intelligitur
594 648 741 688 omnis
768 647 908 689 homo

357 735 423 776 (Ut
443 736 524 768 Gen.
545 737 591 768 vi.
612 744 662 774 12,
682 744 732 775 13,
753 744 804 775 17,
823 745 885 777 19:
908 736 1008 769 Esai.
1025 737 1072 769 xl.
1091 745 1120 776 5,
1138 737 1179 775 6;
1203 747 1278 778 cap.
1291 738 1375 770 xlix.
1389 738 1454 773 26:
1478 748 1554 779 cap.
1570 738 1654 770 lxvi.
1671 739 1720 774 16.
1737 746 1787 779 23.

468 788 509 818 24
527 790 534 817 ;
563 781 689 822 Jerem.
706 790 788 812 xxv.
807 789 845 819 31
862 790 869 819 ;
894 790 970 821 cap.
984 781 1091 812 xxxii.
1106 789 1147 820 27
1162 790 1170 820 ;
1190 791 1265 822 cap.
1278 782 1349 818 xlv.
1364 789 1380 821 5
1397 791 1404 820 ;
1422 782 1544 814 Ezech.
1558 792 1615 814 xx.
1627 783 1670 822 48
1684 792 1692 822 ;
1712 792 1788 823 cap.

466 824 538 855 xxi.
555 833 586 863 4,
602 832 618 862 5
633 833 639 860 :
665 830 700 855 et
716 824 825 864 alibi).

290 907 411 961 Quid
443 917 596 951 autem
628 910 902 964 intelligitur
932 925 1012 965 per
1040 915 1256 952 “costam
1289 912 1410 961 viri‚”
1436 926 1550 966 quae
1581 913 1626 954 in
1653 913 1784 954 muli-

288 986 412 1014 erem
453 973 695 1015 aedificata
732 981 817 1022 est,
851 975 957 1028 quid
994 989 1074 1028 per
1107 975 1362 1016 “carnem’'
1392 990 1506 1029 quae
1547 976 1651 1018 loco
1692 976 1785 1029 ejus

287 1036 465 1077 inclusa
488 1043 573 1086 est,
599 1044 645 1078 et
668 1039 730 1079 sic
754 1038 859 1091 quid
887 1051 966 1091 per
990 1042 1079 1079 “os
1102 1052 1161 1079 ex
1185 1039 1361 1079 ossibus
1384 1040 1496 1080 meis
1522 1046 1568 1080 et
1592 1053 1697 1081 caro
1725 1054 1784 1081 ex

288 1113 425 1141 carne
462 1100 604 1150 mea‚”
635 1107 682 1142 et
714 1102 820 1155 quid
858 1115 937 1155 per
970 1105 1188 1155 “patrem
1221 1108 1267 1143 et
1305 1101 1539 1151 matrem‚”
1571 1116 1682 1156 quos
1717 1103 1785 1143 vir

286 1170 392 1217 post
425 1163 684 1217 conjugium
711 1164 952 1218 relinquet,
981 1171 1027 1206 et
1060 1165 1165 1218 quid
1198 1178 1278 1218 per
1304 1165 1588 1206 “adhaerere
1615 1165 1784 1214 uxori,”

286 1233 522 1268 ostensum
549 1234 619 1269 est
646 1228 691 1268 in
713 1228 914 1269 Arcanz‘s
940 1227 1228 1277 caelestibus,
1253 1228 1327 1269 ubi
1351 1229 1439 1269 duo
1462 1228 1576 1275 libri,
1604 1228 1784 1271 Genesis

285 1296 334 1331 et
351 1289 552 1340 Exodus,
572 1291 721 1345 quoad
740 1304 921 1332 sensum
941 1291 1221 1345 spiritualem
1241 1291 1463 1345 explicati
1482 1298 1602 1332 sunt.
1647 1291 1782 1344 Quod

285 1367 378 1396 non
406 1361 538 1395 costa
569 1368 649 1408 per
678 1354 937 1403 “costam,‘'
964 1368 1046 1395 nec
1080 1368 1187 1396 caro
1219 1369 1298 1408 per
1327 1354 1589 1402 “carnem‚”
1615 1368 1697 1395 nec
1731 1369 1782 1396 os
1832 1392 1835 1394 .

283 1430 365 1470 per
384 1417 513 1466 “05‚”
531 1431 677 1471 neque
700 1418 949 1459 adhaerere
971 1432 1052 1472 per
1071 1417 1399 1466 “adhaerere,”
1415 1415 1650 1458 intellee'ta
1673 1418 1778 1465 sint,

283 1481 364 1521 sed
397 1481 661 1533 spiritualia,
696 1495 810 1534 quae
841 1481 930 1522 illis
962 1481 1339 1535 correspondent.
1373 1487 1419 1521 et
1457 1481 1561 1520 inde
1593 1494 1672 1534 per
1702 1479 1781 1520 illa

282 1543 610 1596 significantur,
644 1545 704 1585 ibi
737 1545 1101 1586 demonstratum
1134 1551 1231 1586 est:
1266 1544 1386 1598 quod
1418 1542 1654 1595 intellefta
1689 1543 1780 1584 sint

282 1607 550 1660 spiritualia,
584 1622 698 1662 quae
731 1622 756 1648 a
788 1608 964 1649 duobus
999 1608 1169 1649 faciunt
1200 1621 1337 1648 unum
1371 1607 1618 1655 hominem,
1651 1612 1781 1660 patet

282 1684 342 1711 ex
369 1684 438 1719 eo,
467 1671 587 1724 quod
615 1684 742 1712 amor
768 1671 1034 1724 conjugialis
1061 1671 1311 1724 conjungat
1337 1670 1453 1718 illos,
1481 1677 1527 1711 et
1554 1683 1681 1710 amor
1702 1669 1779 1710 ille

281 1740 352 1774 est
379 1734 638 1788 spiritualis.
701 1734 836 1787 Quod
864 1748 991 1776 amor
1013 1735 1264 1788 sapientiae
1287 1734 1368 1774 viri
1395 1733 1696 1786 transcriptus
1721 1733 1778 1774 sit

280 1797 326 1837 in
354 1811 558 1846 uxorem,
586 1812 720 1851 supra
745 1798 988 1852 aliquoties
1014 1797 1182 1839 dietum
1210 1803 1292 1846 est,
1318 1803 1363 1838 et
1385 1797 1429 1837 in
1457 1794 1775 1837 transatffloni-

279 1860 378 1908 bus,
398 1874 512 1915 quae
535 1861 651 1902 hane
672 1868 934 1915 sequuntur,
955 1860 1131 1914 plenius
1150 1860 1516 1909 confirmabitur3
1550 1872 1666 1899 nunc
1686 1872 1775 1900 non

278 1923 389 1965 lieet
416 1937 442 1964 a
464 1925 655 1965 materia
681 1924 751 1965 hic
776 1924 1012 1978 proposita
1035 1924 1172 1972 abire,
1197 1930 1243 1965 et
1267 1924 1329 1964 sic
1353 1923 1542 1976 digredi,
1567 1935 1681 1975 quae
1704 1929 1775 1963 est

280 1987 338 2027 de
370 1985 689 2039 conjune‘tione
726 1988 915 2028 duorum
948 1987 1191 2040 conjugum
1224 1987 1268 2027 in
1305 1999 1439 2026 unam
1481 1998 1664 2026 carnem
1696 1998 1776 2038 per

279 2051 492 2091 unionem
520 2051 771 2091 animarum
798 2057 845 2092 et
877 2051 1113 2092 mentium.
1174 2049 1263 2091 Sed
1296 2049 1410 2090 haec
1443 2049 1548 2090 unio
1574 2048 1774 2090 elucida-

279 2113 401 2156 bitur
426 2114 470 2155 in
497 2114 583 2156 hoc
611 2115 769 2156 ordine
787 2128 858 2155 :—

518 2202 574 2248 (i.)
611 2203 725 2248 Quod
741 2214 764 2237 a
791 2204 983 2237 creatione
1001 2203 1122 2237 insita
1147 2203 1200 2237 sit
1225 2204 1380 2247 utrique
1403 2203 1518 2237 sexui
1532 2202 1716 2248 facultas
1738 2205 1776 2236 et

702 2250 917 2290 inclinatio,
947 2254 990 2284 ut
1015 2251 1167 2296 possint
1183 2253 1219 2284 et
1244 2249 1366 2284 velint
1391 2250 1582 2295 conjungi
1602 2251 1704 2284 sicut
1729 2250 1772 2283 in

704 2308 836 2333 unum.
1700 2311 1702 2313 ·

502 2343 572 2388 (ii.)
610 2344 723 2389 Quod
735 2355 847 2378 amor
862 2344 1097 2390 conjugialts
1112 2344 1325 2390 conjungat
1341 2343 1441 2378 duas
1456 2345 1611 2378 animas
1629 2346 1666 2377 et
1684 2342 1774 2377 inde

702 2396 842 2426 mentes
857 2393 900 2425 in
918 2402 1050 2426 unum.

485 2437 570 2482 (iii.)
609 2438 722 2484 Quod
734 2439 913 2472 voluntas
931 2439 1066 2473 uxoris
1083 2449 1121 2472 se
1139 2438 1352 2483 conjungat
1368 2448 1453 2472 cum
1471 2437 1661 2471 intellectu
1675 2438 1770 2478 viri,

703 2489 739 2519 et
753 2485 842 2519 inde
858 2485 1066 2520 intelleHus
1081 2486 1168 2519 viri
1181 2496 1265 2519 cum
1283 2485 1482 2518 voluntate
1499 2485 1644 2519 uxoris.

488 2532 572 2577 (iv.)
610 2532 723 2578 Quod
736 2532 942 2567 inclinatio
955 2533 1012 2567 ad
1025 2532 1233 2566 uniendum
1246 2531 1324 2565 sibi
1331 2533 1463 2565 virum
1480 2532 1533 2565 sit
1545 2534 1720 2565 constans
1734 2534 1772 2565 et

695 2582 886 2625 perpetua
913 2579 1024 2625 apud
1040 2589 1207 2619 uxorem,
1225 2578 1293 2612 sed
1313 2579 1533 2612 inconstans
1556 2581 1592 2612 et
1616 2577 1769 2612 alterna

702 2627 812 2671 apud
824 2628 968 2661 virum.

505 2673 573 2719 (v.)
611 2673 724 2719 Quod
730 2674 942 2719 conjunctio
956 2674 1172 2718 inspiretur
1179 2672 1266 2706 vim
1280 2671 1327 2706 ab
1344 2682 1463 2706 uxore
1474 2670 1676 2705 secundum
1688 2672 1771 2717 ejus

703 2732 881 2760 amorem,
900 2724 936 2754 et
955 2721 1174 2766 recipiatur
1193 2730 1218 2753 a
1239 2720 1326 2753 viro
1346 2718 1550 2752 secundum
1567 2719 1650 2764 ejus
1664 2719 1769 2763 sapi-

702 2769 859 2802 entiam.

485 2813 568 2860 (vi.)
606 2814 719 2860 Quod
727 2814 939 2859 conjunctio
957 2814 1027 2848 illa
1038 2813 1116 2855 fiat
1127 2813 1328 2848 successive
1344 2824 1368 2846 a
1380 2813 1527 2857 primis
1540 2811 1669 2846 diebus
1684 2822 1768 2846 con-

690 2862 817 2906 jugii,
835 2866 871 2895 et
896 2861 1006 2906 apud
1019 2860 1112 2900 illos,
1131 2861 1204 2904 qui
1224 2861 1266 2893 in
1292 2870 1421 2893 amore
1443 2870 1532 2893 vere
1554 2858 1774 2905 conjugiali

701 2911 801 2947 sunt,
814 2909 991 2953 penitius
1006 2911 1042 2942 et
1052 2908 1228 2954 penitius
1244 2908 1287 2940 in
1306 2909 1515 2940 aeternum.

478 2954 575 3001 (vii.)
613 2955 727 3001 Quod
739 2951 951 3000 conjuntiio
965 2955 1100 2989 uxoris
1115 2965 1199 2988 cum
1217 2954 1409 2998 sapientia
1423 2951 1619 2987 rationali
1631 2952 1774 2986 mariti

691 3002 773 3047 fiat
782 3002 829 3036 ab
840 3004 961 3042 intra,
972 3002 1039 3036 sed
1045 3012 1130 3036 cum
1141 3001 1332 3046 sapientia
1346 2999 1490 3034 morali
1495 3000 1578 3045 ejus
1588 2999 1635 3033 ab
1643 3002 1768 3033 extra.

2004 2166 2014 2297 'i
