2014 3386
569 334 636 367 DE
668 331 849 367 AMORE
881 331 1307 375 CONJUGIAL1.—N.
1337 323 1431 375 382.
1467 381 1469 383 ι
1667 333 1751 377 299

246 449 315 497 qui
332 448 428 485 facit
443 448 569 484 vitam
590 448 769 489 illorum;
796 447 889 483 inde
906 453 978 487 est,
998 446 1105 493 quod
1126 446 1248 482 homo
1267 446 1513 487 incendatur,
1534 445 1748 481 incalescat

246 509 288 539 et
306 502 583 542 inflammetur,
599 501 694 536 dum
708 512 821 536 amor
834 501 920 547 ejus
937 501 1136 536 exaltatur
1154 500 1193 534 in
1206 499 1347 539 zelum,
1361 499 1458 534 iram
1477 505 1517 534 et
1534 499 1751 534 excandes-

251 555 426 592 centiam
441 567 449 596 ;
475 565 596 601 quare
614 565 663 590 ex
681 565 730 590 eo
747 555 856 600 quod
875 554 983 589 calor
1000 552 1228 599 spiritualis,
1247 553 1315 598 qui
1333 559 1394 588 est
1411 563 1534 592 amor,
1554 552 1751 597 producat

246 609 426 645 calorem
445 607 666 643 naturalem
685 607 791 653 apud
812 607 1006 647 homines,
1025 617 1151 652 usque
1172 612 1217 641 ut
1243 606 1437 641 accendat
1462 612 1503 640 et
1529 605 1750 640 inflammet

247 662 406 697 illorum
424 660 546 696 facies
563 667 605 696 et
621 668 741 699 artus,
757 667 941 696 constare
956 666 1089 706 potest
1103 659 1210 705 quod
1231 659 1334 705 ignis
1347 658 1444 694 solis
1459 659 1650 694 naturalis
1668 669 1750 693 non

246 715 409 750 aliunde
441 714 640 750 exstiterit
658 725 777 759 quam
811 724 861 748 ex
895 713 986 759 igne
1011 713 1107 748 solis
1132 712 1361 758 spiritualis,
1389 711 1458 757 qui
1491 718 1551 747 est
1580 711 1750 747 Divinus

247 767 386 804 Amor.
438 767 556 802 Nunc
582 767 675 813 quia
693 777 913 812 expansum
933 766 1060 802 oritur
1085 777 1134 801 ex
1159 772 1309 805 centro,
1329 771 1370 800 et
1395 775 1475 800 non
1497 765 1685 805 vicissim,
1704 771 1749 799 ut

245 831 365 866 supra
377 820 562 861 diximus,
577 828 618 856 et
636 826 819 855 centrum
833 820 952 860 vitae,
967 819 1075 865 quod
1093 826 1156 854 est
1174 819 1233 854 sol
1248 818 1346 854 caeli
1361 817 1543 864 angelici,
1558 824 1619 853 est
1638 817 1749 852 Divi-

246 884 321 909 nus
342 874 471 909 Amor
491 874 671 919 proxime
692 873 915 919 procedens
940 883 964 908 a
991 872 1089 912 Deo,
1108 871 1176 918 qui
1203 871 1242 906 in
1270 871 1404 906 medio
1423 871 1528 906 illius
1549 871 1645 906 solis
1666 878 1748 911 est;

246 933 288 962 et
308 927 402 973 quia
419 927 512 962 inde
531 934 592 962 est
613 938 833 972 expansum
856 926 960 961 illius
981 925 1107 961 centri
1125 925 1232 971 quod
1254 931 1423 960 vocatur
1444 924 1617 959 mundus
1635 922 1749 970 spiri-

245 980 388 1021 tualis;
413 986 455 1016 et
472 980 566 1026 quia
583 991 632 1015 ex
650 980 719 1015 illo
737 979 822 1015 sole
835 979 1044 1015 exstiterat
1062 978 1123 1013 sol
1141 977 1291 1018 mundi,
1306 984 1348 1013 et
1365 988 1413 1012 ex
1432 977 1510 1012 hoc
1527 988 1747 1023 expansum

246 1033 344 1079 ejus,
362 1034 472 1079 quod
492 1040 663 1068 vocatur
680 1033 853 1068 mundus
871 1031 1072 1072 naturalis,
1092 1037 1213 1077 patet,
1233 1031 1341 1077 quod
1363 1031 1593 1066 universum
1615 1040 1639 1065 a
1661 1029 1748 1065 Deo

244 1096 328 1121 uno
337 1093 515 1122 creatum
530 1086 618 1122 sit.''
662 1085 761 1121 Post
775 1085 874 1121 haec
887 1085 1093 1125 abivimus,
1106 1091 1148 1120 et
1162 1084 1227 1119 ille
1241 1084 1456 1119 comitatus
1471 1090 1533 1119 est
1548 1094 1622 1118 nos
1636 1090 1750 1118 extra

244 1149 377 1175 aream
397 1139 456 1174 sui
475 1138 683 1185 gymnasii,
702 1145 743 1174 et
761 1139 921 1174 locutus
941 1144 1001 1173 est
1019 1148 1109 1173 cum
1129 1137 1244 1172 nobis
1263 1137 1313 1173 de
1331 1137 1444 1173 eaelo
1462 1143 1503 1173 et
1521 1136 1689 1178 inferno,
1708 1142 1748 1172 et

244 1192 298 1228 de
318 1192 468 1227 Divino
486 1192 676 1238 auspicio,
694 1202 743 1227 ex
761 1202 867 1227 nova
884 1191 1034 1238 ingenii
1052 1191 1284 1237 sagacitate.

246 1272 377 1327 381·
408 1272 624 1315 Alterum
651 1272 949 1314 Memorabile
967 1286 1037 1314 :—

318 1353 534 1401 Quondam
553 1365 643 1389 cum
658 1354 924 1399 circumspexi
944 1354 983 1388 in
1002 1353 1197 1388 mundum
1212 1352 1434 1399 spirituum,
1448 1351 1532 1387 vidi
1550 1362 1572 1387 e
1590 1351 1748 1398 longin-

246 1417 328 1453 quo
346 1407 538 1453 palatium
555 1406 881 1442 circumcinctum
901 1413 941 1442 et
959 1406 1075 1452 quasi
1094 1407 1302 1442 obsessum
1321 1417 1344 1441 a
1360 1406 1499 1447 turba:
1525 1411 1566 1440 et
1587 1415 1747 1451 quoque

244 1459 327 1495 vidi
353 1466 605 1496 accurrentes
632 1460 791 1496 multos.
833 1459 952 1507 Quod
979 1471 1069 1499 curn
1103 1459 1280 1499 miratus,
1307 1459 1500 1494 velociter
1524 1458 1649 1494 extuli
1683 1469 1747 1494 me

245 1513 380 1554 domo,
399 1519 440 1549 et
458 1525 582 1548 unum
601 1519 853 1549 accurentem
872 1513 1061 1559 quaesivi,
1080 1514 1188 1559 quod
1209 1512 1264 1548 rei
1284 1512 1349 1547 ibi.

319 1566 389 1602 Ille
410 1567 558 1606 retulit,
577 1567 685 1612 quod
711 1573 792 1601 tres
814 1566 907 1601 novi
929 1566 1107 1601 advenae
1133 1577 1155 1601 e
1181 1566 1333 1601 mundo
1351 1564 1498 1600 sublati
1517 1564 1679 1600 fuerunt
1706 1564 1746 1599 in

245 1619 412 1660 caelum,
431 1626 472 1655 et
489 1619 664 1655 viderint
683 1619 893 1665 magnifica
914 1619 978 1659 ibi,
998 1626 1039 1654 et
1059 1629 1219 1665 quoque
1240 1618 1415 1664 virgines
1437 1624 1478 1653 et
1498 1629 1643 1653 uxores
1664 1624 1747 1653 stu-

245 1673 400 1718 pendae
426 1672 747 1718 pulchritudinis,
774 1683 820 1708 ac
846 1673 1008 1707 demissi
1036 1683 1057 1708 e
1084 1672 1195 1707 caelo
1222 1672 1290 1707 illo
1316 1671 1554 1706 intraverint
1580 1671 1620 1705 in
1648 1671 1745 1705 illud

244 1725 448 1772 palatium,
467 1736 513 1760 ac
531 1725 778 1760 narraverint
793 1736 894 1771 quae
907 1725 1101 1765 viderant,
1118 1725 1311 1771 imprimis
1330 1725 1438 1770 quod
1457 1724 1558 1759 tales
1574 1723 1747 1770 pulchri-

244 1778 416 1819 tudines,
435 1779 572 1825 quales
590 1779 695 1814 oculi
718 1779 874 1814 illorum
894 1789 1091 1824 nusquam
1110 1778 1308 1819 viderunt,
1328 1788 1402 1813 nec
1422 1777 1558 1812 videre
1578 1783 1747 1822 possunt

244 1831 320 1867 nisi
346 1843 370 1867 a
394 1832 482 1867 luce
502 1843 620 1867 aurae
641 1832 824 1867 caelestis
843 1831 1041 1867 illustrati.
1093 1831 1287 1866 Dixerunt
1315 1831 1364 1866 de
1390 1842 1443 1871 se,
1462 1831 1571 1876 quod
1597 1830 1746 1865 fuerint

244 1885 284 1920 in
300 1885 451 1920 mundo
464 1892 653 1926 oratores,
667 1896 716 1920 ex
731 1895 856 1930 regno
871 1884 1033 1925 Galliae,
1049 1891 1089 1920 et
1107 1885 1216 1931 quod
1231 1895 1394 1930 operam
1410 1884 1596 1919 dederint
1610 1883 1746 1918 facun-

244 1938 344 1979 diae,
363 1945 404 1973 et
425 1938 532 1984 quod
554 1949 660 1973 nunc
681 1938 954 1984 supervenerit
976 1938 1065 1973 illos
1082 1937 1229 1983 cupido
1247 1937 1387 1972 orandi
1415 1937 1464 1972 de
1486 1937 1641 1983 origine
1659 1937 1745 1982 pul-

243 1991 494 2027 chritudinis.
547 1990 638 2026 Hoc
658 1991 751 2037 quia
777 1991 817 2026 in
842 1991 990 2026 vicinia
1010 1998 1152 2026 notum
1174 1990 1322 2026 faftum
1345 1997 1417 2031 est,
1436 1990 1590 2026 affluxit
1610 1989 1745 2025 multi-

243 2044 345 2080 tudo
362 2044 551 2079 audiendi
570 2055 699 2080 causa.

318 2096 394 2133 His
406 2097 565 2138 auditis,
581 2097 790 2143 properavi
803 2097 924 2132 etiam
939 2107 1026 2143 ego,
1041 2103 1081 2132 et
1100 2096 1257 2137 intravi,
1272 2102 1314 2132 et
1330 2096 1413 2132 vidi
1431 2102 1513 2132 tres
1529 2095 1619 2131 illos
1636 2097 1744 2132 viros

244 2156 398 2186 stantes
418 2151 457 2185 in
473 2150 618 2190 medio,
634 2150 797 2186 indutos
809 2151 916 2197 togis
930 2150 1076 2187 coloris
1091 2150 1323 2196 sapphirini,
1338 2161 1439 2196 quae
1458 2160 1506 2185 ex
1524 2149 1601 2184 filis
1616 2149 1741 2184 intex-

244 2203 296 2239 tis
313 2203 397 2239 auri
416 2204 634 2239 secundum
649 2214 851 2238 versuram
867 2203 1208 2248 exsplenduerunt
1222 2203 1324 2238 sicut
1338 2214 1492 2238 aureae.
1536 2202 1744 2238 Steterunt

244 2263 336 2303 post
353 2257 557 2302 quoddam
571 2256 781 2302 pulpitum,
795 2256 970 2302 prompti
992 2257 1040 2291 ad
1064 2256 1228 2291 fandum
1243 2268 1251 2296 ς
1272 2262 1313 2292 et
1331 2267 1425 2290 mox
1443 2266 1561 2301 super
1574 2255 1742 2301 gradum

244 2315 336 2355 post
349 2309 548 2355 pulpitum
563 2310 733 2345 surrexit
746 2320 849 2345 unus
863 2317 1048 2345 oraturus
1066 2310 1115 2345 de
1133 2309 1286 2356 origine
1301 2308 1610 2355 pulchritudinis
1625 2318 1742 2344 sexus

243 2362 438 2402 feminini,
456 2369 496 2397 et
515 2363 682 2407 protulit
700 2362 799 2398 haec
812 2373 869 2398 :—

315 2417 431 2463 3820
459 2415 599 2463 “Quid
628 2416 742 2463 origo
769 2416 1078 2462 pulchritudinis
1107 2416 1215 2451 aliud
1250 2412 1382 2462 quam*
1400 2426 1520 2456 amor,
1548 2415 1615 2461 qui
1650 2425 1741 2450 cum

244 2468 375 2504 influit
397 2469 435 2503 in
454 2469 592 2504 oculos
608 2469 812 2515 juvenum,
831 2476 872 2505 et
889 2469 1072 2505 accendit
1092 2469 1192 2509 illos,
1211 2469 1256 2504 fit
1277 2467 1560 2514 pulchritudo?
1606 2466 1739 2514 Quare

243 2532 356 2557 amor
373 2528 414 2557 et
436 2521 692 2567 pulchritudo
710 2533 772 2557 res
789 2523 927 2558 eadem
947 2529 1062 2562 sunt:
1088 2533 1203 2557 amor
1219 2522 1325 2557 enim
1347 2522 1397 2557 ab
1417 2521 1558 2556 intimo
1577 2521 1740 2566 subpin-

243 2575 303 2621 git
328 2574 470 2610 faciem
491 2575 658 2620 virginis
679 2575 825 2611 nubilis
850 2576 1021 2621 quadam
1048 2575 1218 2615 flamma,
1238 2586 1287 2610 ex
1312 2575 1427 2620 cujus
1449 2573 1742 2619 transparentia

243 2634 305 2663 est
324 2638 467 2663 aurora
491 2634 532 2663 et
558 2638 730 2674 purpura
750 2628 856 2663 vitae
874 2628 973 2674 ejus.
1025 2627 1124 2675 Quis
1151 2639 1230 2663 non
1258 2628 1334 2663 scit
1355 2628 1466 2674 quod
1492 2627 1653 2662 flamma
1675 2626 1741 2662 illa

244 2680 380 2716 mittat
398 2681 531 2716 radios
550 2681 590 2715 in
609 2680 695 2726 ejus
714 2681 864 2721 oculos,
883 2688 924 2716 et
950 2692 999 2716 ex
1020 2681 1083 2716 his
1101 2688 1146 2716 ut
1172 2681 1320 2716 centris
1342 2681 1381 2716 in
1404 2681 1540 2716 orbem
1560 2679 1674 2714 faciei
1696 2690 1739 2714 se

243 2733 436 2775 effundat,
456 2740 497 2769 et
522 2744 682 2779 quoque
707 2744 749 2769 se
774 2734 962 2769 demittat
989 2734 1027 2769 in
1055 2733 1204 2780 pedus,
1227 2744 1273 2769 ac
1299 2734 1489 2769 incendat
1515 2743 1594 2772 cor,
1616 2738 1657 2767 et
1682 2732 1739 2768 sic

243 2786 400 2827 ¹afficiat,
421 2797 501 2822 non
520 2787 636 2821 aliter
653 2797 771 2832 quam
792 2787 894 2833 ignis
912 2787 1044 2822 calore
1071 2794 1112 2822 et
1137 2787 1225 2822 luce
1243 2785 1499 2822 adstantem?
1534 2785 1652 2820 Calor
1674 2785 1738 2820 ille

242 2845 304 2875 est
317 2850 439 2879 amor,
453 2846 494 2875 et
511 2840 580 2874 lux
599 2839 664 2874 illa
681 2846 743 2874 est
760 2840 906 2875 amoris
918 2840 1185 2886 pulchritudo.
1236 2840 1364 2875 Totus
1379 2839 1485 2874 orbis
1499 2838 1630 2872 firmat
1643 2848 1739 2873 con-

243 2901 374 2932 sensu,
393 2893 500 2938 quod
519 2892 687 2938 quisque
714 2891 766 2927 sit
791 2892 972 2928 amabilis
998 2900 1038 2928 et
1065 2893 1229 2938 pulcher
1248 2892 1467 2927 secundum
1487 2901 1601 2926 suum
1628 2901 1738 2926 amo-

243 2955 348 2985 rem:
374 2946 443 2980 sed
463 2956 589 2990 usque
611 2951 671 2980 est
689 2945 789 2980 alius
807 2956 919 2980 amor
936 2957 1053 2981 sexus
1072 2945 1290 2984 masculini,
1309 2952 1349 2980 et
1370 2945 1470 2979 alius
1488 2954 1600 2978 amor
1621 2954 1739 2978 sexus

244 2996 447 3039 feminini;
475 3008 589 3033 amor
614 2997 855 3033 masculinus
881 3005 942 3034 est
967 3009 1081 3034 amor
1105 2998 1297 3044 sapiendi,
1320 3004 1360 3032 et
1386 3007 1497 3032 amor
1522 2995 1737 3032 femininus
