2014 3386
608 332 676 366 DE
707 331 888 365 AMORE
919 313 1346 375 CONJUGIAL1.—N'.
1374 333 1442 364 20.
1720 334 1773 377 23

348 454 433 492 19.
466 444 545 482 Sed
570 445 675 481 circa
693 456 900 491 vesperam
920 444 1031 480 venit
1055 455 1194 480 cursor
1217 443 1387 480 amictus
1411 443 1537 479 linteo
1558 444 1608 480 ad
1635 444 1774 480 decem

275 500 451 536 advenas
476 499 645 535 comites
669 499 812 545 angeli,
830 509 877 534 ac
903 498 1089 534 invitavit
1114 498 1203 534 illos
1228 498 1279 533 ad
1306 498 1467 544 nuptias
1492 505 1684 544 sequente
1710 499 1774 534 die

275 553 553 594 celebrandas:
578 558 620 588 et
640 553 817 588 advenae
838 552 954 587 valde
979 551 1116 586 laetati
1141 557 1246 592 sunt,
1267 551 1376 597 quod
1402 550 1524 586 etiam
1545 551 1668 586 visuri
1694 551 1775 587 sint

276 605 436 652 nuptias
453 605 493 640 in
511 605 634 641 caelo.
685 605 785 641 Post
809 604 898 644 hoc,
917 603 1026 640 ducti
1048 610 1141 640 sunt
1166 604 1216 639 ad
1238 604 1438 650 quendam
1459 604 1729 640 consiliarium
1751 616 1776 640 a

275 658 409 699 latere,
427 665 469 694 et
485 664 729 694 cenaverunt
745 669 836 693 cum
858 658 948 699 illo:
974 663 1014 693 et
1035 663 1128 703 post
1148 668 1287 692 cenam
1310 657 1523 698 redierunt,
1541 664 1582 692 et
1602 668 1775 693 secesse-

275 718 370 747 runt
386 712 436 747 ab
455 711 636 752 invicem,
654 711 824 757 quisque
844 710 884 745 in
902 721 1018 746 suum
1036 710 1275 751 cubiculum,
1294 716 1335 745 et
1353 710 1632 746 dormiverunt
1649 721 1774 757 usque

275 765 326 801 ad
345 776 473 801 mane.

348 817 400 853 Et
427 824 525 853 tunc
554 816 731 863 evigilati
761 816 976 852 audiebant
1006 822 1168 852 cantum
1197 815 1399 863 virginum
1430 822 1470 852 et
1501 816 1722 862 puellarum
1752 828 1774 852 e

274 871 460 907 domibus
474 871 622 906 circum
637 870 779 912 forum,
794 871 844 906 de
858 881 938 916 quo
953 881 1093 916 supra:
1113 870 1329 905 canebatur
1342 876 1439 905 tunc
1452 869 1612 905 affefflo
1626 870 1774 906 amoris

273 924 511 971 conjugialis
525 936 534 966 ;
559 936 608 960 ex
622 925 735 970 cujus
748 924 945 960 suavitate
959 924 1118 970 penitus
1132 922 1264 959 affecti
1279 930 1320 959 et
1334 924 1486 970 perciti,
1501 924 1774 970 percipiebant

273 978 432 1014 beatam
452 978 738 1014 amoenitatem
760 978 920 1014 insitam
940 977 1096 1025 gaudiis
1118 977 1210 1019 suis,
1229 988 1331 1025 quae
1352 978 1534 1014 elevabat
1556 978 1633 1020 illa,
1652 984 1693 1014 et
1714 978 1773 1014 in-

274 1032 449 1067 novabat
467 1031 544 1067 illa.

345 1084 447 1122 Cum
462 1091 620 1131 tempus
638 1091 734 1125 erat,
747 1084 850 1120 dixit
863 1084 1040 1131 angelus,
1056 1088 1077 1103 “
1090 1083 1303 1130 Accingite
1317 1095 1401 1125 vos,
1416 1090 1456 1120 et
1471 1084 1625 1120 induite
1638 1091 1772 1120 vestes

273 1138 383 1179 caeli,
402 1149 499 1184 quas
521 1138 704 1184 princeps
725 1145 861 1174 noster
878 1139 928 1173 ad
948 1149 1021 1174 vos
1042 1138 1239 1174 miserat.''
1289 1137 1351 1173 Ac
1372 1138 1601 1179 induerunt,
1620 1145 1661 1174 et
1681 1149 1772 1174 ecce

273 1198 406 1228 vestes
424 1192 687 1237 splendebant
701 1192 805 1227 sicut
823 1203 872 1227 ex
889 1192 976 1227 luce
991 1192 1193 1233 flammea;
1219 1198 1260 1227 et
1274 1191 1557 1237 quaesiverunt
1575 1193 1771 1238 angelum,

273 1245 426 1282 “Unde
447 1246 524 1281 hoc
535 1245 576 1281 ?''
628 1245 863 1291 Respondit,
883 1244 1021 1292 “Quia
1040 1245 1090 1280 ad
1114 1245 1274 1291 nuptias
1302 1244 1395 1280 ituri
1416 1245 1533 1287 estis;
1567 1246 1674 1291 apud
1697 1257 1771 1281 nos

272 1305 371 1334 tunc
388 1299 600 1345 splendent
616 1305 759 1340 vestes,
777 1305 819 1334 et
837 1298 937 1333 fiunt
955 1298 1190 1344 nuptiales.”

344 1359 433 1390 20.
469 1352 567 1388 Post
584 1353 683 1388 haec
697 1352 811 1388 duxit
828 1352 992 1399 angelus
1007 1352 1095 1388 illos
1109 1353 1159 1387 ad
1174 1352 1338 1387 domum
1358 1352 1598 1398 nuptiarum,
1614 1359 1655 1389 et
1670 1353 1771 1399 jani-

272 1412 338 1442 tor
357 1406 512 1452 aperuit
537 1405 663 1447 fores;
688 1412 729 1441 et
751 1417 844 1441 mox
865 1405 971 1440 intra
995 1405 1116 1441 limen
1138 1405 1286 1451 recepti
1312 1413 1354 1441 et
1374 1407 1536 1441 salutati
1557 1407 1607 1442 ab
1627 1407 1771 1453 angelo

273 1459 396 1495 misso
420 1470 444 1495 a
470 1470 629 1506 sponso,
656 1470 703 1495 ac
728 1458 947 1494 introducti
976 1465 1081 1499 sunt,
1109 1465 1151 1494 et
1179 1458 1342 1494 adduffi
1373 1460 1423 1495 ad
1454 1460 1569 1495 sedes
1594 1471 1666 1506 pro
1695 1460 1771 1495 illis

273 1513 522 1559 designata53
546 1519 588 1548 et
605 1524 699 1548 mox
718 1512 875 1548 invitati
894 1512 933 1547 in
952 1512 1270 1553 antithalamum,
1289 1512 1356 1548 ubi
1373 1513 1560 1548 viderunt
1578 1513 1618 1548 in
1637 1513 1771 1548 medio

273 1577 463 1607 mensam,
481 1577 600 1612 super
616 1577 695 1613 qua
715 1565 891 1612 positum
917 1572 1003 1601 erat
1021 1565 1277 1612 magnificum
1295 1566 1578 1602 candelabrum
1601 1566 1770 1602 instruc·

271 1626 359 1654 tum
379 1626 533 1666 septem
555 1619 717 1655 calamis
742 1626 783 1655 et
809 1619 966 1666 scyphis
992 1630 1040 1655 ex
1065 1630 1182 1660 auro;
1209 1626 1249 1654 et
1269 1620 1319 1654 ad
1346 1620 1516 1666 parietes
1543 1620 1770 1666 pendebant

271 1673 477 1720 lychnaria
489 1684 538 1709 ex
551 1680 719 1720 argento
734 1685 742 1714 ;
761 1684 810 1708 ex
823 1673 967 1719 quibus
981 1673 1158 1709 accensis
1171 1673 1357 1719 apparuit
1370 1674 1652 1720 atmosphaera
1665 1674 1769 1709 sicut

271 1737 413 1763 aurea:
438 1734 478 1763 et
495 1727 682 1763 viderunt
698 1727 748 1762 ad
776 1727 900 1762 latera
916 1726 1143 1762 candelabri
1164 1727 1277 1762 binas
1303 1738 1471 1768 mensas,
1491 1739 1609 1773 super
1625 1727 1769 1774 quibus

272 1780 312 1816 in
329 1781 476 1827 triplici
495 1781 635 1816 ordine
653 1780 817 1827 repositi
836 1786 949 1816 erant
967 1791 1110 1826 panes:
1136 1786 1177 1816 et
1195 1780 1235 1816 in
1253 1787 1427 1827 quatuor
1439 1781 1594 1827 angulis
1613 1792 1769 1817 mensas

270 1845 391 1882 super
407 1835 550 1881 quibus
567 1841 680 1870 erant
701 1834 835 1881 cyathi
852 1834 1082 1881 crystallini.

343 1887 450 1924 Dum
469 1887 536 1923 illa
553 1887 784 1928 lustrabant,
800 1898 891 1922 ecce
909 1886 1161 1933 aperiebatur
1176 1886 1299 1932 janua
1316 1898 1337 1922 e
1355 1887 1534 1923 conclavi
1551 1884 1664 1934 juxta
1681 1888 1769 1923 tha-

270 1940 431 1982 lamum,
450 1947 491 1976 et
507 1940 695 1976 viderunt
715 1951 784 1976 sex
801 1939 976 1986 virgines
994 1946 1197 1980 exeuntes,
1215 1946 1257 1975 et
1283 1947 1375 1986 post
1401 1940 1487 1975 illas
1508 1952 1700 1986 sponsum
1727 1948 1768 1976 et

269 2004 470 2040 sponsam,
487 1999 673 2028 tenentes
690 2004 733 2029 se
751 1993 945 2034 manibus,
963 1999 1004 2028 et
1022 1993 1214 2028 ducentes
1235 2004 1278 2028 se
1295 1993 1346 2028 ad
1365 1993 1520 2034 solium,
1539 1994 1648 2040 quod
1667 2005 1689 2029 e
1708 2005 1767 2029 re-

269 2047 390 2094 gione
414 2046 639 2082 candelabri
665 2046 840 2092 positum
866 2053 961 2086 erat,
983 2057 1103 2092 super
1126 2056 1207 2092 quo
1232 2057 1275 2081 se
1301 2053 1575 2091 reposuerunt,
1597 2057 1768 2092 sponsus

269 2100 320 2135 ad
335 2099 548 2139 sinistram,
563 2105 604 2134 et
621 2110 768 2145 sponsa
783 2099 832 2134 ad
847 2099 1028 2134 dextram
1043 2099 1130 2145 ejus
1143 2111 1150 2140 ;
1178 2105 1219 2134 et
1232 2110 1300 2134 sex
1313 2099 1487 2145 virgines
1500 2099 1766 2135 constiterunt

269 2152 320 2188 ad
341 2152 446 2188 latus
467 2152 555 2188 solii
575 2152 690 2198 juxta
709 2162 907 2197 sponsam.
959 2151 1138 2197 Sponsus
1165 2151 1329 2187 indutus
1350 2158 1434 2187 erat
1461 2152 1581 2198 pallio
1607 2163 1655 2187 ex
1676 2164 1768 2198 pur-

270 2216 370 2252 pura
386 2205 555 2246 lucente‚
573 2211 615 2240 α
633 2204 771 2240 tunica
787 2215 836 2240 ex
853 2205 972 2251 bysso
990 2204 1236 2250 splendente,
1250 2215 1341 2240 cum
1361 2205 1532 2250 ephodo,
1551 2216 1669 2250 super
1686 2216 1767 2251 quo

269 2264 356 2294 erat
368 2256 528 2294 bractea
540 2268 660 2293 aurea
671 2258 951 2293 adamantibus
965 2257 1267 2299 circumobsita;
1293 2264 1334 2292 et
1347 2256 1528 2293 bracteae
1544 2258 1767 2304 insculptus

269 2317 355 2347 erat
372 2311 504 2357 pullus
521 2310 688 2357 aquilae,
704 2310 859 2357 insigne
878 2310 1057 2356 nuptiale
1075 2310 1194 2356 hujus
1208 2310 1412 2346 societatis
1426 2311 1546 2351 caeli:
1572 2317 1612 2346 et
1630 2311 1766 2356 sponsi

269 2370 389 2410 caput
401 2364 563 2410 tegebat
576 2363 731 2399 cidaris.
774 2363 930 2409 Sponsa
943 2370 1075 2399 autern
1090 2362 1235 2398 amicta
1248 2370 1333 2399 erat
1346 2363 1554 2410 chlamyde
1568 2364 1765 2404 coccinea,

269 2423 310 2452 et
327 2417 401 2452 sub
420 2417 486 2452 illa
505 2423 602 2463 toga
621 2415 813 2462 acupicta,
831 2416 1023 2452 continua
1048 2427 1072 2451 a
1095 2416 1201 2451 collo
1218 2416 1269 2451 ad
1298 2417 1431 2462 pedes,
1450 2423 1491 2464 et
1512 2417 1585 2452 sub
1607 2416 1766 2462 pectore

269 2479 370 2505 zona
386 2480 515 2511 aurea,
534 2476 574 2505 et
591 2480 712 2515 super
727 2469 858 2515 capite
875 2480 1024 2505 corona
1041 2480 1089 2504 ex
1106 2480 1204 2505 auro
1220 2480 1311 2504 curn
1331 2469 1460 2505 insitis
1478 2470 1640 2506 rubinis.

342 2521 443 2558 Cum
462 2523 518 2558 ita
534 2523 813 2563 consederunt,
827 2522 1026 2558 convertit
1044 2533 1086 2558 se
1104 2533 1274 2568 sponsus
1292 2523 1341 2557 ad
1360 2533 1558 2568 sponsam,
1573 2534 1619 2558 ac
1639 2523 1766 2568 impo-

269 2575 350 2610 suit
367 2574 495 2621 digito
509 2575 595 2621 ejus
608 2575 800 2610 annulum
814 2586 988 2615 aureum,
1002 2582 1042 2610 et
1056 2575 1304 2621 deprompsit
1318 2575 1490 2611 armillas
1505 2582 1545 2610 et
1559 2575 1764 2610 collarium

270 2638 319 2663 ex
339 2628 563 2670 unionibus,
585 2635 626 2664 et
650 2628 839 2674 alligabat
864 2629 1037 2664 armillas
1063 2639 1183 2674 super
1204 2629 1374 2674 poplites
1396 2640 1584 2664 manuum
1607 2630 1702 2674 ejus,
1725 2635 1766 2663 et

270 2680 475 2716 collarium
501 2681 649 2716 circum
671 2681 817 2716 collum
840 2682 937 2727 ejus,
959 2688 1000 2716 et
1025 2681 1136 2723 dixit,
1159 2682 1340 2727 “Accipe
1361 2682 1461 2717 haec
1482 2682 1691 2728 pignora;”
1723 2687 1766 2716 et

271 2733 366 2768 dum
395 2733 461 2769 illa
487 2734 652 2781 accepit,
679 2735 882 2770 osculatus
911 2741 972 2770 est
998 2735 1116 2776 illam,
1142 2741 1183 2771 et
1208 2735 1322 2776 dixit,
1341 2734 1491 2770 “Nunc
1516 2746 1604 2770 mea
1629 2734 1706 2775 es,''
1724 2741 1766 2770 et

270 2786 429 2821 vocavit
446 2787 552 2822 illam
571 2798 683 2823 suam
702 2798 878 2823 uxorem.

343 2837 434 2874 Hoc
458 2838 564 2875 facto
583 2840 856 2876 clamaverunt
879 2839 1046 2881 invitati,
1066 2845 1086 2859 ‘⁴
1100 2840 1160 2876 Sit
1180 2839 1406 2877 benedictio
1420 2840 1452 2881 ;”
1479 2840 1557 2875 hoc
1577 2839 1764 2874 clamavit

207 2886 213 2891 ”
270 2889 438 2936 quisque
463 2902 534 2937 per
553 2903 606 2933 se,
627 2899 669 2928 et
693 2893 786 2928 dein
812 2904 952 2929 omnes
977 2893 1113 2934 simul:
1140 2905 1242 2928 unus
1263 2904 1287 2929 a
1311 2893 1487 2939 principe
1513 2892 1655 2927 missus
1675 2892 1762 2927 vice

270 2942 357 2987 ejus
374 2943 493 2978 etiam
511 2945 764 2986 acclamavit:
791 2952 830 2981 et
849 2956 897 2981 eo
915 2953 1120 2981 momento
1139 2946 1376 2991 implebatur
1394 2945 1677 2981 antithalamus
1696 2945 1760 2981 ille

271 2994 382 3030 fumo
399 2997 628 3038 aromatico,
650 2998 758 3044 quod
776 3005 861 3034 erat
879 2998 1037 3045 signum
1056 2998 1346 3034 benedictionis
1364 3009 1385 3034 e
1403 2998 1525 3034 caelo.
