2014 3386
543 349 610 382 DE
642 346 824 381 AMORE
855 342 1284 388 CONJUGIAL1.-—N.
1317 314 1408 385 l83.
1644 340 1717 384 151

223 464 399 512 cogitavi
418 463 458 499 in
477 462 652 502 mundo:
677 467 718 497 at
736 470 842 496 nunc
859 470 950 495 cum
968 457 1052 494 vidi
1066 456 1211 496 omnia,
1226 466 1272 491 ac
1289 454 1405 501 tetigi
1425 453 1606 489 manibus
1625 453 1725 488 meis

223 518 368 557 omnia,
395 514 603 552 convifius
630 526 718 550 sum
747 525 819 560 per
846 513 953 558 ipsos
982 521 1132 550 sensus,
1161 508 1270 555 quod
1298 508 1372 544 sim
1400 507 1524 542 homo
1551 506 1654 541 sicut
1685 506 1725 540 in

223 571 396 612 mundo;
420 569 522 606 adeo
539 575 584 603 ut
605 578 686 603 non
708 567 829 603 seiam
847 565 966 605 aliud,
985 575 1103 610 quam
1122 563 1230 609 quod
1248 562 1379 598 vivam
1401 561 1505 597 sicut
1521 559 1614 599 vixi,
1633 570 1724 596 cum

224 622 458 663 differentia,
481 621 588 668 quod
615 620 718 656 ratio
744 630 851 655 nunc
876 618 975 654 mihi
1000 617 1136 654 sanior
1161 616 1233 657 sit;
1258 614 1471 661 aliquoties
1497 613 1641 660 puduit
1661 623 1724 648 me

224 676 514 723 cogitationum
533 673 745 720 priorum.”

297 728 450 764 Similia
467 728 516 763 de
534 738 576 762 se
593 726 768 762 narravit
785 724 1068 771 philosophus;
1094 729 1270 758 attamen
1289 732 1380 757 cum
1398 720 1472 755 hac
1490 718 1725 759 differentia,

226 781 334 827 quod
354 780 532 816 retulerit
550 790 655 815 nova
681 779 758 820 illa,
777 789 880 824 quae
901 777 1106 813 audiverat
1131 776 1181 812 de
1205 775 1289 811 vita
1308 780 1400 820 post
1421 779 1604 813 mortem,
1623 772 1726 807 inter

224 833 435 880 opiniones
452 840 493 868 et
511 832 762 879 hypotheses,
781 842 879 877 quas
896 841 947 866 ex
963 829 1139 875 antiquis
1156 835 1197 864 et
1214 827 1420 864 hodiernis
1437 826 1662 872 collegerat.

296 887 373 922 His
397 886 544 921 auditis
564 887 859 931 obstupuerunt
884 883 1000 929 sophi
1015 895 1024 924 ς
1056 889 1098 919 et
1127 882 1184 917 illi
1214 881 1283 927 qui
1313 892 1335 916 e
1365 880 1502 916 schola
1525 878 1727 914 Socratica

224 943 348 981 erant,
367 939 563 979 dixerunt,
582 939 691 984 quod
710 949 759 973 ex
777 937 891 972 novis
908 936 970 972 his
987 947 1009 972 e
1029 935 1144 971 terris
1162 934 1392 980 percipiant,
1411 933 1518 979 quod
1540 931 1728 967 interiora

226 992 420 1028 mentium
435 992 696 1028 humanarum
712 990 931 1026 successive
944 989 1102 1025 occlusa
1116 988 1205 1028 sint,
1221 993 1262 1023 et
1275 987 1382 1033 quod
1397 997 1503 1021 nunc
1521 986 1559 1020 in
1576 984 1727 1019 mundo

224 1046 324 1081 fides
341 1045 429 1081 falsi
447 1045 577 1080 luceat
595 1044 697 1079 sicut
713 1043 869 1083 veritas,
883 1054 929 1078 ac
948 1041 1205 1088 ingeniositas
1219 1040 1329 1076 fatua
1346 1039 1448 1075 sicut
1466 1038 1671 1084 sapientia,
1686 1043 1727 1073 et

224 1099 333 1144 quod
352 1099 420 1134 lux
434 1097 650 1143 sapientiae
669 1107 692 1131 a
709 1096 856 1132 nostris
869 1094 1117 1141 temporibus
1134 1105 1175 1129 se
1190 1093 1393 1128 demiserit
1410 1093 1459 1127 ab
1474 1091 1728 1127 interioribus

224 1151 374 1187 cerebri
394 1151 433 1186 in
451 1161 498 1186 os
514 1151 587 1185 sub
602 1161 751 1189 nasum,
770 1149 837 1184 ubi
857 1148 923 1183 illa
939 1158 1071 1183 coram
1091 1147 1219 1183 oculis
1235 1152 1399 1193 apparet
1417 1145 1520 1181 sicut
1538 1145 1728 1191 splendor

225 1204 335 1244 labri,
350 1215 397 1239 ac
415 1204 574 1249 loquela
590 1203 671 1238 oris
689 1202 781 1237 inde
799 1202 903 1237 sicut
920 1200 1123 1246 sapientia.

300 1257 375 1292 His
400 1256 548 1291 auditis
577 1255 739 1301 quidam
762 1266 810 1290 ex
843 1253 1042 1289 tironibus
1077 1253 1130 1288 ibi
1160 1252 1272 1293 dixit,
1293 1257 1312 1270 “
1327 1251 1377 1286 Et
1395 1262 1513 1297 quam
1544 1250 1726 1296 stupidae

226 1316 380 1346 mentes
400 1309 672 1344 terricolarum
694 1308 836 1348 hodie:
870 1307 1024 1342 utinam
1046 1307 1231 1342 adessent
1257 1304 1440 1350 discipuli
1469 1303 1660 1339 Heracliti
1686 1310 1727 1339 et

227 1362 459 1403 Democriti,
476 1361 544 1408 qui
563 1361 694 1397 rident
711 1361 761 1396 ad
779 1360 925 1401 omnia,
944 1366 984 1395 et
1001 1359 1069 1405 qui
1087 1359 1185 1395 flent
1204 1358 1254 1394 ad
1277 1358 1421 1399 omnia,
1439 1364 1480 1393 et
1500 1357 1728 1392 audiremus

227 1427 414 1462 magnum
433 1414 555 1450 risum
574 1421 615 1450 et
636 1424 824 1460 magnum
843 1413 1018 1448 fletum.''

300 1468 519 1513 Postquam
538 1466 720 1513 peractus
740 1473 802 1502 est
822 1466 886 1502 hic
907 1471 1138 1504 conventus,
1158 1464 1355 1499 dederunt
1374 1463 1502 1498 tribus
1523 1462 1685 1498 novitiis
1705 1472 1727 1497 e

226 1528 332 1557 terra
352 1531 446 1556 suae
468 1520 632 1555 ditionis
653 1519 832 1565 insignia,
852 1530 953 1565 quae
974 1524 1087 1554 erant
1108 1518 1287 1552 lamellae
1305 1527 1483 1562 cupreae,
1502 1526 1620 1562 super
1640 1515 1727 1562 qui-

227 1575 302 1610 bus
317 1574 451 1620 aliqua
467 1573 765 1620 hieroglyphica
782 1579 942 1608 exarata
958 1578 1061 1612 sunt,
1077 1582 1166 1606 cum
1186 1570 1330 1616 quibus
1346 1569 1567 1605 abiverunt.

226 1682 356 1736 183·
395 1682 610 1724 Alterum
637 1681 936 1723 Memorabile
956 1694 1028 1723 :—

298 1777 499 1824 Apparuit
518 1777 617 1812 mihi
639 1776 679 1812 in
701 1777 818 1823 plaga
838 1776 1021 1812 orientali
1042 1776 1155 1812 lucus
1179 1786 1228 1812 ex
1253 1775 1394 1822 palmis
1420 1781 1460 1810 et
1485 1774 1660 1810 lauribus
1687 1773 1726 1815 in

226 1830 398 1867 helicum
416 1841 534 1877 gyros
552 1830 702 1876 positis.
752 1829 913 1865 Accessi
935 1836 977 1864 et
1002 1829 1155 1870 intravi,
1177 1835 1218 1864 et
1238 1828 1435 1864 ambulavi
1456 1829 1541 1863 vias
1561 1827 1727 1863 circum-

226 1882 366 1919 ductas
387 1883 427 1918 in
448 1883 602 1929 aliquos
618 1894 748 1930 gyros,
767 1889 809 1918 et
835 1882 874 1917 in
900 1882 978 1918 fine
998 1882 1150 1918 viarum
1167 1882 1250 1917 vidi
1273 1881 1446 1921 hortum,
1465 1881 1532 1927 qui
1559 1880 1727 1915 faciebat

227 1936 495 1972 meditullium
517 1936 617 1976 luci;
643 1943 727 1971 erat
748 1935 976 1981 ponticulus
997 1935 1064 1981 qui
1087 1934 1279 1975 distinxit,
1299 1941 1339 1970 et
1361 1934 1414 1969 ibi
1436 1940 1553 1980 porta
1573 1945 1596 1968 a
1616 1940 1726 1979 parte

227 1989 316 2030 luci,
328 1995 370 2024 et
384 1996 499 2035 porta
512 2000 535 2024 a
553 1996 662 2035 parte
678 1988 784 2024 horti
801 1999 809 2024 ε
830 1988 988 2028 accessi,
1003 1994 1044 2023 et
1059 1994 1196 2034 portae
1210 1987 1488 2033 aperiebantur
1500 1998 1524 2022 a
1541 1986 1706 2022 custode
1719 1998 1727 2027 ;

228 2041 405 2087 quaesivi
420 2042 543 2082 illum,
558 2041 654 2087 quid
673 2052 818 2077 nomen
837 2041 943 2076 horti
957 2053 965 2083 ;
991 2047 1033 2077 et
1046 2040 1158 2082 dixit,
1174 2046 1194 2059 ‘⁴
1206 2039 1518 2082 Adramandoni,
1533 2040 1641 2086 quod
1656 2045 1727 2080 est.

230 2093 426 2130 Delicium
444 2095 592 2130 amoris
608 2094 881 2141 conjugialis.’'

300 2146 460 2188 Intravi,
479 2154 519 2183 et
537 2158 628 2183 ecce
646 2148 768 2188 oleae,
787 2158 833 2183 ac
847 2146 950 2183 inter
966 2147 1094 2182 oleam
1112 2153 1153 2182 et
1170 2146 1299 2182 oleam
1318 2152 1522 2181 currentes
1539 2152 1580 2181 et
1598 2145 1727 2191 pensi-

227 2200 284 2235 les
299 2200 411 2241 vites,
430 2207 471 2236 et
492 2200 565 2236 sub
585 2200 663 2236 illis
683 2207 724 2236 et
745 2200 849 2236 inter
870 2200 955 2236 illas
972 2200 1133 2236 arbusta
1157 2199 1196 2235 in
1218 2199 1403 2240 floribus;
1431 2199 1470 2233 in
1492 2199 1625 2234 medio
1640 2199 1727 2244 ejus

226 2259 312 2288 erat
329 2253 456 2288 circus
473 2253 711 2300 gramineus,
730 2263 848 2299 super
865 2264 945 2299 quo
963 2253 1156 2288 sedebant
1173 2252 1304 2287 mariti
1322 2259 1363 2287 et
1377 2262 1533 2292 uxores,
1551 2262 1597 2286 ac
1614 2251 1728 2297 juve-

227 2316 297 2341 nes
314 2312 356 2341 et
375 2305 558 2352 virgines,
578 2306 687 2352 paria
703 2312 744 2342 et
766 2306 892 2352 paria;
918 2312 959 2341 et
980 2306 1019 2341 in
1043 2305 1176 2341 medio
1195 2305 1288 2340 circi
1310 2305 1456 2340 humus
1474 2305 1637 2344 elevata,
1658 2303 1727 2340 ubi

226 2357 443 2394 fonticulus
460 2369 510 2394 ex
527 2358 762 2394 fortitudine
775 2369 899 2394 venae
917 2358 1059 2394 saliens
1078 2358 1117 2393 in
1135 2358 1272 2394 altum.
1323 2357 1424 2393 Cum
1440 2368 1563 2403 prope
1577 2357 1725 2392 circum

226 2421 346 2450 eram,
363 2410 446 2446 vidi
472 2411 574 2446 duos
592 2412 755 2458 angelos
782 2411 822 2446 in
849 2422 1022 2457 purpura
1039 2418 1079 2447 et
1104 2411 1280 2451 coccino,
1299 2411 1367 2456 qui
1385 2421 1475 2446 cum
1496 2409 1727 2445 sedentibus

227 2473 346 2509 super
361 2463 537 2509 gramine
555 2463 831 2510 loquebantur,
847 2470 887 2499 et
904 2464 1171 2510 loquebantur
1188 2464 1238 2499 de
1255 2463 1410 2510 origine
1427 2463 1574 2498 amoris
1588 2463 1727 2508 conju-

227 2515 351 2562 gialis‚
373 2523 414 2552 et
443 2517 492 2551 de
520 2516 606 2562 ejus
627 2516 799 2557 deliciis;
833 2523 875 2552 et
901 2517 994 2563 quia
1014 2517 1173 2563 loquela
1199 2516 1248 2552 de
1278 2527 1413 2552 amore
1440 2516 1508 2550 illo
1534 2515 1621 2555 fuit,
1644 2522 1728 2550 erat

227 2569 398 2604 attentio
412 2569 540 2609 avida,
555 2576 596 2604 et
613 2569 788 2616 receptio
807 2570 932 2616 plena,
952 2576 994 2605 et
1011 2569 1103 2605 inde
1117 2569 1307 2604 exaltatio
1321 2569 1424 2604 sicut
1441 2580 1488 2604 ex
1509 2569 1599 2615 igne
1617 2579 1727 2603 amo-

229 2620 281 2656 ris
300 2620 339 2656 in
358 2632 542 2658 sermone
560 2622 805 2668 angelorum.

300 2673 453 2720 Collegi
473 2674 511 2709 in
528 2685 723 2710 summam
740 2675 839 2710 haec
856 2685 878 2710 e
895 2675 1055 2721 loquela
1070 2674 1228 2710 illorum
1244 2685 1251 2710 :
1273 2674 1438 2720 praefati
1454 2679 1547 2709 sunt
1561 2673 1611 2708 de
1625 2672 1727 2708 diffi-

228 2725 294 2760 cili
317 2726 634 2773 investigatione,
653 2734 692 2762 et
714 2728 763 2762 de
786 2727 935 2762 difficili
959 2728 1214 2773 perceptione
1236 2727 1399 2773 originis
1420 2727 1566 2762 amoris
1587 2726 1727 2771 conju-

228 2778 353 2824 gialis,
371 2779 465 2825 quia
488 2780 602 2826 origo
627 2780 713 2826 ejus
738 2786 799 2816 est
827 2780 972 2816 Divina
991 2780 1178 2820 caelestis,
1199 2786 1259 2815 est
1284 2780 1390 2815 enim
1415 2780 1582 2814 Divinus
1603 2789 1726 2818 amor,

233 2829 379 2867 Divina
394 2832 598 2878 sapientia,
616 2839 656 2868 et
678 2832 843 2868 Divinus
861 2844 968 2872 usus,
983 2844 1084 2879 quae
1102 2833 1178 2868 tria
1196 2839 1240 2868 ut
1258 2844 1381 2867 unum
1399 2843 1423 2867 a
1442 2831 1617 2866 Domino
1636 2842 1726 2876 pro-

230 2883 389 2924 cedunt,
404 2891 444 2919 et
463 2884 554 2920 inde
574 2891 619 2919 ut
636 2897 759 2919 unum
777 2885 947 2920 influunt
966 2885 1004 2920 in
1024 2886 1175 2920 animas
1194 2885 1412 2924 hominum,
1432 2891 1471 2919 et
1490 2895 1558 2929 per
1575 2883 1726 2919 animas

232 2934 271 2969 in
290 2943 444 2972 mentes
462 2937 630 2977 illorum,
649 2944 689 2972 et
708 2938 760 2973 ibi
781 2938 818 2972 in
839 2938 1046 2973 interiores
1060 2937 1291 2973 affectiones
1309 2945 1348 2972 et
1367 2937 1640 2983 cogitationes,
1658 2947 1726 2981 per

231 2986 303 3023 has
321 2988 360 3023 in
379 2989 574 3025 desideria
590 2990 814 3037 propinqua
830 2991 996 3037 corpori,
1012 2997 1053 3026 et
1070 3001 1120 3026 ex
1137 2990 1199 3025 his
1217 3001 1287 3037 per
1304 2989 1442 3036 pectus
1462 2989 1500 3023 in
1520 2988 1722 3035 regionem
