2014 3386
550 359 618 392 DE
650 357 830 391 AMORE
862 355 1290 400 CONJUGIAL1.-—N.
1315 348 1414 400 406.
1655 357 1735 399 313

235 474 349 517 haec
367 479 554 529 recepta
570 474 628 515 ab
644 474 732 515 illis
750 472 1011 516 obvolvitur
1028 471 1195 514 circum
1213 484 1415 513 amorem
1433 469 1614 512 illorum
1632 483 1737 524 pro-

235 539 394 592 prium,
415 544 462 580 et
484 538 589 579 inde
607 552 667 579 ex
689 537 776 579 hoc
795 543 842 579 et
865 537 998 578 simul
1020 550 1080 578 ex
1102 535 1181 577 illa
1197 535 1393 576 infantes
1410 541 1582 583 amant,
1603 547 1736 576 oscu-

234 601 390 652 lando,
423 599 761 655 amplectendo,
790 601 1035 655 portando,
1063 599 1354 641 admovendo
1385 597 1659 652 pastoribus,
1688 603 1735 639 et

235 678 371 718 super
391 677 574 706 omnem
597 664 783 706 modum
805 663 1160 713 adblandiendo,
1184 668 1232 705 et
1255 660 1467 716 speetant
1489 661 1592 703 illos
1615 661 1734 703 sicut

235 741 372 769 unum
390 741 468 769 cor
485 734 532 769 et
555 741 690 769 unam
708 728 906 769 animam
923 740 1078 769 secum
1095 740 1106 779 3
1138 740 1190 768 ac
1210 726 1376 767 deinde
1395 732 1499 779 post
1518 725 1735 766 infantiae

234 791 416 833 illorum
430 797 603 833 statum
621 805 762 845 usque
784 792 841 832 ad
864 791 1143 845 ephebatum
1164 796 1211 832 et
1234 789 1367 839 ultra,
1384 790 1491 830 dum
1514 789 1734 830 innocen-

234 855 300 895 tia
320 868 413 895 non
435 845 632 908 amplius
647 855 816 908 aliquid
834 861 1062 908 operatur,
1081 853 1184 895 illos
1206 860 1364 895 amant
1386 866 1478 894 non
1501 867 1560 893 ex
1583 852 1734 906 aliquo

235 918 399 959 timore
431 918 518 959 Dei
558 931 610 959 ac
652 919 824 971 pietate
862 916 1028 959 actuali
1068 931 1148 959 seu
1188 918 1326 966 vitae,
1360 930 1443 958 nec
1482 931 1542 958 ex
1583 916 1735 970 aliqua

232 980 543 1035 intelligentia
573 981 784 1022 rationali
815 987 863 1023 et
903 981 1062 1022 morali
1094 981 1213 1035 apud
1244 980 1362 1030 illos,
1396 994 1448 1021 ae
1491 993 1648 1033 parum
1686 985 1734 1021 et

232 1045 313 1085 vix
344 1045 585 1099 quicquam
612 1043 823 1098 spectant
854 1045 913 1086 ad
944 1043 1208 1086 affeffiones
1233 1045 1438 1085 internas
1463 1044 1657 1092 illorum,
1686 1049 1734 1085 et

232 1107 339 1149 inde
371 1107 429 1149 ad
461 1109 655 1150 virtutes
687 1115 734 1150 et
766 1108 912 1150 bonos
937 1121 1101 1157 mores,
1130 1108 1211 1149 sed
1244 1108 1393 1149 solum
1424 1107 1481 1149 ad
1523 1114 1733 1157 externa,

234 1172 395 1225 quibus
425 1171 610 1223 favent;
651 1171 721 1213 his
751 1185 954 1213 amorem
986 1185 1116 1213 suum
1147 1170 1417 1225 adjungunt,
1445 1170 1652 1224 affigunt,
1685 1175 1734 1212 et

233 1235 528 1289 agglutinant
546 1250 555 1286 ;
588 1236 694 1277 inde
712 1236 852 1277 etiam
875 1235 1122 1277 occludunt
1144 1235 1302 1277 oculos
1323 1235 1382 1277 ad
1405 1236 1515 1276 vitia
1536 1235 1731 1285 illorum,

233 1306 510 1340 excusantes
532 1299 610 1340 illa
635 1306 682 1341 et
707 1299 914 1341 faventes
936 1299 1052 1340 illis:
1086 1313 1223 1340 causa
1248 1306 1336 1349 est,
1361 1299 1464 1353 quia
1489 1298 1608 1352 apud
1631 1297 1734 1339 illos

233 1375 362 1403 amor
388 1363 620 1415 progeniei
646 1376 755 1404 suae
780 1369 852 1404 est
879 1377 1058 1417 quoque
1081 1376 1208 1404 amor
1234 1363 1314 1412 sui,
1339 1370 1387 1404 et
1412 1362 1484 1403 hic
1512 1362 1734 1403 adhaeret

232 1423 436 1478 subjecto
461 1427 764 1477 extrinsecus,
791 1440 844 1468 ac
877 1440 968 1467 non
993 1427 1135 1468 intrat
1160 1427 1205 1467 in
1230 1426 1356 1476 illud,
1383 1427 1500 1467 sicut
1526 1426 1623 1479 ipse
1650 1438 1732 1467 nec

236 1488 283 1530 in
309 1502 372 1530 se.

320 1552 463 1608 406.
506 1551 664 1606 Qualis
696 1559 767 1595 est
798 1566 926 1595 amor
965 1553 1187 1595 infantum
1229 1559 1277 1595 et
1321 1566 1450 1595 amor
1488 1553 1732 1594 liberorum

235 1617 355 1670 apud
381 1616 653 1669 spirituales,
682 1623 729 1658 et
760 1617 905 1671 qualis
935 1617 1055 1670 apud
1088 1616 1333 1666 naturales,
1361 1617 1599 1658 evidenter
1630 1630 1733 1669 per-

231 1680 419 1733 spicitur
450 1694 509 1720 ex
542 1679 629 1720 illis
662 1687 768 1733 post
795 1687 1022 1722 mortem:
1061 1680 1262 1735 plerique
1289 1681 1410 1722 enim
1437 1687 1590 1734 patres
1622 1681 1731 1721 dum

230 1743 338 1784 illuc
361 1743 564 1792 veniunt,
588 1744 886 1785 recordantur
903 1757 1084 1785 suorum
1110 1744 1368 1794 liberorum,
1393 1745 1467 1798 qui
1493 1750 1601 1785 ante
1628 1743 1732 1785 illos

231 1807 487 1856 obiverunt,
521 1813 568 1848 et
608 1821 786 1861 quoque
818 1808 1042 1849 sistuntur
1072 1815 1353 1861 praesentes,
1387 1815 1434 1849 et
1471 1813 1732 1861 agnoscunt

230 1883 280 1911 se
321 1877 493 1912 mutuo.
569 1869 838 1924 spirituales
877 1878 1031 1925 patres
1072 1872 1211 1913 modo
1251 1872 1478 1925 aspiciunt
1523 1871 1640 1921 illos,
1683 1877 1732 1913 et

230 1940 453 1987 quaerunt
479 1934 522 1974 in
549 1948 638 1988 quo
661 1940 786 1976 statu
808 1941 928 1984 sunt,
953 1941 1000 1976 et
1026 1935 1231 1988 gaudent
1256 1936 1292 1976 si
1318 1935 1406 1976 illis
1428 1935 1544 1976 bene
1571 1942 1656 1983 est,
1685 1941 1734 1978 et

231 1996 392 2038 dolent
416 1998 452 2038 si
478 1997 625 2049 male;
658 2004 705 2039 et
728 2005 834 2052 post
856 1998 1053 2053 aliquam
1076 1998 1446 2047 collocutionem,
1472 1997 1733 2040 instructio·

230 2073 350 2109 nem,
377 2059 722 2102 instructionem
754 2068 802 2103 et
833 2062 1194 2104 admonitionem
1227 2062 1283 2103 de
1314 2063 1410 2104 vita
1441 2062 1600 2103 morali
1627 2076 1732 2104 cae-

231 2123 351 2172 lesti,
379 2131 594 2177 separant
625 2139 674 2166 se
710 2125 769 2166 ab
809 2125 911 2175 illis,
939 2139 992 2167 ac
1033 2133 1141 2168 ante
1173 2127 1511 2180 separationem
1545 2127 1730 2176 docent,

231 2187 352 2241 quod
375 2201 466 2229 non
488 2188 682 2241 amplius
703 2189 976 2230 recordandi
999 2190 1089 2231 sint
1112 2196 1161 2232 ut
1188 2197 1358 2244 patres,
1383 2192 1485 2244 quia
1509 2191 1732 2232 Dominus

231 2257 302 2291 est
330 2251 486 2292 unicus
510 2251 644 2293 Pater
669 2252 879 2293 omnibus
902 2253 946 2293 in
973 2253 1116 2302 caelo,
1142 2254 1392 2294 secundum
1421 2254 1565 2307 Ipsius
1592 2255 1732 2295 verba

235 2314 420 2367 (Matth.
442 2315 572 2356 xxiii.
590 2315 653 2369 9),
673 2322 720 2358 et
743 2317 864 2370 quod
888 2316 1082 2366 illorum,
1103 2323 1152 2359 ut
1176 2317 1317 2367 liberi,
1337 2331 1557 2371 nusquam
1580 2331 1732 2359 recor-

231 2377 409 2419 dentur.
473 2378 631 2420 Patres
662 2386 818 2421 autem
850 2380 1097 2430 naturales,
1130 2387 1180 2422 ut
1218 2382 1410 2434 primum
1443 2382 1731 2422 animadver-

230 2446 334 2481 tunt
358 2454 405 2481 se
427 2441 635 2482 viventes
658 2449 763 2496 post
785 2440 995 2492 mortem,
1020 2457 1072 2484 ac
1095 2444 1138 2484 in
1162 2445 1427 2485 memoriam
1451 2458 1577 2485 suam
1600 2458 1731 2486 revo-

231 2510 339 2545 cant
366 2503 548 2553 liberos,
572 2506 645 2558 qui
671 2512 780 2548 ante
802 2506 904 2548 illos
927 2508 1182 2557 obiverunt‚
1207 2514 1253 2549 et
1280 2522 1459 2562 quoque
1482 2508 1731 2549 secundum

232 2572 391 2607 votum
425 2566 635 2608 desiderii
667 2568 887 2610 sistuntur
914 2576 1196 2622 praesentes,
1224 2570 1347 2611 illico
1378 2569 1728 2623 conjunguntur,

231 2634 279 2669 et
305 2629 554 2671 cohaerent
581 2631 697 2671 sicut
723 2631 868 2673 fasces
891 2632 1125 2686 colligati;
1157 2646 1209 2674 ac
1233 2639 1340 2674 tunc
1364 2641 1495 2686 pater
1513 2634 1730 2674 continue

231 2690 489 2733 dele&atur
519 2706 578 2734 ex
611 2691 798 2746 aspeftu
823 2694 1019 2745 illorum,
1046 2702 1094 2737 et
1135 2710 1195 2736 ex
1236 2696 1465 2750 colloquio
1493 2710 1593 2737 cum
1627 2696 1730 2738 illis.

232 2753 280 2796 Si
305 2756 469 2797 dicitur
494 2756 627 2809 patri,
653 2757 773 2810 quod
796 2759 978 2811 quidam
1004 2773 1064 2800 ex
1091 2758 1242 2800 liberis
1267 2759 1356 2801 illis
1378 2759 1472 2813 ejus
1494 2761 1584 2800 sint
1607 2766 1731 2801 sata-

232 2831 333 2868 nae,
361 2826 408 2861 et
439 2820 560 2873 quod
592 2820 830 2862 intulerint
857 2835 1004 2863 noxas
1029 2822 1175 2871 bonis,
1204 2822 1495 2864 nihilominus
1522 2824 1732 2865 continet

231 2881 334 2923 illos
359 2883 404 2923 in
429 2883 570 2936 globo
597 2884 765 2925 circum
791 2898 854 2933 se,
882 2892 960 2927 aut
992 2886 1037 2926 in
1070 2892 1254 2927 caterva
1280 2894 1387 2928 ante
1419 2901 1493 2937 se;
1537 2887 1572 2926 si
1605 2887 1732 2929 videt

231 2944 328 2997 ipse
354 2947 474 2999 quod
501 2946 717 2988 damnum
744 2948 952 2998 inserant,
977 2956 1024 2990 et
1051 2949 1172 2990 mala
1195 2949 1378 2998 faciant,
1403 2963 1542 3003 usque
1569 2950 1625 2990 ad
1652 2949 1732 2991 illa

233 3007 343 3050 nihil
370 3010 586 3060 attendit,
606 3024 698 3064 vnec
725 3011 944 3054 dissociat
970 3012 1167 3067 aliquem
1197 3026 1224 3054 a
1254 3027 1329 3065 se;
1367 3026 1504 3067 quare
1537 3026 1592 3054 ne
1624 3013 1730 3055 talis
