2014 3386
509 359 575 391 DE
608 358 788 391 AMORE
820 357 1245 400 CONJUGIALI.-N.
1275 359 1369 402 291.
1602 361 1681 404 225

273 472 403 516 288.
446 470 598 526 (Χνίἰ.)
637 470 768 521 Quod
786 471 879 514 sint
892 477 1082 525 propter
1101 470 1402 512 excusationes
1428 485 1680 521 naevorum,

186 543 230 579 et
249 537 350 578 inde
367 536 626 578 evitationes
648 535 1099 588 infamiae.—Naevi,
1118 541 1306 589 propter
1327 549 1441 589 quos
1465 530 1683 589 conjuges

187 601 355 642 timent
387 600 634 647 infamiam,
663 605 768 640 sunt
802 598 966 653 plureS,
994 598 1179 653 quidam
1211 599 1393 647 sontici,
1427 604 1474 640 et
1500 599 1683 652 quidam

186 677 278 706 non
304 664 496 714 sontici;
530 669 636 704 sunt
663 662 795 703 naevi
822 663 1004 712 mentis,
1029 669 1075 704 et
1103 663 1236 703 naevi
1262 663 1465 716 corporis
1490 661 1684 704 leviores

185 728 464 770 enumeratis
496 727 540 767 in
573 727 725 780 capite
762 727 898 780 priori
932 725 994 780 (n.
1027 735 1108 779 252
1141 732 1188 768 et
1221 726 1339 781 253),
1373 740 1487 780 quae
1520 739 1683 768 causae

185 790 488 843 separationis
519 797 653 841 sunt;
686 804 824 844 quare
855 789 1178 844 intelliguntur
1209 790 1355 839 naevi,
1389 790 1463 844 qui
1495 796 1685 843 propter

184 853 416 894 infamiam
453 853 511 894 ab
542 853 691 895 altero
728 853 921 907 conjuge
954 853 1139 895 silentio
1170 860 1461 907 premuntur:
1503 859 1685 907 praeter

183 916 284 966 hos,
312 916 432 970 apud
464 917 640 971 aliquos
667 923 772 958 sunt
803 917 1125 971 contingentia
1150 917 1353 966 crimina,
1381 931 1497 970 quae
1523 917 1683 970 poenis

183 979 314 1033 legis,
341 981 378 1021 si
404 980 742 1034 evulgarentur,
771 979 974 1033 subjec'ta
999 987 1133 1032 sunt;
1168 987 1217 1022 ut
1244 986 1455 1022 taceatur
1481 978 1684 1021 descetus

183 1043 356 1096 copiae,
381 1056 441 1084 ex
467 1057 555 1097 qua
576 1045 657 1084 viri
684 1058 742 1085 ex
771 1044 908 1085 solito
930 1044 1197 1098 gloriantur.
1260 1042 1396 1096 Quod
1417 1043 1575 1084 talium
1599 1057 1683 1084 ex-

183 1107 445 1147 cusationes
472 1107 528 1148 ad
556 1107 824 1148 evitandum
850 1107 1096 1157 infamiam,
1121 1108 1212 1149 sint
1239 1120 1404 1148 causae
1427 1106 1682 1148 simulatio-

183 1171 252 1211 nis
298 1172 466 1212 amoris
511 1177 558 1212 et
599 1171 828 1212 amicitiae
868 1183 971 1212 cum
1007 1169 1215 1224 conjuge,
1255 1171 1426 1225 absque
1467 1170 1683 1212 ulteriore

183 1234 532 1276 confirmatione
559 1241 705 1288 patet.

266 1299 399 1351 289.
442 1296 608 1352 (xviii.)
647 1297 776 1349 Quod
787 1298 879 1339 sint
892 1305 1084 1352 propter
1099 1296 1683 1351 reconcz‘lz'atz'ones.—Qu0d

182 1363 302 1403 inter
333 1361 567 1415 conjuges,
595 1363 670 1416 qui
702 1363 970 1404 discordant
1002 1363 1233 1403 mentibus
1259 1376 1319 1404 ex
1351 1362 1487 1403 variis
1519 1361 1683 1410 causis,

182 1427 273 1468 sint
306 1425 513 1467 alternae
546 1426 844 1467 dissidentiae
876 1433 923 1468 et
960 1426 1282 1475 confidentiae,
1316 1426 1685 1467 abalienationes

182 1497 229 1531 et
270 1487 628 1543 conjunfflones,
662 1491 801 1531 immo
833 1490 1088 1531 rixationes
1129 1497 1176 1531 et
1210 1491 1586 1543 compositiones,
1619 1490 1683 1531 ita

180 1554 606 1604 reconciliationes;
653 1560 750 1595 tum
792 1554 932 1595 etiam
974 1553 1095 1608 quod
1137 1560 1413 1607 apparentes
1453 1553 1685 1595 amicitiae

181 1617 494 1666 reconcilient,
522 1617 566 1657 in
600 1617 770 1658 mundo
802 1624 961 1658 notum
994 1624 1078 1658 est.
1141 1617 1321 1659 Dantur
1352 1617 1492 1658 etiam
1519 1629 1682 1658 recon-

181 1677 451 1729 ciliationes,
476 1694 591 1734 quae
614 1680 726 1722 fiunt
754 1687 859 1734 post
883 1681 1202 1730 discessiones,
1226 1694 1342 1735 quae
1366 1694 1458 1722 non
1485 1686 1591 1722 sunt
1617 1680 1683 1721 ita

181 1743 389 1786 alternae
415 1750 462 1785 et
489 1745 795 1786 transitoriae.

265 1817 401 1861 290.
445 1806 584 1861 (xix.)
621 1805 751 1856 Quod
780 1807 827 1848 si
856 1807 983 1861 apud
1012 1821 1193 1849 uxorem
1228 1821 1314 1848 non
1347 1813 1493 1848 cessat
1517 1807 1679 1859 favor,

181 1870 286 1912 dum
309 1870 518 1923 facultas
549 1871 676 1924 apud
709 1870 874 1919 virum,
890 1871 1006 1926 fieri
1029 1871 1182 1924 possit
1215 1870 1412 1912 amicitia
1451 1870 1681 1912 aemulans

180 1934 470 1990 conjugz'alem
492 1948 586 1975 cum
617 1934 1132 1976 senescunt.—Primaria
1159 1947 1396 1975 causarum
1424 1935 1680 1987 separatio-

181 1999 251 2039 nis
290 1999 543 2039 animorum
585 1999 706 2040 inter
746 1998 980 2052 conjuges,
1023 2005 1094 2040 est
1134 1998 1263 2040 favor
1304 1997 1520 2039 deficiens
1560 1999 1680 2053 apud

181 2074 387 2110 uxorem,
421 2068 636 2103 cessante
675 2062 899 2103 facultate
938 2062 1057 2116 apud
1098 2062 1257 2110 virum,
1292 2068 1339 2103 et
1379 2061 1485 2103 inde
1525 2075 1679 2113 amor;

182 2137 288 2165 nam
329 2125 539 2166 similiter
570 2126 687 2167 sicut
720 2125 896 2167 calores
929 2126 1270 2166 communicant
1303 2126 1422 2166 inter
1453 2139 1516 2175 se,
1541 2126 1680 2167 etiam

181 2187 374 2242 frigora:
408 2189 530 2243 quod
563 2203 622 2230 ex
655 2188 834 2230 defectu
871 2190 1038 2230 amoris
1078 2189 1198 2242 apud
1239 2195 1496 2243 utrumque,
1530 2195 1682 2230 cesset

181 2253 396 2302 amicitia,
420 2259 467 2294 et
490 2253 526 2293 si
548 2253 771 2308 pernicies
794 2253 857 2294 rei
878 2252 1108 2293 familiaris
1131 2253 1174 2293 in
1198 2252 1336 2293 domo
1359 2265 1450 2293 non
1474 2253 1676 2301 timetur,

182 2316 320 2356 etiarn
346 2315 486 2364 favor,
515 2330 541 2356 a
567 2317 746 2356 ratione
773 2322 819 2357 et
851 2316 910 2356 ab
935 2315 1222 2369 experientia
1253 2322 1452 2356 constat.
1514 2314 1560 2356 Si
1591 2316 1680 2356 ita-

181 2391 268 2432 que
293 2379 360 2420 vir
381 2380 523 2420 tacite
550 2379 634 2420 sibi
660 2380 856 2433 imputat
883 2391 1082 2428 causam,
1106 2385 1153 2420 et
1177 2393 1318 2433 usque
1340 2393 1456 2419 uxor
1481 2379 1525 2420 in
1548 2384 1681 2419 casto

180 2441 334 2483 favore
361 2456 469 2496 erga
495 2442 622 2483 illum
650 2449 930 2496 perseverat,
959 2448 1116 2496 potest
1148 2443 1252 2483 inde
1275 2442 1498 2483 resultare
1523 2441 1680 2483 amici-

182 2505 260 2552 tia,
302 2520 417 2560 quae
461 2507 564 2560 quia
611 2513 681 2548 est
722 2507 841 2548 inter
880 2506 1112 2560 conjuges,
1155 2512 1347 2560 apparet
1392 2507 1508 2546 sicut
1553 2510 1703 2546 amor·

182 2568 417 2610 aemulans
469 2569 786 2623 conjugialem.
867 2568 1004 2623 Quod
1051 2570 1252 2610 amicitia
1293 2575 1513 2623 tanquam
1559 2568 1679 2609 illius

182 2632 348 2672 amoris
371 2632 504 2674 detur
525 2633 642 2674 inter
665 2632 882 2686 conjuges
905 2647 1051 2681 senes,
1072 2647 1131 2674 ex
1154 2632 1333 2674 illorum
1352 2631 1678 2680 contuberniis,

183 2696 481 2745 commerciis,
515 2701 562 2737 et
594 2697 837 2737 consortiis
869 2695 1141 2750 tranquillis,
1175 2696 1359 2745 securis,
1393 2694 1678 2742 amabilibus,

183 2765 230 2800 et
256 2760 476 2800 comitate
503 2759 663 2812 plenis,
691 2760 977 2812 experientia
1003 2765 1216 2800 testatur.

265 2831 390 2876 291.
435 2821 559 2876 (xx.)
606 2822 734 2873 Quod
760 2824 919 2864 variae
948 2822 1110 2876 species
1141 2821 1407 2875 apparentis
1439 2819 1606 2862 amoris
1636 2826 1679 2861 et

183 2884 402 2926 amicitiae
421 2885 581 2927 dentur
596 2886 714 2926 inter
732 2886 947 2940 conjuges,
967 2899 1152 2939 quorum
1174 2899 1285 2926 unus
1306 2891 1374 2926 est
1393 2883 1675 2936 subjugatus,

183 2954 226 2988 et
243 2947 345 2989 inde
367 2947 584 3000 subjec‘lus
605 2948 949 3002 alteri.—Qu0d
975 2955 1080 3002 post
1106 2947 1271 2990 &taeta
1298 2949 1441 3001 prima
1468 2953 1680 2999 tempora

185 3009 381 3065 conjugii
406 3012 524 3054 inter
549 3011 765 3066 conjuges
791 3012 1054 3054 oboriantur
1080 3010 1408 3054 aemulationes
1435 3010 1491 3051 de
1508 3008 1604 3063 jure
1631 3014 1679 3052 et
