2014 3386
328 347 410 399 396
769 358 1100 394 VOLUPTATES
1132 362 1378 398 INSANIAE

325 467 387 523 (n.
413 470 479 522 83,
505 470 636 526 seq.),
662 471 1029 518 demonstratum
1052 482 1135 526 est,
1161 478 1282 532 quod
1305 479 1415 521 illud
1438 481 1697 536 conjugium
1720 498 1820 527 cor-

320 534 599 586 respondeat
639 536 862 591 conjugiis
902 539 947 579 in
989 541 1148 591 terris;
1201 541 1306 583 inde
1346 546 1654 599 consequitur,
1696 550 1821 603 quod

319 597 512 639 violatio
556 598 676 641 illius
721 600 918 655 conjugii
964 605 1325 656 correspondeat
1368 609 1727 652 scortationibus
1770 618 1820 655 et

318 659 585 703 adulteriis:
628 664 749 717 quod
781 665 847 706 ita
879 666 952 715 sit,
982 667 1225 709 manifeste
1256 675 1388 722 patet
1420 685 1480 712 ex
1511 672 1612 725 ipso
1644 673 1818 726 Verbo,

317 723 439 776 quod
471 724 532 765 ibi
565 739 645 779 per
673 729 1056 770 “scortationes’'
1088 736 1135 771 et
1171 731 1440 774 “adulteria
1453 733 1473 749 ''
1504 735 1818 788 significentur

315 785 659 830 falsificationes
685 791 779 831 veri
805 798 854 833 et
886 792 1251 835 adulterationes
1277 795 1399 845 boni,
1428 802 1477 838 ut
1509 799 1553 839 in
1585 800 1817 844 evidentia

315 849 457 891 videri
485 858 640 903 potest
667 867 726 894 ex
760 854 872 895 locis
904 869 928 896 e
956 855 1114 898 Verbo
1139 857 1184 898 in
1209 857 1251 898 A
1252 859 1489 913 pocahtpsz'
1507 861 1723 905 Revelata
1751 863 1814 919 (n.

320 911 434 966 134),
463 914 508 954 in
534 916 666 968 copia
691 916 913 958 adductis.

397 985 528 1030 519.
570 978 779 1021 Violatio
798 980 939 1022 Verbi
961 981 1011 1023 fit
1035 983 1092 1024 ab
1115 983 1199 1034 his,
1219 985 1294 1039 qui
1316 985 1361 1026 in
1385 986 1596 1028 Ecclesia
1619 988 1812 1031 Christi-

312 1056 401 1084 ana
426 1042 691 1085 adulterant
718 1043 839 1085 bona
863 1051 911 1086 et
937 1060 1046 1087 vera
1071 1046 1192 1100 ejus;
1235 1055 1283 1090 et
1314 1049 1379 1090 illi
1410 1049 1497 1091 hoc
1524 1051 1709 1102 faciunt,
1737 1053 1814 1108 qui

311 1112 527 1166 separant
555 1120 711 1148 verum
737 1122 763 1148 a
789 1108 926 1158 bon0‚
954 1115 1002 1151 et
1028 1110 1199 1152 bonum
1225 1126 1251 1153 a
1278 1126 1412 1164 vero;
1446 1119 1543 1155 tum
1570 1115 1645 1169 qui
1670 1129 1812 1174 appa-

310 1170 484 1211 rentias
515 1171 609 1211 veri
643 1177 690 1212 et
731 1171 937 1223 fallacias
975 1186 1058 1226 pro
1089 1175 1301 1227 genuinis
1337 1177 1456 1217 veris
1487 1185 1724 1220 assumunt
1761 1186 1810 1222 et

309 1231 607 1283 confirmant;
642 1239 690 1274 ut
715 1240 777 1283 et,
802 1235 877 1288 qui
903 1249 1011 1276 vera
1037 1235 1273 1279 doctrinae
1298 1252 1359 1280 ex
1386 1238 1543 1280 Verbo
1569 1241 1734 1290 sciunt,
1758 1249 1807 1284 et

309 1295 429 1337 male
447 1296 606 1337 vivunt
625 1310 634 1347 ;
665 1304 847 1349 praeter
865 1299 1035 1340 similes
1053 1299 1182 1341 alios.
1240 1300 1343 1342 Hae
1366 1302 1642 1345 violationes
1666 1303 1809 1346 Verbi

307 1365 355 1400 et
378 1358 601 1400 ecclesiae
619 1361 983 1415 correspondent
1002 1363 1219 1416 gradibus
1237 1364 1479 1418 prohibitis
1500 1364 1660 1420 (Levz't.
1678 1368 1803 1410 xviii.

306 1422 622 1477 enumeratis).

389 1495 522 1539 520.
564 1485 793 1539 Quoniam
812 1488 1020 1530 naturale
1042 1495 1089 1531 et
1112 1489 1346 1543 spirituale
1363 1491 1483 1545 apud
1506 1505 1805 1549 unumquem-

303 1548 372 1589 vis
398 1548 630 1590 hominem
657 1550 908 1592 cohaerent
936 1552 1054 1594 sicut
1080 1554 1231 1594 anima
1257 1560 1304 1595 et
1331 1567 1508 1609 corpuS,
1533 1569 1639 1596 nam
1664 1556 1804 1599 homo

303 1612 476 1666 absque
498 1613 719 1666 spirituali
742 1615 863 1668 quod
890 1615 1035 1657 influit
1057 1621 1105 1658 et
1131 1616 1332 1659 vivificat
1355 1618 1562 1660 naturale
1589 1619 1682 1672 ejus
1709 1633 1801 1662 non

303 1681 375 1716 est
398 1675 553 1725 homo,
578 1676 684 1718 inde
707 1679 1014 1732 consequitur,
1034 1680 1156 1734 quod
1177 1681 1252 1734 qui
1277 1680 1322 1721 in
1346 1680 1560 1735 conjugio
1582 1682 1802 1736 spirituali

303 1745 375 1780 est
407 1740 548 1780 etiam
581 1740 639 1781 sit
685 1740 729 1781 in
762 1740 977 1795 conjugio
1010 1742 1207 1783 naturali
1237 1742 1385 1795 felici;
1435 1750 1483 1785 et
1523 1745 1622 1786 vice
1652 1759 1798 1795 versa,

301 1802 422 1856 quod
454 1804 529 1856 qui
560 1803 604 1844 in
636 1803 866 1846 adulterio
894 1805 1115 1857 spirituali
1142 1812 1214 1847 est
1240 1807 1378 1847 etiam
1406 1807 1465 1848 sit
1497 1808 1541 1848 in
1573 1808 1799 1850 adulterio

301 1865 512 1915 naturali,
553 1872 599 1907 et
642 1867 855 1908 vicissim.
918 1867 1050 1909 Nunc
1089 1869 1193 1922 quia
1233 1883 1393 1911 omnes
1428 1871 1503 1924 qui
1540 1871 1583 1911 in
1622 1871 1799 1912 inferno

299 1934 420 1977 sunt,
455 1929 500 1969 in
542 1930 771 1970 connubio
803 1930 911 1971 mali
952 1937 1000 1972 et
1040 1931 1141 1973 falsi
1173 1938 1294 1981 sunt,
1328 1939 1376 1974 et
1416 1932 1503 1974 hoc
1541 1939 1612 1974 est
1649 1934 1795 1988 ipsum

298 1991 572 2033 adulterium
599 1993 848 2047 spirituale,
874 2000 922 2035 et
948 2007 1108 2036 omnes
1134 1996 1209 2049 qui
1235 1995 1280 2036 in
1307 1995 1438 2036 caelo
1462 2002 1583 2044 sunt,
1611 1996 1656 2036 in
1683 2009 1790 2038 con—

292 2054 418 2108 jugio
444 2055 550 2095 boni
578 2062 626 2096 et
658 2057 751 2097 veri
777 2062 895 2106 sunt,
922 2064 970 2098 et
997 2058 1083 2098 hoc
1110 2065 1182 2099 est
1215 2059 1360 2112 ipsum
1387 2058 1661 2111 conjugium,
1688 2059 1795 2101 ideo

297 2126 448 2161 totum
465 2119 686 2161 infernum
704 2126 896 2161 vocatur
911 2121 1202 2171 adulterium,
1221 2135 1274 2163 ac
1293 2127 1443 2163 toturn
1461 2121 1637 2163 caelum
1655 2135 1794 2164 voca-

296 2188 369 2224 tur
394 2181 667 2236 conjugium.

293 2316 417 2362 521.
459 2308 545 2349 His
571 2308 809 2362 adjicietur
832 2309 920 2351 hoc
949 2309 1248 2352 Memorabile
1264 2323 1336 2352 :—

366 2389 630 2435 Aperiebatur
656 2390 753 2426 mihi
779 2391 928 2431 oculus,
951 2397 991 2427 et
1015 2391 1097 2426 vidi
1124 2392 1264 2426 silvam
1291 2402 1468 2438 opacam,
1487 2398 1528 2428 et
1554 2392 1606 2427 ibi
1633 2393 1792 2428 turbam

252 2455 257 2461 ‘
293 2449 528 2489 satyrorum.
580 2443 710 2490 Satyri
729 2451 842 2479 erant
859 2444 994 2490 quoad
1014 2443 1176 2490 pectora
1190 2445 1342 2485 hirsuti,
1357 2451 1398 2480 et
1416 2445 1547 2491 quoad
1568 2445 1689 2491 pedes
1706 2445 1793 2491 qui-

293 2495 386 2530 dam
413 2495 515 2531 sicut
540 2496 667 2536 vituli,
685 2497 848 2543 quidam
875 2497 977 2532 sicut
1003 2497 1229 2542 pantherae,
1251 2504 1292 2533 et
1318 2498 1479 2543 quidam
1506 2497 1608 2532 sicut
1634 2497 1727 2543 lupi.
1745 2507 1792 2533 ac

293 2547 408 2583 ferini
424 2560 576 2594 ungues
594 2549 683 2584 loco
697 2550 913 2596 digitorum
933 2550 971 2584 in
987 2550 1144 2595 plantis.
1197 2549 1250 2584 Hi
1266 2550 1371 2585 sicut
1385 2550 1490 2585 ferae
1505 2550 1791 2591 discurrebant,

291 2600 567 2641 vociferantes,
586 2607 606 2620 ‘⁴
622 2602 699 2637 Ubi
720 2602 939 2638 feminae?'’
979 2602 1027 2637 Et
1046 2610 1141 2637 tunc
1159 2603 1242 2638 visa
1260 2610 1354 2638 sunt
1368 2610 1499 2638 scorta
1512 2613 1613 2648 quae
1627 2613 1791 2648 exspec-

292 2654 432 2689 tabant
467 2654 575 2690 illos:
614 2654 712 2690 haec
745 2666 905 2701 quoque
931 2655 1198 2691 diversimode
1226 2662 1450 2691 monstrosa
1483 2661 1609 2691 erant.
1660 2653 1791 2701 Satyri

291 2708 560 2746 accurrebant,
576 2714 616 2742 et
636 2708 721 2743 illas
734 2708 1044 2753 prehendebant‚
1061 2708 1317 2743 detrahentes
1337 2708 1376 2743 in
1394 2719 1615 2747 cavernam,
1630 2718 1731 2754 quae
1750 2707 1791 2742 in

293 2760 426 2794 medio
441 2760 561 2795 silvae
579 2761 658 2795 alte
678 2762 750 2795 sub
768 2768 873 2796 terra
890 2767 995 2801 erat;
1021 2767 1062 2795 et
1079 2771 1201 2806 supra
1218 2767 1365 2796 terram
1384 2761 1642 2796 circumcirca
1658 2770 1791 2795 caver-

292 2823 382 2846 nam
400 2813 558 2858 jacebat
578 2824 745 2858 magnus
763 2824 926 2859 serpens
947 2814 1073 2848 flexus
1101 2813 1139 2847 in
1162 2813 1321 2858 spiram,
1340 2813 1406 2859 qui
1436 2813 1473 2847 in
1495 2822 1705 2848 cavernam
1732 2812 1791 2846 in-

291 2864 412 2899 flabat
438 2876 660 2905 venenum:
699 2865 737 2899 in
769 2866 888 2901 ramis
919 2866 1040 2901 silvae
1069 2876 1188 2910 supra
1217 2873 1442 2911 serpentem
1474 2865 1721 2900 crocitabant
1749 2870 1792 2900 et

291 2917 496 2952 ululabant
508 2928 601 2953 aves
613 2916 741 2953 noctis
756 2917 907 2954 ferales.
959 2918 1034 2954 Sed
1052 2918 1150 2953 haec
1166 2929 1245 2953 non
1258 2918 1445 2953 viderunt
1458 2917 1578 2964 satyri
1590 2923 1631 2952 et
1645 2923 1788 2957 scorta.

291 2970 385 3015 quia
405 2977 519 3005 erant
535 2971 915 3016 correspondentiae
928 2970 1185 3006 'lasciviarum
1206 2971 1375 3012 illorum,
1394 2977 1435 3006 et
1455 2970 1511 3006 sic
1531 2969 1788 3016 apparentiae

293 3022 436 3059 solitae
455 3034 476 3059 e
495 3023 727 3070 longinquo.
