2014 3386
248 329 302 372 92
712 330 953 365 DELICIAE
986 332 1290 367 SAPIENTIAE

246 442 286 477 in
305 441 565 488 dispiciendis
591 444 707 480 rebus
733 445 871 481 limata
895 446 1049 483 ratione
1075 453 1116 483 et
1141 455 1260 484 acuta
1284 449 1369 485 acle
1394 456 1499 492 sunt,
1522 461 1568 486 ac
1595 451 1743 498 ingenii

244 495 362 532 laude
383 497 489 542 apud
511 508 606 533 suos
627 497 896 540 effloruerunt,
916 507 962 535 ut
982 501 1198 537 adveniant
1223 508 1264 537 et
1284 503 1444 538 solvant
1465 511 1662 540 secretum
1682 506 1745 541 De

243 552 390 585 amoris
405 552 640 598 conjugialtlr
655 555 818 600 origine,
837 558 874 588 et
889 554 935 588 de
951 555 1034 599 ejus
1049 556 1202 590 virtute
1216 566 1282 590 seu
1291 556 1506 601 potentia.''

319 602 369 638 Et
386 604 573 640 dixerunt
590 616 612 641 e
629 607 752 647 caelo,
772 611 792 624 “
803 607 983 642 Attende
1005 607 1178 652 paulum,
1197 614 1239 643 et
1255 608 1415 644 visurus
1432 620 1474 645 es
1491 609 1633 656 viginti
1654 621 1744 656 sep·

243 661 327 691 tem
349 667 499 697 currus,
518 664 599 694 tres
621 659 660 693 in
679 660 822 705 quibus
842 659 1024 705 Hispani,
1044 666 1124 695 tres
1147 660 1186 695 in
1204 661 1349 707 quibus
1372 661 1511 698 Franci
1533 674 1604 698 seu
1626 663 1743 705 Galli,

243 714 326 744 tres
353 709 392 744 in
413 710 557 756 quibus
585 711 685 752 Itali,
707 719 788 747 tres
815 713 854 747 in
876 713 1021 758 quibus
1043 712 1242 754 Germani,
1263 720 1344 750 tres
1371 714 1410 749 in
1431 715 1575 761 quibus
1600 716 1742 752 Batavi

245 772 315 797 seu
336 761 537 804 Hollandi,
557 770 639 800 tres
658 765 697 800 in
715 765 858 811 quibus
877 765 1010 811 Angli,
1029 772 1110 801 tres
1129 766 1168 801 in
1187 767 1332 812 quibus
1350 766 1477 808 Sueci,
1496 774 1577 804 tres
1597 769 1636 804 in
1655 769 1743 815 qui-

244 815 320 851 bus
340 815 456 856 Dani,
471 823 512 852 et
529 824 609 853 tres
629 818 667 852 in
682 818 827 864 quibus
847 818 989 853 Poloni
1003 818 1035 858 ;”
1061 825 1102 854 et
1118 825 1215 854 tunc
1233 826 1326 865 post
1343 820 1542 856 bihorium
1556 822 1630 857 visi
1649 829 1744 858 sunt

245 868 301 903 illi
320 879 460 905 currus
477 869 593 905 tra&
612 882 635 906 a
652 871 808 907 mannis
827 871 972 906 coloris
991 871 1098 906 helvi
1117 871 1327 918 insigniter
1343 873 1570 919 phaleratis,
1589 885 1635 910 ac
1656 885 1743 921 per-

245 921 388 957 niciter
404 922 633 958 ferebantur
646 924 696 958 ad
715 924 930 969 spatiosam
945 925 1110 959 domum
1124 925 1250 960 visam
1270 925 1308 960 in
1327 926 1502 962 confinio
1519 927 1684 963 orientis
1702 934 1744 964 et

246 975 437 1017 meridiei,
459 976 564 1012 circa
583 988 702 1023 quam
729 987 868 1013 omnes
890 976 992 1013 vecti
1018 977 1198 1013 curribus
1223 978 1396 1020 exibant,
1414 986 1455 1015 et
1480 979 1574 1015 forti
1600 981 1741 1027 spiritu

245 1027 459 1064 intrabant.

319 1081 369 1117 Et
386 1089 485 1117 tunc
502 1081 652 1117 dictum
674 1089 735 1118 est
753 1082 862 1123 mihi,
882 1087 902 1102 “
914 1082 1026 1118 Vade
1044 1094 1090 1119 ac
1108 1083 1212 1119 intra
1229 1083 1349 1120 etiarn
1367 1090 1423 1126 tu,
1441 1091 1482 1120 et
1499 1085 1672 1121 audies.'’

318 1134 403 1181 Ego
420 1135 512 1170 vadi
539 1142 579 1170 et
606 1135 762 1172 intravi.
814 1136 865 1171 Et
890 1136 1062 1172 lustrans
1084 1137 1248 1172 domurn
1272 1137 1391 1178 intus,
1410 1138 1492 1173 vidi
1511 1139 1619 1184 quod
1637 1145 1744 1175 esset

245 1188 448 1234 quadrata,
471 1188 703 1234 prospeftus
724 1190 894 1224 laterum
915 1190 966 1224 ad
989 1190 1133 1236 plagas,
1156 1189 1196 1224 in
1222 1190 1365 1236 quovis
1395 1191 1517 1226 latere
1539 1198 1619 1227 tres
1640 1189 1744 1228 alta'e

244 1240 442 1276 fenestrae
459 1252 508 1276 ex
525 1242 638 1277 vitris
656 1242 906 1288 crystallinis,
922 1242 1063 1277 harum
1083 1249 1220 1288 postes
1237 1254 1286 1278 ex
1304 1243 1413 1289 ligno
1431 1244 1530 1285 olei;
1555 1244 1744 1291 utrinque

245 1305 269 1329 a
293 1294 416 1329 latere
437 1294 613 1340 postium
632 1294 865 1331 eduffiones
886 1306 908 1330 e
931 1295 1147 1341 parietibus
1165 1295 1269 1331 sicut
1286 1307 1466 1332 camerae
1484 1308 1604 1343 supra
1621 1297 1745 1333 forni-

245 1354 368 1387 catae,
387 1347 454 1382 ubi
477 1359 659 1388 mensae;
685 1348 856 1394 parietes
874 1348 1014 1383 harum
1033 1355 1146 1384 erant
1167 1360 1216 1384 ex
1236 1349 1376 1390 cedris,
1395 1348 1545 1385 teetum
1565 1361 1613 1385 ex
1634 1350 1745 1397 ligno

245 1400 369 1435 nobili
387 1400 539 1446 thyino,
559 1401 688 1436 solum
708 1412 755 1436 ex
777 1402 974 1437 asseribus
1001 1402 1150 1448 populi.
1200 1402 1266 1437 Ad
1288 1402 1478 1448 parietem
1496 1403 1743 1444 orientalem,
1798 1439 1802 1445 ,

245 1453 312 1488 ubi
331 1464 412 1488 non
430 1453 538 1489 visae
555 1460 648 1489 sunt
666 1453 875 1494 fenestrae,
895 1454 1025 1500 posita
1050 1461 1135 1490 erat
1153 1466 1291 1490 mensa
1307 1454 1481 1491 obducta
1498 1466 1606 1496 auro,
1625 1467 1746 1502 super

245 1517 326 1552 qua
342 1507 474 1542 locata
487 1513 571 1542 erat
588 1507 731 1542 cidaris
746 1507 946 1553 lapidibus
962 1508 1145 1553 pretiosis
1164 1508 1456 1548 circumobsita,
1471 1519 1572 1554 quae
1586 1509 1745 1546 cederet

246 1559 285 1594 in
305 1560 476 1605 palmam
498 1571 567 1595 seu
590 1561 810 1605 praemium
838 1560 893 1595 illi
915 1561 982 1607 qui
1009 1561 1248 1607 evestigaret
1266 1568 1463 1596 secretum
1483 1572 1576 1596 mox
1597 1572 1744 1608 propo·

246 1613 434 1649 nendum.
485 1613 586 1649 Cum
600 1614 729 1649 visum
744 1614 927 1649 distribui
946 1614 996 1649 ad
1011 1621 1232 1649 cameratas
1249 1613 1494 1655 eduCtiones,
1510 1626 1612 1660 quae
1628 1621 1745 1652 erant

245 1666 349 1702 sicut
366 1667 572 1702 conclavia
588 1667 702 1712 juxta
719 1666 925 1707 fenestras,
940 1667 1022 1702 vidi
1040 1667 1218 1714 quinque
1235 1667 1342 1703 viros
1361 1667 1399 1702 in
1419 1668 1560 1714 quavis
1577 1679 1626 1703 ex
1643 1679 1744 1714 quo·

244 1719 306 1755 vis
332 1731 455 1766 regno
483 1720 676 1766 Europae,
703 1720 772 1766 qui
799 1720 926 1766 parati
956 1719 1241 1766 exspectabant
1266 1719 1469 1766 objectum
1498 1720 1742 1767 judiciorum

245 1783 421 1808 suorum.

318 1825 369 1860 Et
395 1825 500 1860 illico
521 1831 619 1860 tunc
640 1825 822 1861 constitit
843 1826 1008 1872 angelus
1034 1826 1074 1861 in
1096 1826 1229 1861 medio
1255 1825 1402 1872 palatii,
1425 1831 1466 1861 et
1491 1826 1605 1866 dixit,
1628 1825 1743 1862 “Ob-

243 1876 394 1924 Jectum
418 1878 658 1924 judiciorum
676 1885 900 1914 vestrorum
922 1879 1008 1919 erit,
1026 1879 1087 1914 De
1106 1881 1252 1913 amoris
1270 1879 1505 1925 conjugialzlr
1527 1881 1689 1926 ang-ine,
1706 1883 1745 1915 et

244 1931 291 1966 de
302 1932 382 1977 ejus
393 1933 543 1965 virtute
554 1943 620 1966 seu
630 1934 808 1976 potentia
821 1932 838 1973 ,“·
862 1931 1054 1967 ventilate
1073 1932 1160 1972 hoc,
1176 1938 1216 1967 et
1230 1932 1453 1972 decernite;
1479 1942 1526 1967 ac
1539 1932 1742 1967 decretam

245 1984 485 2019 sententiam
501 1984 703 2019 inscribite
715 1984 887 2025 chartae,
898 1991 940 2020 et
955 1984 1160 2020 immittite
1174 1984 1277 2020 hanc
1292 1985 1331 2019 in
1344 1991 1573 2031 argenteam
1589 1995 1741 2026 urnam,

246 2048 364 2083 quam
382 2037 496 2082 juxta
509 2048 686 2072 mensam
705 2048 863 2073 auream
878 2037 1025 2073 videtis
1043 2037 1227 2083 positam,
1241 2043 1282 2072 et
1299 2037 1535 2073 subscribite
1550 2037 1742 2073 initialem

246 2090 421 2125 litteram
441 2090 551 2135 regni
570 2101 592 2125 e
610 2101 690 2135 quo
709 2091 816 2130 estis,
835 2097 917 2126 uta
937 2090 1096 2126 Francis
1115 2102 1184 2125 seu
1203 2090 1326 2126 Gallis
1345 2095 1353 2109 ‘
1367 2090 1420 2130 F,’
1438 2101 1462 2125 a
1484 2090 1646 2126 Batavis
1671 2101 1742 2126 seu

249 2142 461 2178 Hollandis
479 2148 487 2160 ‘
502 2143 557 2183 B:
575 2143 624 2177 ab
646 2143 755 2178 Italis
775 2148 783 2161 ‘
798 2143 839 2184 1‚’
853 2144 902 2178 ab
924 2143 1066 2189 Anglis
1080 2143 1160 2183 ‘Af
1175 2154 1199 2178 a
1218 2143 1382 2178 Polonis
1401 2149 1409 2161 ⁸
1423 2143 1478 2183 P,’
1493 2154 1516 2178 a
1534 2143 1744 2180 Germanis

247 2201 255 2214 ¹
269 2195 328 2237 G:
345 2197 395 2231 ab
418 2195 608 2241 Hispanis
627 2201 635 2214 ‘
650 2196 713 2236 H,'
730 2207 754 2231 a
776 2196 900 2231 Danis
919 2201 927 2214 ‘
941 2196 1000 2237 D,’
1018 2202 1060 2231 et
1080 2206 1103 2231 a
1125 2196 1262 2232 Suecis
1281 2201 1289 2215 ⁸
1302 2195 1353 2232 S.’
1366 2196 1386 2209 '¹
1439 2195 1514 2232 His
1535 2195 1652 2231 dietis
1673 2207 1743 2232 an-

245 2249 359 2295 gelus
376 2249 511 2287 abivit.
529 2255 570 2284 et
591 2249 702 2289 dixit,
722 2254 742 2267 ‘¹
757 2249 949 2284 Redib0.’'

321 2301 371 2337 Et
388 2308 485 2337 tunc
498 2301 673 2347 quinque
688 2302 900 2347 populares
919 2302 958 2337 in
972 2301 1115 2348 quovis
1128 2301 1336 2337 conclavio
1353 2302 1402 2337 ad
1418 2301 1622 2342 fenestras,
1636 2301 1744 2338 edic·

247 2361 334 2390 tum
354 2355 451 2390 illud
466 2354 690 2395 versabant,
706 2354 981 2400 dispiciebant,
1001 2361 1041 2390 et
1059 2355 1279 2390 secundum
1300 2354 1582 2400 praestantiam
1601 2354 1743 2389 dotum

247 2419 407 2444 suorum
426 2407 666 2454 judiciorum
683 2408 959 2446 decernebant,
974 2407 1122 2442 chartis
1141 2407 1418 2447 inscribebant,
1437 2407 1661 2452 subscripta
1679 2407 1743 2442 lit-

247 2467 334 2497 tera
348 2460 487 2496 initiali
502 2460 563 2495 sui
578 2460 700 2506 regni,
716 2460 811 2495 etin
825 2467 1060 2506 argenteum
1073 2470 1212 2496 cavum
1230 2459 1510 2495 immittebant.
1563 2459 1637 2494 His
1652 2466 1744 2505 post

247 2514 459 2550 trihorium
475 2512 654 2559 peractis,
670 2512 825 2548 redibat
842 2513 1017 2559 angelus,
1030 2519 1070 2548 et
1084 2523 1133 2548 ex
1150 2523 1250 2547 urna
1262 2512 1401 2548 eduxit
1415 2512 1572 2547 chartas
1590 2512 1743 2554 ordine,

248 2573 290 2603 et
306 2567 403 2613 legit
421 2577 552 2602 coram
572 2565 834 2612 congregatis.

319 2627 437 2666 104.
471 2619 584 2654 Tunc
605 2629 652 2653 ex
666 2620 805 2664 prima
827 2618 975 2658 charta,
993 2628 1114 2663 quam
1136 2617 1240 2652 forte
1261 2628 1401 2652 manus
1421 2617 1507 2663 ejus
1524 2617 1745 2663 apprehen-

249 2673 318 2713 dit,
338 2673 434 2719 legit
451 2672 570 2707 haec:
597 2676 616 2689 ¹⁴
631 2669 714 2706 Nos
732 2671 908 2717 quinque
930 2671 1139 2716 populares
1161 2670 1202 2705 in
1224 2676 1363 2705 nostro
1384 2670 1589 2705 conclavio
1607 2670 1745 2706 decre-

248 2726 390 2766 vimus,
408 2725 518 2771 quod
537 2724 650 2770 origo
668 2723 813 2759 amoris
831 2723 1067 2769 conjugialis
1084 2723 1136 2758 sit
1154 2734 1203 2758 ex
1220 2722 1507 2768 antiquissimis
1527 2723 1565 2757 in
1583 2723 1745 2759 saeculo

249 2790 381 2819 aureo,
396 2785 436 2814 et
453 2778 558 2824 apud
578 2777 652 2812 hos
666 2788 715 2812 ex
728 2776 930 2812 creatione
943 2775 1089 2811 Adami
1104 2770 1248 2821 et'ejus
1262 2775 1417 2815 uxoris:
1445 2775 1536 2811 inde
1554 2783 1616 2811 est
1630 2776 1744 2822 origo

249 2831 538 2878 conjugiorum,
554 2837 595 2866 et
612 2841 700 2865 cum
717 2829 914 2875 conjugiis
928 2829 1042 2875 origo
1055 2828 1201 2863 amoris
1219 2828 1466 2874 conjugialis.
1500 2827 1620 2874 Quod
1635 2839 1745 2864 amo-

251 2885 303 2920 ris
323 2884 560 2930 conjugialis
577 2883 767 2919 virtutem
789 2893 858 2917 seu
881 2882 1102 2928 potentiam
1124 2881 1339 2921 concernit,
1359 2881 1462 2916 hanc
1483 2892 1562 2916 non
1584 2881 1745 2917 aliunde

251 2938 476 2973 derivamus
495 2948 613 2983 quam
635 2947 683 2971 ex
704 2936 861 2971 climate
887 2944 955 2970 seu
982 2934 1144 2980 regione
1170 2933 1276 2974 solis,
1295 2940 1335 2968 et
1361 2934 1453 2969 inde
1474 2933 1604 2969 calore
1624 2943 1746 2979 super

250 2990 390 3027 terris:
415 2990 492 3026 hoc
511 3001 590 3025 non
609 3000 658 3025 ex
677 2988 859 3025 inanibus
873 2988 1037 3023 rationis
1056 2986 1238 3028 inventis,
1254 2987 1322 3022 sed
1341 2997 1389 3022 ex
1407 2986 1659 3022 evidentibus
1677 2997 1744 3022 ex-
