2014 3386
538 358 604 391 DE
636 357 816 391 AMORE
848 357 1274 401 CONJUGIALI.—-N.
1303 358 1397 401 271.
1629 359 1709 401 213

213 471 289 512 hic,
307 477 349 507 et
370 470 415 506 fit
436 469 560 517 frigus
582 470 622 506 in
643 470 782 512 altero,
801 476 842 506 et
862 470 939 506 hoc
956 476 1017 506 est
1027 470 1173 517 frzgrus
1188 469 1417 516 conjugiale.
1468 468 1711 510 Intellectus.

211 525 309 560 dum
327 524 408 560 tale
429 523 553 570 frigus
571 524 622 559 ad
644 535 809 559 uxorem
831 530 903 565 est,
918 534 940 559 e
961 534 1147 569 suprema
1168 523 1331 568 regione
1352 521 1506 568 speaat
1524 522 1709 567 deorsum

211 578 262 614 ad
281 577 470 618 infimam,
489 584 530 612 et
546 588 719 623 quoque,
739 577 771 612 si
791 588 871 612 non
889 577 1012 612 timor
1030 576 1140 611 illurn
1163 575 1341 616 retrahit,
1357 575 1577 616 deseendit,
1593 582 1639 611 ut
1657 576 1709 611 ibi

211 641 260 666 ex
287 631 378 677 igne
406 630 546 666 illicito
567 630 749 666 calescat.
802 630 877 666 His
901 629 1027 671 dietis,
1048 629 1179 665 voluit
1204 629 1337 664 adhuc
1362 629 1474 674 plura
1499 629 1549 664 de
1575 639 1711 664 amore

211 683 428 730 conjugiali
458 694 507 719 ex
537 682 743 730 effigiebus
769 683 856 729 ejus
887 683 926 718 in
957 683 1027 718 illo
1058 682 1207 728 palatio
1238 693 1462 723 recensere;
1496 681 1566 717 sed
1597 682 1709 721 dixit,

212 742 232 755 ‘⁴
246 737 352 772 Satis
373 737 447 771 hac
467 736 578 777 vice;
609 736 764 782 inquire
782 736 953 782 primum
974 747 1069 770 num
1093 736 1191 770 haec
1213 735 1293 770 sint
1314 746 1434 780 supra
1454 745 1709 770 communem

213 788 480 831 intellectum
506 789 539 825 si
556 796 661 830 sunt,
676 789 771 836 quid
792 788 930 836 plura?
956 795 998 824 at
1015 788 1048 825 si
1067 799 1148 824 non
1166 795 1271 829 sunt,
1286 788 1525 835 detegentur
1542 788 1691 834 plura.''

878 1128 1026 1185 [xm

211 1254 288 1295 DE
310 1253 487 1297 CAUS1s
519 1253 846 1296 APPARENTIS
872 1253 1095 1302 AMORIS,
1121 1252 1422 1303 AMICITIAE,
1447 1262 1512 1294 ET
1540 1252 1707 1294 FAvo-

720 1327 800 1359 R1s
832 1327 886 1358 IN
914 1317 1197 1369 CONJUGns.

294 1451 412 1497 2¹71.
454 1441 683 1496 Quoniam
729 1442 786 1483 de
831 1442 978 1483 causis
1022 1441 1237 1495 frigorum
1282 1447 1328 1482 et
1367 1441 1706 1496 separationum

208 1504 361 1548 astum
402 1513 487 1555 est,
526 1521 586 1547 ex
623 1506 781 1547 ordine
818 1506 1036 1560 sequitur,
1076 1512 1124 1546 ut
1159 1506 1216 1546 de
1255 1506 1401 1546 causis
1442 1505 1706 1557 apparentis

207 1570 388 1619 amoris,
422 1570 648 1611 amicitiae
688 1576 734 1611 et
775 1569 940 1610 favoris
976 1569 1021 1610 in
1062 1568 1299 1622 conjugiis,
1333 1569 1475 1609 etiam
1507 1574 1703 1621 agatur:

210 1639 370 1675 notum
397 1634 518 1674 enim
545 1639 630 1682 est,
659 1633 779 1687 quod
807 1633 995 1674 tametsi
1025 1631 1193 1686 frigora
1219 1638 1435 1686 separant
1462 1631 1705 1684 conjugum

207 1697 385 1737 animos
417 1696 568 1744 hodie,
596 1710 735 1750 usque
768 1695 1053 1744 cohabitent,
1081 1702 1128 1737 et
1161 1701 1432 1749 procreent;
1466 1695 1586 1748 quod
1614 1708 1705 1735 non

208 1759 353 1808 fieret,
383 1760 466 1800 nisi
493 1760 632 1801 etiam
659 1759 876 1800 darentur
900 1772 1078 1800 amores
1110 1765 1401 1812 apparentes,
1430 1771 1482 1799 ac
1515 1758 1705 1798 alternis

207 1823 378 1865 similes
405 1830 483 1865 aut
505 1823 669 1864 aemuli
692 1822 856 1864 caloris
877 1823 1062 1876 genuini
1084 1823 1264 1864 amoris.
1326 1821 1460 1875 Quod
1483 1835 1703 1875 apparen-

209 1887 301 1928 tiae
332 1887 438 1928 illae
478 1887 569 1928 sint
601 1887 906 1928 necessitates
938 1893 986 1928 et
1025 1886 1265 1935 utilitates,
1294 1892 1341 1926 et
1373 1885 1494 1939 quod
1534 1885 1705 1939 absque

206 1950 296 1992 illis
328 1950 490 1992 domus
531 1964 622 1991 non
658 1951 980 1998 consisterent,
1013 1955 1060 1990 et
1101 1949 1207 1990 inde
1247 1962 1330 1990 nec
1363 1949 1626 1996 societates,
1659 1948 1703 1988 in

207 2014 502 2068 sequentibus
532 2013 771 2055 videbitur.
833 2007 1019 2054 Praeter
1050 2012 1179 2061 haec,
1213 2012 1349 2066 aliqui
1380 2011 1705 2053 conscientiosi

208 2084 401 2131 possunt
429 2077 636 2118 laborare
657 2077 774 2126 idea,
800 2076 920 2130 quod
947 2076 1241 2117 dissidentiae
1267 2076 1488 2116 mentium
1515 2075 1634 2115 inter
1656 2088 1704 2115 se

208 2147 255 2183 et
281 2139 538 2194 conjugem,
567 2147 613 2182 et
640 2141 745 2182 inde
771 2140 1135 2181 abalienationes
1162 2140 1383 2188 internae,
1411 2140 1503 2180 sint
1530 2139 1574 2179 in
1601 2137 1703 2179 illo·
1760 2180 1763 2185 ,

208 2217 305 2246 rum
346 2205 493 2259 culpa,
527 2218 579 2246 ac
620 2205 916 2258 imputentur,
957 2210 1005 2245 et
1041 2203 1162 2258 quod
1203 2209 1389 2257 propter
1428 2203 1474 2243 id
1514 2201 1703 2243 doleant

208 2268 373 2319 corde;
405 2268 486 2308 sed
508 2268 611 2321 quia
633 2268 929 2308 dissidentiae
951 2267 1159 2308 internae
1181 2280 1273 2307 non
1295 2267 1339 2307 in
1362 2265 1541 2307 illorum
1568 2279 1703 2306 manu

208 2338 314 2373 sunt
339 2331 397 2372 ad
423 2331 756 2385 opitulandum,
780 2331 892 2371 satis
917 2336 988 2371 est
1015 2330 1103 2371 illis
1126 2343 1204 2383 per
1226 2336 1502 2383 apparentes
1525 2342 1703 2369 amores

208 2401 254 2435 et
293 2394 486 2443 favores,
520 2394 680 2435 sedare
712 2408 772 2435 ex
805 2394 1084 2452 conscientia
1115 2393 1347 2434 oboritura
1383 2391 1701 2441 incommoda;

209 2457 314 2498 inde
352 2458 492 2498 etiam
533 2463 691 2510 potest
730 2457 876 2498 redire
916 2457 1130 2505 amicitia,
1163 2457 1207 2496 in
1240 2470 1327 2510 qua
1358 2456 1417 2496 ab
1448 2455 1540 2508 ejus
1573 2460 1702 2508 parte

209 2519 324 2561 latet
347 2533 474 2561 amor
495 2520 776 2573 conjugialis,
802 2521 989 2561 tametsi
1012 2533 1103 2560 non
1130 2519 1188 2560 ab
1209 2519 1409 2560 alterius.
1472 2517 1561 2559 Sed
1588 2517 1700 2558 haec

207 2581 456 2624 transaffio
495 2590 682 2637 propter
722 2595 957 2624 numerum
994 2583 1269 2624 varietatum
1301 2582 1430 2636 hujus
1467 2581 1699 2627 materiae,

209 2646 516 2700 distinguetur
546 2647 592 2687 in
622 2646 854 2695 articulos,
880 2652 929 2688 ut
961 2647 1146 2701 priores.
1209 2645 1355 2700 Hujus
1386 2644 1563 2686 articuli
1595 2650 1701 2684 sunt

208 2707 254 2750 hi
271 2721 343 2750 :—-

448 2783 504 2829 (i.)
541 2783 656 2829 Quod
667 2784 710 2817 in
727 2783 868 2818 mundo
886 2783 1072 2818 naturalz'
1077 2785 1203 2828 paene
1219 2794 1346 2818 omnes
1356 2783 1545 2828 conjungi
1552 2782 1704 2826 possint

631 2831 762 2875 quoad
770 2832 983 2876 affec‘h'ones
995 2834 1185 2869 externas,
1201 2841 1274 2864 non
1292 2834 1419 2864 autem
1437 2830 1566 2875 quoad
1579 2830 1701 2863 inter-

632 2888 704 2911 nas
719 2879 759 2912 si
775 2879 848 2912 hae
863 2878 1049 2912 dissident
1065 2881 1101 2911 et
1121 2880 1323 2923 apparent.

435 2923 506 2970 (ii.)
543 2924 656 2969 Quod
672 2925 714 2958 in
731 2925 873 2959 mundo
888 2925 1101 2970 spirituali
1120 2936 1176 2959 om
1183 2935 1246 2958 nes
1265 2925 1557 2970 conjungantur
1573 2933 1700 2957 secun-

630 2971 722 3005 dum
755 2972 969 3016 affetlz‘ones
1004 2973 1190 3011 internas,
1225 2982 1299 3005 non
1336 2976 1463 3004 autem
1495 2970 1699 3004 secundum

629 3022 819 3059 externas,
838 3020 922 3053 m'si
933 3018 1007 3053 hae
1024 3029 1142 3053 unum
1161 3022 1285 3062 agant
1301 3028 1384 3053 cum
1404 3019 1582 3052 internis.
