2014 3386
476 355 544 388 DE
575 354 756 387 AMORE
787 354 1264 387 scoRTAT0R10.-—N.
1287 347 1384 398 482.
1595 348 1677 401 369

182 466 376 513 spirituali
403 477 494 502 cum
520 466 880 512 repraesentativis,
902 477 1004 513 quae
1030 466 1146 513 plene
1167 467 1354 514 exprimit
1375 478 1502 510 sensa,
1524 474 1566 504 et
1585 479 1677 512 ,mo-

183 527 322 556 mento
339 520 464 565 plura.

255 573 377 614 Dixit,
395 572 503 619 quod
523 572 563 608 in
580 572 665 609 vita
685 573 862 619 corporis
881 572 920 608 in
939 573 1091 609 mundo
1109 573 1230 620 priori
1248 573 1443 610 adulteria
1460 585 1533 621 pro
1550 575 1679 611 nihilo

183 626 437 673 reputaverit.

255 678 333 715 Sed
361 679 404 714 ei'
428 678 560 714 dicere
587 678 726 713 datum
753 685 825 719 est,
845 679 953 724 quod
980 678 1176 714 adulteria
1202 679 1283 715 sint
1313 677 1494 720 nefanda,
1515 681 1678 715 tametsi

182 738 376 778 apparent
388 742 523 767 coram
537 731 625 772 illis,
639 731 707 777 qui
725 732 836 772 tales,
851 743 900 767 ex
912 732 1090 778 jucundo
1105 732 1213 777 quod
1228 738 1451 778 captarunt,
1466 739 1506 768 et
1523 744 1573 768 ex
1591 744 1679 779 per-

181 784 368 820 suasione
386 784 490 825 inde,
507 784 615 830 quod
634 795 715 819 non
732 784 839 825 talia,
860 785 983 820 immo
1000 784 1128 825 licita:
1154 785 1264 831 quod
1283 786 1404 820 etiam
1423 785 1523 821 scire
1542 792 1680 831 posset

181 847 231 872 ex
255 847 314 877 eo,
336 837 445 884 quod
467 837 655 884 conjugia
674 837 755 873 sint
775 837 988 873 seminaria
1007 838 1164 884 generis
1186 838 1361 879 humani,
1380 845 1421 873 et
1443 838 1535 874 inde
1556 838 1678 874 etiam

182 888 395 924 seminaria
415 888 526 935 regni
548 888 742 929 caelestis,
765 896 804 924 et
827 889 975 924 idcirco
996 890 1104 935 quod
1127 900 1207 924 non
1229 890 1428 930 violanda,
1451 890 1521 925 sed
1543 889 1680 925 sancta

183 940 386 981 habenda;
411 947 497 975 turn
516 951 564 976 ex
582 951 642 981 eo,
660 941 768 986 quod
787 940 887 976 scire
905 941 1039 982 debet,
1053 941 1148 987 quia
1166 941 1204 976 in
1221 942 1373 977 mundo
1391 939 1587 987 spirituali
1605 947 1677 982 est,

181 1003 228 1028 ac
246 992 285 1028 in
300 999 407 1028 statu
422 993 700 1039 perceptionis,
715 994 822 1039 quod
837 1004 950 1028 amor
962 994 1201 1040 conjugialis
1215 1005 1239 1030 a
1252 994 1428 1030 Domino
1443 1006 1512 1040 per
1525 995 1678 1030 caelum

182 1045 410 1092 descendat,
425 1052 466 1081 et
483 1046 593 1092 quod
607 1047 656 1081 ab
672 1046 739 1081 illo
753 1057 898 1086 amore,
913 1053 957 1081 ut
971 1054 1145 1092 parente,
1161 1047 1366 1083 derivetur
1378 1058 1490 1083 amor
1504 1054 1678 1088 mutuus,

182 1098 250 1144 qui
269 1105 331 1134 est
351 1098 644 1134 firmamentum
667 1099 786 1134 caeli:
812 1106 852 1134 et
873 1110 921 1134 ex
942 1110 1001 1140 eo,
1020 1100 1127 1146 quod
1149 1100 1331 1140 adulteri,
1350 1101 1446 1136 dum
1468 1101 1590 1136 modo
1610 1111 1679 1146 ap-

181 1151 409 1198 proximant
426 1152 475 1187 ad
494 1152 706 1187 societates
719 1152 911 1188 caelestes
925 1153 1101 1188 sentiant
1114 1153 1426 1200 graveolentiam
1441 1164 1565 1194 suam,
1579 1160 1619 1189 et
1637 1164 1679 1189 se

182 1203 276 1240 inde
311 1204 576 1250 praecipitent
600 1215 738 1240 versus
765 1204 985 1246 infernum
1022 1206 1072 1241 ad
1107 1206 1316 1241 minimum
1343 1206 1541 1252 potuisset
1565 1206 1678 1247 scire,

181 1257 290 1304 quod
309 1257 458 1293 violare
475 1257 660 1304 conjugia
681 1258 733 1293 sit
754 1264 894 1293 contra
914 1258 1021 1304 leges
1033 1258 1211 1299 Divinas,
1230 1265 1371 1294 contra
1388 1259 1569 1294 omnium
1591 1270 1678 1306 reg-

121 1323 124 1326 ·
182 1321 324 1346 norum
338 1310 445 1356 leges
462 1310 611 1351 civiles,
626 1317 711 1345 tum
726 1317 866 1346 contra
879 1312 1096 1356 genuinum
1111 1311 1245 1347 lumen
1260 1312 1436 1352 rationis,
1451 1319 1492 1347 et
1510 1312 1566 1347 sic
1584 1323 1679 1347 con-

182 1370 244 1399 tra
251 1364 315 1410 jus
328 1363 521 1409 gentium,
534 1364 628 1410 quia
644 1370 784 1399 contra
798 1364 979 1399 ordinem
991 1370 1032 1399 et
1048 1363 1236 1399 Divinum
1252 1371 1291 1400 et
1306 1364 1546 1400 humanum:
1567 1376 1679 1411 prae-

181 1423 244 1452 ter
261 1417 384 1462 plura.

255 1469 335 1505 Sed
358 1469 634 1515 respondebat,
652 1469 758 1515 quod
778 1469 874 1504 talia
891 1480 970 1504 non
988 1469 1225 1516 cogitaverit
1246 1469 1285 1505 in
1306 1470 1390 1505 vita
1406 1468 1548 1516 priore.
1597 1470 1679 1506 Vo-

183 1522 257 1558 luit
275 1522 510 1563 ratiocinari‚
530 1533 624 1557 num
644 1522 699 1557 ita
716 1529 831 1557 esset.

255 1575 334 1611 Sed
357 1574 506 1610 diCtum
528 1581 589 1610 est
614 1575 649 1610 ei
671 1574 778 1621 quod
796 1574 942 1610 veritas
963 1585 1042 1610 non
1064 1574 1251 1610 admittat
1272 1574 1490 1616 ratiocinia,
1510 1576 1679 1621 patroci-

183 1635 331 1663 nantur
354 1628 459 1663 enim
493 1628 679 1674 jucundis
704 1627 831 1663 carnis
856 1635 998 1663 contra
1021 1627 1198 1674 jucunda
1223 1628 1393 1674 spiritus,
1420 1639 1521 1674 quae
1552 1629 1679 1664 nescit

182 1681 316 1727 qualia
329 1687 441 1721 sunt:
467 1688 508 1716 et
525 1681 633 1726 quod
653 1680 822 1726 primum
837 1680 1011 1726 cogitare
1026 1681 1170 1716 debeat
1183 1681 1233 1716 de
1248 1681 1325 1716 illis
1339 1691 1440 1727 quae
1455 1679 1561 1716 dieta
1574 1688 1677 1721 sunt,

182 1734 276 1780 quia
293 1744 407 1774 vera;
440 1740 509 1769 aut
538 1744 587 1769 ex
617 1733 684 1768 illo
707 1733 912 1779 principio,
934 1733 1042 1779 quod
1073 1733 1324 1778 notissimum
1349 1740 1411 1769 est
1442 1733 1480 1768 in
1515 1733 1678 1775 mundo,

181 1787 291 1833 quod
310 1797 428 1822 nemo
449 1786 563 1821 alteri
585 1785 713 1821 facere
731 1786 886 1827 debeat,
904 1786 1013 1832 quod
1035 1797 1116 1821 non
1136 1786 1234 1821 velit
1254 1793 1300 1821 ut
1320 1787 1421 1822 alter
1441 1786 1561 1822 faciat
1582 1786 1678 1827 sibi;

181 1846 223 1876 et
243 1839 299 1875 sie
320 1839 351 1874 si
373 1839 462 1885 quis
484 1839 605 1885 ipsius
626 1850 802 1879 uxorem,
820 1850 939 1885 quam
961 1839 1186 1879 amavisset,
1206 1839 1330 1885 (quod
1353 1839 1398 1874 fit
1421 1838 1459 1874 in
1482 1839 1678 1885 principio

181 1892 312 1928 omnis
331 1892 537 1939 conjugii,)
559 1891 628 1927 tali
651 1892 772 1927 modo
793 1892 1028 1938 decepisset,
1046 1899 1142 1927 tunc
1163 1902 1253 1927 cum
1276 1892 1316 1927 in
1338 1898 1444 1927 statu
1464 1893 1679 1927 excandes-

181 1945 335 1981 centiae
356 1955 473 1990 super
493 1945 531 1980 id
554 1951 670 1984 esset,
692 1944 724 1980 si
751 1955 799 1980 ex
819 1944 887 1980 illo
907 1951 1015 1980 statu
1036 1945 1276 1990 loqueretur,
1298 1955 1431 1980 annon
1453 1945 1573 1980 etiam
1595 1945 1678 1991 ipse

181 1997 375 2033 adulteria
393 1998 661 2033 detestatums
678 1997 838 2038 fuisset:
872 2004 913 2033 et
929 2004 1037 2038 tunc,
1056 1997 1151 2044 quia
1177 1997 1336 2044 ingenio
1362 1998 1498 2043 pollet,
1516 2008 1558 2033 se
1583 2008 1679 2034 con-

182 2050 417 2086 firmavisset
438 2051 526 2096 plus
546 2061 664 2096 quam
686 2050 752 2086 alii
774 2057 915 2086 contra
936 2050 1012 2091 illa,
1034 2061 1160 2096 usque
1181 2057 1226 2086 ut
1252 2051 1521 2086 damnavisset
1543 2050 1608 2086 illa
1628 2051 1678 2086 ad

183 2103 380 2138 infernum
395 2113 403 2138 z
429 2110 469 2138 et
483 2103 576 2149 quia
589 2103 670 2138 dux
681 2103 878 2139 exercitus
891 2103 977 2144 fuit,
989 2110 1031 2139 et
1044 2114 1134 2139 cum
1147 2103 1318 2139 strenuis
1330 2103 1395 2144 ibi,
1411 2114 1461 2140 ne
1476 2104 1514 2139 id
1531 2114 1678 2149 oppro-

181 2155 309 2191 brium
325 2156 380 2191 illi
399 2155 548 2198 fuisset,
563 2157 789 2192 adulterum
803 2157 866 2192 vel
881 2156 1156 2197 interemisset,
1171 2156 1234 2192 vel
1249 2157 1497 2192 meretricem
1516 2167 1537 2192 e
1555 2157 1678 2192 domo

181 2219 254 2245 sua
270 2209 466 2255 ejecisset.

265 2294 396 2349 482·
430 2294 530 2350 (iii.)
566 2295 695 2347 Quod
713 2297 981 2339 adulterium
1005 2297 1278 2351 duplicatum
1307 2298 1371 2340 sit
1398 2297 1559 2339 mariti
1583 2312 1678 2339 cum

181 2358 370 2401 alterius
401 2373 551 2409 uxore,
578 2373 655 2400 seu
684 2360 1059 2402 vicissim—Hoc
1092 2361 1363 2402 adulterium
1395 2361 1677 2415 duplicatum

181 2428 386 2470 vocatur,
415 2422 518 2475 quia
557 2436 584 2463 a
623 2423 799 2464 duobus
844 2423 906 2473 fit,
940 2437 992 2465 ac
1034 2425 1243 2477 utrinque
1282 2423 1480 2464 violatur
1519 2419 1678 2465 foedus

183 2484 393 2538 conjugii,
427 2499 564 2538 quare
604 2486 743 2527 etiam
784 2484 924 2541 duplo
960 2488 1140 2540 gravius
1172 2487 1307 2540 priori
1348 2493 1431 2528 est.
1493 2486 1677 2529 Dictum

183 2554 255 2590 est
287 2561 420 2600 supra
454 2547 516 2601 (n.
547 2547 667 2602 480),
695 2549 815 2602 quod
847 2563 973 2591 amor
1004 2549 1270 2603 conjugialis
1301 2550 1430 2590 unius
1461 2550 1543 2591 viri
1574 2563 1676 2591 cum

183 2624 272 2652 una
302 2625 444 2652 uxore
478 2617 582 2665 post
613 2609 796 2664 pactum
827 2619 874 2654 et
907 2612 1067 2654 foedus
1098 2613 1222 2654 uniat
1254 2612 1443 2662 animas,
1476 2619 1523 2654 et
1554 2613 1677 2667 quod

182 2674 289 2715 unio
321 2673 399 2715 illa
430 2675 488 2715 sit
528 2675 622 2728 ipse
653 2674 730 2716 ille
761 2688 889 2716 amor
928 2676 972 2716 in
1004 2689 1085 2716 sua
1115 2676 1303 2728 origine,
1331 2681 1379 2717 et
1410 2676 1531 2729 quod
1563 2676 1676 2717 haec

183 2751 264 2792 per
288 2738 575 2787 adulterium,
603 2738 719 2779 sicut
745 2739 977 2792 scaturigo
1008 2745 1055 2780 et
1086 2752 1204 2779 vena
1228 2738 1380 2788 fontis,
1408 2739 1678 2781 occludatur

183 2807 231 2843 et
271 2801 534 2852 obturetur;
581 2801 702 2855 quod
741 2801 939 2858 duorum
965 2802 1148 2859 ,animae
1178 2815 1238 2859 >se
1278 2802 1451 2850 uniant,
1494 2802 1678 2856 quando

183 2876 312 2906 amor
333 2864 389 2905 ad
416 2876 577 2905 sexum
599 2864 887 2917 restringitur
908 2865 965 2906 ad
987 2878 1122 2906 unam
1144 2878 1222 2906 seu
1247 2865 1304 2906 ad
1332 2877 1468 2906 unum
1493 2879 1518 2907 e
1543 2879 1673 2915 sexu,

184 2927 306 2981 quod
333 2926 382 2968 fit
408 2927 515 2968 dum
541 2927 672 2980 virgo
698 2941 746 2968 se
772 2934 919 2969 totam
946 2926 1080 2982 paGta
1105 2934 1176 2969 est
1198 2927 1364 2981 juveni,
1393 2941 1444 2969 ac
1476 2928 1673 2969 vicissim

180 2988 354 3043 juvenis
376 3003 423 3032 se
446 2995 596 3032 totum
619 2988 776 3044 paetus
798 2997 868 3033 est
890 2992 1064 3045 virgini,
1083 2997 1214 3045 patet
1236 2991 1355 3032 clare
1378 3004 1437 3032 ex
1461 3003 1529 3041 eo,
1553 2990 1674 3045 quod
