2014 3386
284 327 365 371 104
746 327 990 361 DELICIAE
1022 328 1325 362 SAPIENTIAE

278 447 326 485 et
358 456 450 485 non
476 437 682 485 videtur:
717 439 856 499 quare
883 443 994 486 cum*
1011 444 1151 486 homo
1177 445 1304 486 videt
1331 457 1486 486 verum
1518 445 1563 486 in
1595 444 1775 499 cogita-

278 508 419 557 tione,
451 521 555 549 raro
585 506 778 549 reflectit
810 522 944 562 super
975 509 1112 558 bono,
1140 509 1261 563 quod
1301 509 1346 550 in
1387 508 1499 550 illud
1531 523 1591 550 ex
1622 521 1777 551 amore

276 571 530 613 voluntatis
548 571 705 621 influit,
726 577 772 613 et
796 572 877 614 dat
899 573 940 614 ei
966 573 1123 614 vitam.
1183 572 1318 614 Uxor
1335 586 1418 613 nec
1436 571 1627 614 reflectit
1645 586 1778 626 super

277 635 448 677 bonum
480 635 601 689 apud
638 649 701 684 se,
736 636 817 676 sed
848 649 983 690 super
1013 635 1358 677 inclinationem
1392 637 1539 677 mariti
1570 649 1681 689 erga
1711 649 1775 684 se,

276 713 393 753 quae
425 705 496 740 est
528 699 779 740 secundum
811 713 1054 741 ascensum
1085 698 1346 741 intellectus
1378 699 1473 753 ejus
1504 699 1562 740 ad
1593 700 1776 753 sapien·

276 764 416 815 tiam;
458 762 644 812 bonum,
679 763 800 816 quod
833 769 904 804 est
936 763 1056 817 apud
1087 763 1215 804 illam
1246 777 1273 804 a
1306 763 1520 811 Domino,
1554 761 1773 816 applicat,

275 832 459 879 praeter
490 826 612 880 quod
645 827 836 867 maritus
877 826 934 867 de
974 826 1283 880 applicatione
1322 826 1402 868 illa
1442 827 1612 880 aliquid
1645 826 1773 867 sciat.

276 889 352 930 Ex
378 889 447 930 his
474 903 592 931 nunc
620 896 804 931 constat
828 890 1012 939 veritas,
1037 891 1157 944 quod
1184 891 1324 931 homo
1350 903 1411 931 ex
1433 890 1633 931 Domino
1659 891 1775 931 reci-

273 954 371 1007 piat
402 966 575 1003 verum,
604 960 651 995 et
683 954 804 1007 quod
837 953 1060 994 Dominus
1086 953 1308 1007 adjungat
1340 967 1449 995 vero
1479 954 1554 995 isti
1586 954 1773 1002 bonurn,

274 1017 524 1058 secundum
547 1018 903 1071 applicationem
926 1018 1020 1058 veri
1043 1017 1099 1058 ad
1123 1031 1267 1066 usum,
1287 1018 1352 1058 ita
1374 1018 1491 1058 sicut
1513 1017 1653 1058 homo
1674 1016 1774 1058 vult

274 1081 507 1135 sapienter
533 1082 754 1134 cogitare,
783 1087 830 1122 et
857 1080 963 1121 inde
989 1081 1221 1135 sapienter
1247 1081 1412 1122 vivere.

359 1154 483 1198 124.
525 1144 661 1198 Quod
688 1146 750 1186 sic
778 1144 975 1186 ecclesia
996 1145 1118 1198 apud
1143 1144 1376 1186 hominem
1403 1158 1430 1186 a
1455 1143 1656 1185 Domino
1681 1142 1773 1184 for-

273 1215 437 1258 metur,
466 1214 537 1249 est
564 1209 668 1262 quia
694 1215 803 1250 tunc
830 1215 902 1250 est
935 1209 978 1249 in
1012 1207 1330 1262 conjunfflone
1353 1221 1455 1248 cum
1484 1207 1700 1255 Domino,
1728 1207 1774 1247 in

272 1273 396 1313 bono
418 1273 475 1313 ab
499 1272 620 1326 Ipso,
642 1279 689 1313 et
712 1273 756 1313 in
774 1287 882 1314 vero
901 1273 1018 1313 sicut
1040 1286 1066 1313 a
1089 1286 1151 1320 se,
1171 1273 1236 1313 ita
1250 1272 1389 1312 homo
1408 1278 1479 1312 est
1502 1272 1546 1312 in
1571 1271 1772 1312 Domino

273 1340 318 1376 et
341 1335 563 1376 Dominus
585 1336 629 1376 in
653 1334 747 1383 illo,
772 1335 1021 1376 secundum
1047 1335 1193 1388 Ipsius
1215 1335 1354 1375 verba
1375 1334 1494 1387 apud
1517 1333 1774 1389 Johannem

275 1398 393 1452 (cap.
426 1413 503 1439 xv.
529 1410 570 1450 4,
599 1398 657 1452 5).
719 1397 876 1439 Simile
907 1405 978 1439 est
1011 1399 1046 1439 si
1079 1412 1160 1451 pro
1190 1398 1314 1438 bono
1345 1397 1525 1438 dicatur
1555 1396 1771 1445 charitas,

271 1468 318 1503 et
345 1476 426 1516 pro
452 1476 562 1503 vero
588 1462 715 1512 fides,
739 1463 844 1517 quia
869 1462 1040 1503 bonum
1067 1468 1139 1503 est
1165 1461 1419 1510 charitatis,
1444 1466 1492 1501 et
1518 1471 1676 1501 verum
1699 1466 1772 1501 est

271 1525 388 1567 fidet

358 1597 481 1642 125.
525 1587 623 1643 (vi.)
656 1584 800 1640 Quod
819 1588 1011 1630 maritus
1034 1602 1117 1629 non
1139 1593 1441 1641 repraesentet
1461 1585 1712 1635 Dominum,
1731 1592 1775 1627 et

272 1666 387 1694 uxor
406 1652 642 1701 ecclesiam,
667 1652 773 1705 quia
794 1652 922 1693 ambo
942 1651 1090 1700 simul,
1115 1651 1307 1692 maritus
1328 1657 1370 1692 et
1388 1653 1481 1707 ejus
1503 1664 1631 1699 uxor,
1646 1649 1771 1702 saci-

271 1721 351 1756 unt
373 1715 936 1757 ecclesiam—Communis
959 1728 1110 1756 sermo
1132 1721 1204 1755 est
1230 1715 1349 1755 intra
1371 1713 1628 1762 ecclesiam,
1647 1713 1770 1767 quod

270 1780 387 1820 sicut
415 1779 637 1820 Dominus
665 1785 736 1820 est
764 1785 902 1832 caput
925 1778 1162 1826 ecclesiae,
1187 1778 1252 1818 ita
1278 1778 1468 1818 maritus
1494 1782 1565 1817 est
1588 1776 1770 1827 uxoris;

270 1857 330 1884 ex
362 1857 452 1897 quo
483 1849 763 1896 sequeretur,
791 1842 912 1896 quod
944 1843 1131 1882 maritus
1158 1846 1476 1894 repraesentet
1504 1839 1767 1888 Dominum,

269 1913 317 1948 et
349 1920 466 1947 uxor
493 1906 767 1956 'ecclesiam;
810 1906 891 1947 sed
924 1906 1149 1946 Dominus
1182 1911 1253 1946 est
1284 1910 1422 1957 caput
1454 1903 1692 1952 ecclesiae,
1720 1909 1769 1944 et

269 1970 423 2018 homo,
451 1970 519 2010 vir
544 1975 590 2010 et
617 1969 799 2018 semina,
828 1975 935 2010 sunt
962 1968 1172 2016 ecclesia,
1201 1974 1248 2009 et
1277 1967 1377 2021 plus
1403 1966 1550 2008 adhuc
1578 1966 1769 2008 maritus

268 2039 317 2074 et
340 2046 456 2074 uxor
472 2032 604 2072 simul
623 2046 632 2083 ;
661 2033 780 2086 apud
802 2032 887 2073 hos
909 2031 1106 2073 ecclesia
1125 2032 1315 2084 primum
1334 2030 1634 2084 implantatur
1655 2029 1766 2078 viro,

269 2102 317 2138 et
348 2109 427 2150 per
452 2096 595 2136 virum
622 2096 768 2144 uxori,
796 2096 900 2150 quia
925 2096 992 2136 vir
1018 2093 1256 2136 intellectu
1282 2095 1445 2147 recipit
1472 2105 1628 2133 verum
1655 2091 1767 2145 ejus,

269 2166 316 2201 et
348 2173 465 2200 uxor
496 2173 522 2199 a
554 2160 680 2209 vir0;
720 2159 800 2200 sed
833 2160 868 2200 si
900 2159 1114 2207 vicissim,
1143 2171 1234 2198 non
1266 2164 1337 2199 est
1370 2157 1619 2198 secundum
1647 2155 1768 2196 ordi·

270 2236 401 2264 nem:
439 2223 713 2276 quandoque
747 2229 903 2263 tamen
936 2222 1023 2263 hoc
1057 2221 1122 2270 fit,
1156 2221 1236 2262 sed
1268 2221 1389 2274 apud
1420 2221 1555 2269 viro's,
1589 2219 1663 2273 qui
1694 2217 1769 2260 vel

269 2300 361 2328 non
387 2292 596 2327 amantes
624 2287 891 2339 sapientiae,
920 2291 967 2326 et
994 2285 1099 2326 inde
1126 2298 1209 2326 nec
1237 2284 1460 2325 ecclesiae
1487 2289 1609 2331 sunt,
1639 2287 1689 2323 ut
1719 2287 1768 2323 et

268 2350 388 2404 apud
411 2350 515 2391 illos
537 2350 611 2403 qui
634 2356 682 2390 ut
711 2350 937 2403 mancipia
959 2349 1163 2403 pendent
1191 2362 1217 2389 a
1242 2348 1426 2389 nutibus
1448 2358 1628 2387 suarum
1651 2358 1768 2386 uxo·

268 2427 380 2456 rum.
442 2412 511 2454 De
526 2412 611 2453 hac
631 2427 677 2453 re
692 2413 901 2453 videatur
918 2412 1087 2466 aliquid
1110 2413 1154 2453 in
1179 2410 1572 2452 Praeliminaribus
1593 2407 1655 2462 (n.
1675 2407 1761 2461 21).

353 2478 480 2520 126.
514 2475 627 2530 (vii.)
665 2476 793 2526 Quod
808 2476 902 2516 ideo
919 2490 1003 2516 non
1019 2475 1081 2516 sit
1100 2472 1485 2527 correspondentia
1502 2471 1661 2513 mariti
1673 2485 1767 2511 cum

267 2539 455 2582 Domino
492 2545 534 2580 et
573 2539 727 2580 uxoris
766 2553 860 2579 cum
885 2538 1061 2579 ecclesia
1100 2538 1145 2578 in
1185 2536 1398 2592 conjugiis
1424 2534 1681 2588 angelorum
1721 2532 1766 2574 in

267 2603 400 2645 caelis
424 2609 467 2644 et
490 2603 712 2643 hominum
739 2602 783 2643 in
810 2601 1154 2643 terris.—Haec
1174 2606 1423 2654 sequuntur
1445 2613 1504 2639 ex
1529 2611 1647 2638 nunc
1670 2597 1767 2638 dic·

268 2667 356 2708 tis:
390 2666 460 2708 his
479 2672 635 2707 tamen
662 2666 929 2706 addendum
956 2671 1041 2713 est,
1069 2664 1189 2717 quod
1216 2668 1435 2716 appareat
1463 2662 1580 2702 sicut
1607 2673 1764 2702 verum

268 2731 328 2772 sit
359 2730 621 2784 primarium
655 2729 892 2778 ecclesiae,
926 2729 1030 2782 quia
1061 2733 1131 2768 est
1173 2726 1268 2779 ejus
1300 2726 1491 2779 primum
1524 2731 1765 2778 tempore;

268 2808 329 2835 ex
361 2794 446 2835 hac
479 2792 747 2846 apparentia
779 2794 853 2833 est
885 2792 1008 2846 quod
1038 2791 1274 2832 antistites
1306 2788 1528 2830 ecclesiae
1555 2787 1766 2828 dederint

268 2857 470 2912 palmam
497 2856 599 2896 fidei
627 2869 741 2908 quae
768 2862 839 2896 est
872 2855 979 2904 veri,
1008 2868 1115 2908 prae
1138 2853 1361 2895 charitate
1387 2865 1501 2905 quae
1528 2857 1598 2892 est
1631 2850 1765 2900 boni;

268 2920 477 2961 similiter
499 2919 663 2960 eruditi
686 2919 961 2972 cogitationi
978 2932 1093 2972 quae
1115 2924 1186 2958 est
1208 2914 1486 2963 intellectus⁹
1506 2928 1614 2967 prae
1630 2912 1766 2954 affec·

269 2984 395 3025 tione
413 2997 528 3038 quae
545 2988 617 3024 est
635 2981 888 3023 voluntatis
909 2995 919 3033 ;
951 2986 1228 3034 quapropter
1245 2979 1360 3020 sicut
1383 2978 1427 3019 in
1450 2976 1625 3019 tumulo
1642 2975 1766 3030 jacet
