2014 3386
323 349 379 403 98
790 358 1033 391 DELICIAE
1065 355 1387 392 SAPIENTIAE'

324 471 546 511 occidente,
565 476 605 506 et
623 477 763 506 coetus
781 481 804 506 a
820 471 1092 517 septentrione
1109 483 1117 512 ;
1143 478 1184 507 et
1202 471 1379 518 quaesivi
1400 471 1660 508 advenientes
1678 483 1726 508 ex
1747 472 1826 508 ori-

321 531 414 560 ente
435 531 477 560 et
494 525 671 565 meridie,
690 525 758 570 qui
776 532 891 560 erant
907 524 976 571 qui
997 525 1035 559 in
1055 526 1207 561 mundo
1224 526 1462 561 studuerant
1479 526 1709 570 eruditioni,
1728 537 1823 561 num

320 578 485 613 videant
511 578 576 613 hic
602 578 709 623 apud
735 589 800 613 me
825 579 998 624 aliquem
1025 585 1067 614 et
1092 579 1242 626 aliquid
1269 579 1309 615 in
1335 590 1455 614 manu
1477 579 1576 625 ejus.
1627 579 1826 616 Dixerunt

322 642 475 671 omnes,
494 631 604 676 quod
623 642 785 676 prorsus
803 631 914 667 nihil.

394 683 584 731 Quaesivi
603 684 697 719 dein
716 684 804 720 illos
822 684 890 730 qui
911 684 1160 721 advenerunt
1179 696 1229 721 ex
1246 685 1455 721 occidente
1475 691 1516 721 et
1536 685 1823 731 septentrione,

321 737 389 783 qui
412 744 525 772 erant
543 737 611 783 qui
634 736 673 772 in
691 737 813 772 verba
830 738 1079 773 eruditorum
1107 738 1146 773 in
1173 739 1325 774 mundo
1342 739 1618 774 crediderant:
1648 738 1690 773 hi
1715 739 1824 774 dixe-

320 797 413 825 runt
431 790 538 836 quod
558 801 631 825 nec
649 790 799 836 aliquid
814 802 822 831 ;
848 797 1026 826 attamen
1044 791 1175 826 ultimi
1194 803 1242 827 ex
1260 792 1332 831 his,
1347 791 1414 838 qui
1437 792 1476 826 in
1496 792 1647 827 mundo
1665 791 1823 827 fuerant

318 845 359 878 in
386 844 558 890 simplici
585 844 664 879 fide
684 855 734 879 ex
752 844 958 885 charitate,
977 855 1047 880 seu
1070 845 1108 879 in
1130 845 1265 891 aliquo
1285 856 1381 880 vero
1402 856 1451 880 ex
1471 845 1588 886 bono,
1609 852 1820 891 postquam

317 897 530 933 abiverunt
551 898 714 944 priores,
733 898 931 939 dixerunt,
950 899 1057 945 quod
1079 899 1242 934 videant
1263 899 1392 934 virum
1413 910 1503 933 cum
1525 899 1673 939 charta,
1692 899 1821 934 virum

319 951 358 986 in
386 951 525 986 habitu
552 951 711 992 decoro,
732 957 773 987 et
793 951 972 986 chartam
993 963 1113 997 super
1137 963 1216 998 qua
1242 952 1398 987 litterae
1423 959 1629 993 exaratae:
1664 958 1705 987 et
1730 963 1821 987 cum

316 1004 583 1040 admoverunt
600 1005 749 1045 oculos,
765 1004 952 1040 dicebant
965 1005 1073 1051 quod
1091 1005 1282 1051 legerent,
1300 1006 1534 1051 Conjugz‘um
1552 1006 1694 1040 boniet
1709 1008 1823 1046 veri,-

317 1064 357 1093 et
375 1058 416 1093 hi
435 1058 743 1103 alloquebantur
759 1058 958 1104 angelum,
978 1065 1164 1104 rogantes
1183 1065 1228 1093 ut
1245 1058 1397 1093 diceret
1414 1058 1509 1104 quid
1530 1058 1617 1094 hoc.

390 1111 441 1146 Et
458 1111 570 1152 dixit,
589 1111 698 1157 quod
717 1111 852 1146 omnia
868 1122 970 1157 quae
990 1111 1029 1145 in
1049 1111 1236 1146 universo
1254 1111 1365 1146 caelo
1383 1117 1487 1151 sunt,
1507 1117 1548 1146 et
1565 1109 1702 1146 omnia
1717 1122 1820 1157 quae

318 1164 358 1199 in
377 1164 564 1199 universo
583 1164 746 1205 mundo,
766 1175 847 1199 non
866 1165 947 1199 sint
965 1164 1040 1199 nisi
1055 1175 1174 1210 quam
1193 1164 1425 1210 eonjugium
1444 1164 1538 1199 boni
1557 1170 1598 1199 et
1611 1164 1705 1204 veri,
1721 1175 1821 1210 quo-

318 1217 423 1253 niam
444 1217 580 1253 omnia
595 1224 636 1252 et
655 1217 820 1263 singula,
839 1224 919 1252 tam
940 1228 1041 1263 quae
1058 1218 1201 1253 vivunt
1221 1223 1263 1252 et
1282 1217 1463 1252 animant
1481 1228 1600 1263 quam
1619 1228 1721 1263 quae
1739 1228 1819 1253 non

316 1270 458 1306 vivunt
479 1277 520 1306 et
546 1281 627 1306 non
653 1270 844 1310 animant,
866 1281 915 1306 ex
940 1270 1131 1317 conjugio
1157 1270 1251 1306 boni
1277 1277 1319 1305 et
1338 1270 1422 1305 veri
1444 1277 1486 1305 et
1507 1270 1546 1304 in
1570 1270 1666 1305 illud
1687 1277 1821 1306 creata

318 1331 432 1359 sunt:
459 1329 571 1359 “non
591 1324 712 1359 datur
726 1324 939 1369 quicquam
954 1330 1132 1359 creatum
1152 1323 1192 1358 in
1207 1323 1336 1358 solum
1354 1334 1506 1364 verum,
1521 1334 1594 1358 nec
1607 1323 1819 1369 quicquam

319 1377 357 1411 in
377 1377 506 1412 solum
525 1377 698 1418 bonum;
725 1377 803 1412 hoc
824 1384 864 1412 et
886 1377 982 1411 illud
1005 1376 1227 1412 solitarium
1249 1387 1329 1411 non
1352 1383 1413 1412 est
1438 1376 1600 1422 aliquid,
1619 1376 1690 1411 sed
1716 1376 1820 1412 exis·

318 1436 409 1464 tunt
430 1436 471 1465 et
496 1429 598 1464 fiunt
623 1441 694 1476 per
714 1429 947 1476 conjugium
973 1430 1053 1465 tale
1073 1429 1237 1476 aliquid,
1257 1430 1374 1476 quale
1396 1436 1456 1465 est
1477 1429 1721 1475 conjugium.
1774 1429 1819 1464 In

320 1482 497 1518 Domino
515 1482 706 1518 Creatore
724 1490 786 1518 est
814 1483 1006 1518 Divinum
1035 1482 1195 1518 Bonum
1216 1489 1258 1518 et
1285 1482 1476 1519 Divinum
1498 1482 1648 1518 Verum
1670 1482 1711 1517 in
1733 1482 1819 1528 ipsa

317 1547 389 1571 sua
406 1536 649 1578 substantia;
676 1536 923 1571 substantiae
939 1535 1069 1581 Ipsius
1087 1535 1182 1571 Esse
1200 1542 1262 1571 est
1277 1535 1467 1571 Divinum
1485 1535 1653 1575 Bonum,
1669 1541 1710 1571 et
1727 1536 1819 1571 sub-

317 1589 488 1624 stantiae
517 1588 647 1635 Ipsius
675 1589 855 1625 Existere
873 1595 934 1624 est
958 1588 1147 1624 Divinum
1168 1588 1328 1629 Verum,
1347 1595 1388 1624 et
1409 1599 1569 1634 quoque
1589 1594 1652 1624 est
1673 1588 1713 1623 in
1735 1588 1819 1634 ipsa

317 1653 389 1677 sua
404 1642 575 1683 Unione,
591 1653 682 1677 nam
702 1642 742 1677 in
763 1642 855 1688 Ipso
875 1642 1029 1677 infinite
1047 1653 1171 1676 unum
1190 1641 1361 1682 faciunt:
1388 1642 1577 1688 quoniam
1598 1641 1665 1676 illa
1681 1641 1763 1676 duo
1778 1641 1817 1675 in

319 1695 412 1741 Ipso
431 1695 620 1731 Creatore
638 1706 761 1730 unum
781 1702 885 1735 sunt,
906 1695 996 1730 ideo
1013 1695 1134 1729 etiarn
1157 1694 1196 1729 in
1218 1695 1404 1730 omnibus
1425 1701 1465 1730 et
1486 1694 1653 1740 singulis
1674 1694 1817 1730 creatis

316 1750 366 1784 ab
383 1749 480 1794 Ipso
498 1760 622 1783 unum
642 1755 756 1789 sunt:
783 1760 853 1794 per
870 1748 909 1783 id
925 1759 1084 1795 quoque
1103 1748 1270 1784 Creator
1283 1759 1375 1783 cum
1394 1747 1580 1783 omnibus
1598 1758 1622 1783 a
1640 1747 1691 1783 Se
1709 1758 1817 1783 crea-

315 1803 369 1838 tis
389 1810 554 1838 aeterno
575 1802 736 1837 foedere
757 1802 860 1837 sicut
878 1801 1054 1848 conjugii
1076 1800 1315 1847 conjunftus
1333 1801 1431 1837 est.'’
1482 1801 1609 1836 Porro
1627 1801 1728 1836 dixit
1748 1812 1818 1836 an—

317 1856 440 1902 gelus,
460 1855 567 1901 quod
597 1855 802 1900 Scriptura
827 1855 957 1896 Sacra,
977 1866 1078 1901 quae
1106 1855 1336 1889 immediate
1362 1865 1386 1889 a
1412 1854 1586 1889 Domino
1611 1855 1814 1900 processit,

317 1909 370 1944 sit
388 1909 427 1943 in
449 1908 651 1943 communi
670 1915 711 1943 et
730 1908 769 1943 in
788 1915 900 1954 parte
918 1907 1152 1954 conjugium
1171 1907 1266 1942 boni
1285 1914 1325 1943 et
1342 1907 1447 1942 veri:
1472 1914 1511 1942 et
1526 1907 1619 1952 quia
1637 1907 1815 1947 ecclesia,

317 1972 419 2008 quae
445 1960 640 1996 formatur
665 1972 735 2007 per
758 1972 896 1996 verum
923 1960 1139 2001 doetrinae,
1161 1967 1203 1995 et
1229 1960 1379 2007 religio,
1400 1971 1501 2006 quae
1528 1959 1722 1995 formatur
1747 1971 1816 2006 per

317 2015 467 2050 bonum
481 2014 587 2049 vitae
605 2015 824 2049 secundum
838 2025 977 2049 verum
997 2012 1213 2054 doctrinae,
1229 2014 1334 2059 apud
1354 2013 1604 2049 Christianos
1621 2019 1682 2048 est
1700 2013 1816 2049 unice

317 2078 366 2102 ex
385 2066 589 2112 Scriptura
607 2066 737 2107 Sacra,
756 2074 941 2102 constare
958 2073 1103 2112 potest,
1122 2067 1230 2113 quod
1249 2066 1417 2101 ecclesia
1436 2066 1474 2100 in
1493 2066 1697 2101 communi
1715 2074 1757 2101 et
1775 2066 1814 2100 in

318 2127 428 2166 parte
443 2119 494 2155 sit
508 2120 739 2166 conjugium
755 2120 850 2156 boni
865 2128 906 2155 et
915 2120 1011 2155 veri.
1044 2119 1178 2166 (Quod
1195 2120 1251 2154 ita
1263 2119 1326 2159 sit,
1337 2120 1523 2154 videatur
1534 2119 1573 2154 in
1585 2119 1821 2165 Apocalypsi

301 2173 513 2218 *Re-velata,
533 2184 570 2208 n.
586 2182 665 2218 373,
679 2173 777 2217 483.)
830 2173 942 2208 Idem
961 2173 1039 2208 hoc
1053 2173 1160 2218 quod
1180 2183 1298 2218 supra
1312 2171 1462 2207 dietum
1482 2179 1543 2207 est
1558 2172 1607 2207 de
1625 2172 1816 2218 conjugio
1863 2191 1868 2195 -

316 2226 411 2261 boni
430 2232 470 2261 et
484 2226 578 2266 veri,
593 2225 745 2260 dictum
760 2226 880 2261 etiam
895 2233 956 2261 est
971 2226 1020 2261 de
1034 2226 1212 2272 conjugtb
1229 2226 1444 2260 charitatis
1459 2229 1496 2260 et
1501 2225 1610 2270 fidei,
1625 2225 1812 2271 quoniam

316 2279 467 2314 bonum
486 2285 546 2314 est
564 2278 780 2318 charitatis,
800 2285 840 2314 et
857 2289 994 2314 verum
1013 2285 1075 2314 est
1093 2278 1197 2314 fidei.

389 2331 564 2378 Quidam
587 2342 636 2367 ex
663 2332 871 2377 prioribus,
889 2332 958 2378 qui
981 2342 1059 2366 non
1081 2331 1268 2367 viderunt
1289 2331 1473 2377 angelum
1499 2336 1541 2366 et
1565 2330 1813 2376 scripturam,

317 2384 448 2420 adhuc
466 2385 682 2424 adstantes,
702 2391 742 2419 et
759 2385 967 2420 audientes
986 2385 1062 2425 illa,
1082 2384 1270 2420 dicebant
1290 2395 1359 2419 ore
1381 2383 1613 2429 semipleno,
1648 2387 1669 2402 '⁸
1684 2382 1813 2418 Immo

317 2438 450 2477 etiam,
469 2437 648 2483 capimus
668 2437 769 2472 illa.''

390 2490 468 2526 Sed
487 2498 583 2526 tune
601 2491 765 2537 angelus
780 2490 882 2526 dixit
901 2491 989 2531 illis,
1005 2495 1026 2509 “
1039 2490 1224 2526 Avertite
1237 2501 1310 2526 vos
1329 2490 1489 2536 paulum
1508 2499 1531 2524 a
1548 2499 1622 2530 me.
1637 2495 1678 2524 et
1691 2488 1813 2524 dicite

317 2543 534 2580 similiter.''

391 2597 440 2633 Et
457 2602 686 2632 averterunt
704 2607 756 2636 se,
775 2603 816 2631 et
834 2596 1020 2632 dixerunt
1038 2607 1106 2632 ore
1125 2596 1255 2642 pleno,
1274 2600 1295 2614 “
1310 2595 1399 2630 Non
1421 2593 1516 2630 ita.¹'

390 2650 488 2686 Post
506 2650 603 2685 haec
621 2650 785 2696 angelus
803 2650 960 2685 locutus
978 2657 1040 2685 est
1061 2650 1110 2685 de
1127 2651 1304 2696 conjugio
1323 2650 1414 2684 boni
1429 2652 1466 2683 et
1484 2649 1576 2683 veri
1591 2647 1697 2694 apud
1718 2657 1813 2684 con—

316 2705 451 2752 juges:
477 2705 625 2744 dicens,
644 2704 751 2750 quod
771 2703 803 2738 si
823 2710 976 2738 mentes
999 2704 1154 2738 illorum
1175 2703 1214 2737 in
1238 2703 1306 2738 illo
1323 2702 1512 2748 conjugio
1534 2701 1676 2742 forent,
1696 2701 1813 2736 mari-

317 2766 382 2794 tus
399 2768 536 2793 verum
555 2763 595 2792 et
613 2767 713 2791 uxor
730 2756 848 2802 hujus
866 2757 1027 2795 bonum,
1044 2756 1175 2791 forent
1192 2757 1309 2790 ambo
1328 2755 1367 2789 in
1382 2754 1535 2790 deliciis
1553 2754 1813 2790 beatitudinis

319 2810 580 2850 innocentiae,
603 2816 643 2844 et
670 2809 761 2844 inde
789 2809 827 2843 in
855 2808 1056 2848 felicitate,
1080 2808 1118 2842 in
1145 2819 1223 2854 qua
1247 2815 1340 2843 sunt
1367 2808 1495 2854 angeli
1523 2807 1643 2848 caeli;
1670 2807 1709 2842 in
1731 2818 1812 2853 quo

317 2870 424 2899 statu
444 2862 665 2909 prolificum
686 2861 816 2897 mariti
835 2861 938 2896 foret
957 2861 994 2895 in
1014 2861 1205 2896 continuo
1222 2872 1324 2900 vere,
1343 2867 1383 2895 et
1403 2861 1493 2895 inde
1514 2860 1550 2894 in
1571 2860 1658 2896 nisu
1678 2866 1718 2895 et
1735 2860 1814 2894 vir·

317 2923 403 2951 tute
423 2915 669 2962 propagandi
688 2926 803 2950 suum
818 2925 966 2954 verum,
981 2920 1022 2949 et
1035 2924 1135 2948 uxor
1150 2914 1188 2948 in
1206 2913 1398 2948 continua
1415 2913 1643 2958 receptione
1661 2912 1747 2958 ejus
1764 2923 1813 2947 ex

317 2980 473 3010 amore;
501 2974 520 2987 “
531 2967 736 3014 sapientia,
755 2978 856 3013 quae
883 2967 989 3012 apud
1011 2966 1118 3002 viros
1139 2977 1163 3001 a
1185 2966 1359 3001 Domino
1381 2972 1451 3006 est,
1475 2966 1573 3000 nihil
1599 2964 1812 3011 jucundius

316 3022 438 3058 sentit
451 3032 570 3069 quam
589 3030 807 3068 propagare
825 3030 897 3056 sua
908 3030 1020 3061 vera:
1046 3025 1086 3055 et
1103 3029 1216 3054 amor
1229 3018 1445 3065 sapientiae
1460 3019 1527 3064 qui
1547 3018 1651 3065 apud
1671 3027 1810 3053 uxores

2002 2738 2014 2836 sno—s
