2014 3386
347 362 430 405 314
807 358 1049 391 DELICIAE
1081 357 1384 390 SAPIENTIAE

343 475 508 517 cohors
530 475 754 516 damnosa
774 474 1005 528 persistat,
1030 487 1091 515 ex
1113 473 1389 515 necessitate
1413 473 1686 527 delegantur
1703 473 1837 516 simul

340 539 386 580 in
412 538 649 587 infernum,
674 551 726 579 ac
753 538 813 578 ibi
839 543 970 591 pater
994 543 1103 578 ante
1129 536 1296 578 liberos
1318 536 1563 578 includitur
1585 538 1835 587 custodiae,

341 613 393 642 ac
421 600 550 642 liberi
576 607 860 654 separantur,
888 607 935 642 et
961 601 1150 654 quisque
1176 600 1447 641 amandatur
1471 601 1529 642 ad
1551 600 1703 642 locum
1728 614 1837 643 suae

340 664 478 705 vitae.

424 734 558 780 40¹7.
601 726 686 768 His
712 725 921 778 adjiciam
943 727 1029 768 hoc
1063 726 1298 779 mirabile;
1331 727 1452 782 quod
1482 728 1527 769 in
1554 728 1724 769 mundo
1745 728 1838 782 spi-

341 791 491 832 rituali
516 791 706 832 viderim
732 798 900 844 patreS‚
925 792 998 845 qui
1029 805 1089 832 ex
1117 791 1236 841 odio,
1263 797 1310 832 et
1336 792 1451 832 sicut
1472 791 1618 832 furore
1640 805 1838 845 aspexe-

340 862 443 896 rant
475 855 672 896 infantes
705 857 847 896 oculis
873 855 1054 896 illorum
1086 855 1282 905 oblatos,
1311 862 1358 896 et
1384 848 1480 897 tam
1504 856 1643 897 feroci
1668 857 1834 904 animo,

342 924 391 959 ut
422 919 459 959 si
490 926 692 972 possent,
720 919 823 959 illos
850 933 1012 960 necare
1038 919 1238 970 vellent;
1272 925 1343 960 ast
1370 925 1418 960 ut
1445 920 1636 973 primum
1662 919 1750 960 illis
1776 933 1837 960 ex

342 983 538 1023 mentito
561 981 731 1023 dictum
758 989 842 1032 est,
867 983 987 1036 quod
1014 982 1151 1035 ipsius
1173 982 1369 1023 infantes
1391 989 1558 1031 essent,
1582 983 1705 1024 illico
1727 989 1837 1024 tunc

341 1047 531 1087 recessit
556 1046 676 1087 furor
706 1052 754 1087 et
786 1046 1011 1095 ferocitas,
1041 1059 1093 1087 ac
1125 1045 1229 1087 illos
1251 1046 1429 1100 perdite
1455 1046 1686 1087 amabant.
1747 1045 1836 1087 Hic

341 1121 469 1149 amor
494 1116 541 1150 et
567 1109 678 1150 illud
705 1110 858 1151 odium
884 1109 1015 1150 simul
1047 1115 1118 1150 est
1144 1108 1244 1158 illis,
1272 1109 1347 1163 qui
1377 1109 1422 1150 in
1454 1109 1622 1150 mundo
1647 1109 1837 1150 interius

341 1172 490 1214 dolosi
515 1173 707 1222 fuerant,
735 1187 786 1214 ac
810 1172 1138 1214 infestaverant
1165 1173 1364 1214 animum
1387 1179 1548 1214 contra
1574 1173 1834 1214 Dominum.

425 1234 564 1290 408.
599 1235 748 1290 (xvii.)
786 1235 914 1286 Quod
934 1235 1009 1276 ille
1033 1250 1159 1277 amor
1178 1236 1305 1288 apud
1320 1235 1583 1289 spirituales
1604 1235 1667 1277 sit
1686 1235 1742 1277 ab
1767 1235 1837 1276 in·

341 1299 504 1341 teriori
535 1314 609 1340 seu
638 1299 803 1352 priori,
838 1299 964 1352 apud
989 1299 1219 1341 naturales
1250 1306 1397 1341 autem
1436 1299 1491 1340 ab
1521 1299 1736 1340 exteriori
1762 1312 1838 1340 seu

335 1362 872 1416 posteriori.——Cogitare
898 1369 945 1404 et
978 1363 1250 1404 concludere
1282 1377 1341 1404 ex
1373 1363 1576 1404 interiori
1607 1369 1655 1404 et
1686 1362 1821 1416 priori

341 1433 413 1467 est
439 1440 498 1467 ex
525 1426 686 1467 finibus
713 1433 759 1468 et
786 1427 932 1467 causis
958 1426 1016 1467 ad
1044 1425 1242 1476 effectus,
1270 1433 1318 1468 at
1345 1427 1549 1479 cogitare
1575 1433 1623 1467 et
1649 1425 1825 1467 conclu·

341 1491 449 1532 dere
468 1491 526 1531 ab
540 1491 755 1531 exteriori
770 1504 847 1531 seu
863 1491 1117 1543 posteriori,
1134 1497 1204 1531 est
1219 1504 1278 1531 ex
1294 1489 1526 1531 effectibus
1544 1490 1601 1531 ad
1617 1502 1776 1531 causas
1789 1495 1838 1530 et
1864 1495 1865 1498 ’

340 1553 479 1605 fines;
512 1554 625 1595 haec
653 1554 911 1606 progressio
937 1559 1008 1595 est
1041 1560 1202 1595 contra
1233 1554 1454 1602 ordinem,
1481 1553 1560 1594 illa
1585 1560 1739 1594 autem
1765 1558 1838 1593 est

339 1617 590 1659 secundum
616 1617 854 1667 ordinem;
889 1630 993 1658 nam
1021 1618 1226 1670 cogitare
1252 1624 1298 1659 et
1325 1617 1597 1658 concludere
1623 1630 1650 1657 a
1675 1615 1837 1657 finibus

339 1687 387 1722 et
414 1682 577 1729 causis,
606 1687 677 1722 est
705 1695 730 1721 a
756 1680 887 1721 bonis
913 1686 959 1722 et
986 1681 1104 1721 veris
1131 1681 1175 1721 in
1201 1682 1428 1735 superiore
1454 1681 1643 1733 regione
1669 1679 1836 1720 mentis

339 1743 603 1798 perspectis,
622 1745 680 1785 ad
699 1743 883 1785 effectus
900 1745 945 1785 in
962 1744 1168 1786 inferiore
1186 1759 1195 1796 ;
1223 1745 1320 1797 ipsa
1337 1744 1621 1785 rationalitas
1638 1743 1838 1784 humana

339 1822 367 1849 a
391 1809 625 1850 creatione
648 1808 752 1849 talis
775 1814 872 1848 est:
907 1814 954 1848 at
981 1808 1184 1861 cogitare
1211 1815 1257 1849 et
1284 1807 1555 1849 concludere
1582 1807 1640 1847 ab
1665 1804 1835 1847 effecti-

338 1871 436 1920 bus,
462 1877 532 1912 est
558 1871 615 1912 ab
640 1871 845 1911 inferiore
872 1871 1057 1924 regione
1080 1872 1260 1920 mentis,
1285 1871 1359 1911 ubi
1385 1869 1611 1911 sensualia
1633 1869 1836 1922 corporis

339 1947 442 1975 cum
474 1935 564 1974 suis
595 1935 871 1988 apparentiis
903 1941 950 1975 et
986 1934 1174 1975 fallaciis
1206 1940 1325 1983 sunt,
1359 1934 1567 1987 augurari
1598 1946 1757 1974 causas
1788 1939 1836 1974 et
1884 1971 1887 1974 .

340 1996 465 2046 fines,
494 1998 615 2051 quod
646 1998 690 2037 in
717 2011 765 2038 se
792 2011 882 2038 non
908 1997 1029 2038 aliud
1056 2004 1126 2038 est
1158 2010 1292 2051 quam
1319 1997 1584 2038 confirmare
1609 1996 1836 2038 falsitates

339 2067 387 2102 et
419 2061 826 2113 concupiscentias,
855 2067 901 2101 et
933 2061 1014 2101 has
1046 2066 1151 2113 post
1183 2060 1573 2101 confirmationem
1600 2060 1755 2100 videre
1787 2066 1835 2100 et

339 2123 523 2165 credere
556 2137 654 2164 esse
682 2124 933 2176 sapientiae
959 2124 1192 2172 veritates,
1218 2130 1265 2164 et
1297 2123 1424 2176 hujus
1456 2124 1621 2163 amoris
1652 2123 1835 2164 bonita-

339 2192 423 2228 tes.
485 2186 639 2228 Simile
672 2194 741 2227 est
776 2199 877 2227 cum
909 2199 1062 2227 amore
1094 2186 1317 2228 infantum
1353 2193 1400 2228 et
1441 2186 1684 2228 liberorum
1715 2186 1835 2240 apud

339 2250 595 2304 spirituales
622 2257 667 2291 et
696 2250 951 2300 naturales;
984 2250 1242 2303 spirituales
1273 2256 1430 2291 amant
1462 2250 1564 2291 illos
1590 2264 1648 2291 ex
1683 2250 1832 2304 priori,

338 2314 401 2354 ita
431 2314 681 2354 secundum
714 2314 950 2365 ordinem;
994 2313 1224 2354 naturales
1256 2320 1411 2354 autem
1443 2320 1600 2354 amant
1632 2313 1736 2354 illos
1772 2327 1833 2355 ex

339 2378 594 2430 posteriori,
622 2378 688 2418 ita
720 2384 882 2418 contra
913 2378 1133 2418 ordinem.
1196 2377 1326 2418 Haec
1352 2376 1549 2418 adducta
1579 2383 1686 2419 sunt
1717 2377 1832 2418 dun-

338 2447 474 2482 taxat
501 2441 558 2481 ad
586 2440 981 2482 confirmationem
1004 2439 1180 2481 articuli
1203 2441 1535 2494 praecedentis.

423 2513 566 2557 409.
601 2502 765 2557 (xviii.)
804 2503 931 2554 Quod
955 2503 1056 2544 inde
1084 2503 1158 2551 sit,
1192 2503 1311 2556 quod
1344 2503 1419 2544 ille
1447 2517 1573 2544 amor
1612 2503 1675 2544 sit
1711 2502 1838 2556 apud

337 2569 537 2621 conjuges
569 2567 648 2619 qui
680 2581 726 2607 se
755 2573 903 2607 mutuo
932 2572 1087 2607 amant
1115 2572 1157 2606 et
1186 2580 1351 2619 quoque
1380 2566 1505 2618 apud
1529 2567 1727 2621 conjuges
1757 2566 1838 2620 qui

338 2643 385 2671 se
408 2636 601 2682 prorsus
634 2644 716 2670 non
747 2637 932 2678 amant,·
969 2630 1158 2684 proinde
1189 2630 1308 2683 apud
1341 2630 1573 2671 naturales
1604 2644 1746 2684 aeque
1777 2643 1830 2671 ac

337 2694 457 2747 apud
505 2694 762 2747 spirituales
786 2708 794 2744 ;
842 2695 910 2735 his
950 2700 1105 2734 autem
1147 2699 1218 2734 est
1260 2707 1387 2734 amor
1427 2693 1707 2746 conjugialis,
1741 2693 1830 2734 illis

336 2770 445 2798 vero
473 2770 564 2797 non
591 2763 677 2805 est,
706 2758 789 2797 nisi
815 2770 1040 2810 apparens
1067 2763 1113 2798 et
1145 2757 1467 2797 simulatorius.
1528 2755 1663 2809 Quod
1690 2770 1830 2810 usque

337 2833 465 2861 amor
490 2820 714 2861 infantum
747 2827 792 2861 et
822 2835 949 2861 amor
974 2819 1240 2873 conjugialis
1267 2833 1402 2861 unum
1429 2826 1589 2872 agant,
1623 2825 1694 2860 est
1726 2819 1830 2872 quia

338 2884 462 2924 omni
488 2884 682 2924 feminae
709 2897 735 2924 a
761 2885 994 2925 creatione
1017 2883 1317 2936 implantatus
1344 2890 1414 2924 est
1441 2896 1570 2923 amor
1595 2881 1828 2935 conjugia—

337 2946 405 2994 lis,
440 2954 486 2987 et
528 2947 660 2987 simul
692 2960 792 2987 cum
830 2941 922 2988 illo
948 2960 1075 2987 amor
1106 2947 1388 3000 procreandi,
1422 2947 1495 3000 qui
1535 2946 1579 2986 in
1620 2945 1828 2986 sobolem

337 3016 623 3064 procreatam
651 3010 981 3052 determinatur
1006 3017 1053 3051 et
1079 3010 1279 3059 confluit,
1304 3023 1357 3051 ae
1384 3024 1410 3051 a
1441 3010 1616 3051 feminis
1642 3009 1831 3050 infertur
