2014 3386
358 374 408 418 52
815 373 1058 406 DELICIAE
1089 372 1393 407 SAPIENTIAE

351 487 484 529 tionis,
503 493 543 523 et
563 486 629 523 hic
647 486 768 523 intrat
787 487 946 534 penitus
966 494 1007 524 et
1026 488 1255 535 conjungit;
1287 495 1329 524 et
1354 488 1584 535 conjunctio
1605 489 1672 526 i11a
1696 497 1757 527 est
1779 491 1843 528 ille

350 551 483 583 amor;
508 547 549 576 at
569 539 800 586 eonjunestio
821 541 1015 576 mentium
1035 547 1076 577 et
1097 552 1178 577 non
1199 541 1316 577 simul
1334 553 1556 588 corporum,
1575 554 1644 579 seu
1666 544 1774 580 nisus
1793 545 1843 580 ad

352 594 458 629 illam
471 593 798 640 conjunctionem
813 594 948 635 solam,
963 601 1023 630 est
1036 605 1148 630 amor
1160 594 1384 640 spiritualis,
1397 601 1438 631 et
1456 595 1549 631 inde
1566 606 1678 631 amor
1690 603 1843 639 castus;

350 654 392 682 et
410 646 475 682 hic
492 657 604 682 amor
614 647 742 682 solum
757 647 875 682 datur
886 647 993 693 apud
1013 647 1102 682 illos
1114 647 1181 693 qui
1201 647 1240 682 in
1258 658 1392 683 amore
1406 654 1497 684 vere
1509 649 1723 696 conjugiali
1737 656 1842 691 sunt,

349 707 392 735 et
414 700 507 735 inde
526 700 564 735 in
584 699 786 736 eminente
803 700 993 746 potentia,
1012 701 1105 746 quia
1122 700 1163 735 hi
1182 707 1343 746 propter
1359 701 1582 737 castitatem
1601 713 1681 737 non
1698 703 1843 738 admit-

348 759 442 788 tunt
461 753 653 788 influxum
671 753 817 788 amoris
837 763 859 788 e
879 763 1044 799 corpore
1065 753 1165 789 alius
1182 753 1351 789 feminae
1369 765 1487 800 quam
1509 765 1558 790 ex
1579 765 1672 790 suae
1690 756 1842 797 uxorisz

349 813 390 841 et
415 806 509 852 quia
533 805 574 840 in
600 805 920 852 supereminente
945 806 1127 852 potentia
1151 813 1255 846 sunt,
1283 817 1364 842 non
1391 814 1558 852 possunt
1583 808 1699 843 aliter
1721 819 1840 854 quam

348 870 479 894 amare
500 870 648 900 sexum,
668 865 709 894 et
734 859 849 894 simul
870 859 1039 894 aversari
1061 859 1277 895 incastum:
1303 859 1396 894 inde
1417 866 1477 895 est
1498 860 1574 895 illis
1594 871 1707 896 amor
1725 871 1843 898 sexus

348 917 491 953 castus,
509 912 576 958 qui
598 912 638 947 in
659 923 700 947 se
721 911 922 958 spectatus
939 919 999 948 est
1016 912 1191 948 amicitia
1208 912 1374 947 interior
1389 912 1616 958 spiritualis,
1635 924 1736 959 quae
1753 925 1842 950 sua-

347 965 513 999 vitatem
539 975 650 1000 suam
672 965 783 1000 ducit
807 976 857 1000 ex
881 966 1082 1000 eminente
1103 965 1293 1011 potentia,
1315 965 1383 1000 sed
1410 972 1536 1006 casta;
1566 966 1746 1011 potentia
1766 966 1842 1003 illis

348 1018 525 1053 eminens
550 1024 612 1053 est
639 1029 688 1053 ex
721 1018 838 1053 totali
865 1018 1119 1053 abdicatione
1144 1018 1418 1059 scortationis;
1451 1025 1492 1054 et
1517 1018 1610 1064 quia
1633 1019 1718 1055 sola
1742 1030 1843 1055 uxor

347 1077 512 1111 amatur,
531 1077 592 1106 est
616 1077 735 1106 casta.
787 1071 914 1112 Nunc,
933 1071 1028 1117 quia
1053 1071 1118 1106 ille
1143 1081 1256 1106 amor
1275 1071 1380 1117 apud
1407 1071 1496 1106 illos
1521 1082 1602 1107 non
1629 1072 1841 1118 participat

347 1134 397 1158 ex
415 1133 531 1158 carne
549 1124 618 1159 sed
638 1124 760 1159 modo
781 1135 830 1160 ex
850 1124 1001 1170 spiritu,
1021 1131 1083 1159 est
1100 1130 1252 1164 castus;
1279 1131 1320 1159 et
1340 1124 1435 1170 quia
1453 1124 1710 1170 pulchritudo
1728 1125 1840 1161 femi-

347 1187 421 1211 nae
439 1187 488 1211 ex
506 1176 624 1212 insita
641 1177 898 1212 inclinatione
916 1177 1033 1212 simul
1053 1177 1173 1212 intrat
1192 1177 1231 1212 in
1251 1183 1435 1218 mentem,
1455 1184 1515 1212 est
1533 1178 1698 1213 suavis.”

419 1229 494 1265 His
514 1230 662 1265 auditis
684 1230 798 1265 multi
821 1241 870 1265 ex
889 1230 1139 1266 adstantibus
1157 1231 1359 1276 ponebant
1377 1241 1517 1266 manus
1537 1230 1587 1266 ad
1608 1241 1698 1266 suas
1714 1241 1838 1272 aures,

345 1282 536 1323 dieentes,
559 1283 664 1318 “Illa
684 1282 790 1318 dieta
810 1283 974 1319 laedunt
994 1294 1108 1319 aures
1129 1290 1294 1325 nostras,
1315 1290 1356 1319 et
1382 1283 1448 1319 illa
1471 1294 1574 1329 quae
1599 1283 1722 1319 locuti
1743 1284 1839 1320 estis

345 1342 440 1371 sunt
458 1335 497 1370 in
517 1336 632 1372 nobis
649 1336 799 1372 nauci.”
851 1336 973 1372 Erant
990 1335 1141 1372 incasti.

419 1388 471 1424 Et
487 1395 583 1424 tunc
602 1389 745 1424 iterum
764 1389 924 1425 auditus
941 1396 1003 1425 est
1020 1396 1160 1425 cantus
1178 1389 1243 1425 ille
1263 1400 1286 1425 e
1303 1389 1424 1430 caelo,
1439 1395 1480 1424 et
1496 1400 1603 1424 nunc
1617 1388 1736 1435 priori
1751 1399 1839 1425 sua-

343 1442 452 1483 vior;
477 1442 546 1477 sed
569 1442 634 1477 hic
651 1453 783 1477 coram
806 1442 967 1478 incastis
988 1442 1065 1478 illis
1082 1442 1235 1488 crepuit
1257 1442 1313 1477 ita
1329 1442 1490 1482 discors,
1509 1448 1553 1477 ut
1571 1448 1735 1488 propter
1750 1442 1838 1478 stri-

345 1495 483 1530 dorem
505 1495 725 1530 discordiae
752 1495 943 1541 ejicerent
964 1506 1006 1531 se
1027 1507 1076 1531 ex
1096 1495 1255 1531 theatro
1276 1502 1316 1530 et
1335 1494 1583 1541 aufugerent.
1601 1495 1839 1531 remanenti-

344 1548 418 1583 bus
436 1548 581 1594 paucis,
600 1548 670 1595 qui
687 1559 737 1583 ex
758 1548 953 1595 sapientia
969 1549 1195 1584 castitatem
1213 1548 1480 1595 conjugialem
1498 1549 1697 1586 amabant.

342 1667 442 1721 56.
473 1665 688 1708 Alterum
715 1666 1017 1708 Memorabile
1032 1680 1103 1708 :—

415 1761 630 1809 Quondam
650 1764 690 1798 in
705 1763 857 1799 mundo
869 1762 1060 1809 spirituali
1072 1773 1162 1798 cum
1174 1762 1326 1809 angelis
1338 1762 1506 1809 loquens
1520 1762 1732 1808 inspiratus
1748 1773 1835 1797 sum

342 1825 511 1851 amoena
534 1817 742 1862 voluptate
766 1815 930 1851 videndi
964 1817 1159 1862 Templum
1187 1816 1421 1862 Sapientiae.
1447 1815 1554 1862 quod
1581 1815 1703 1851 semel
1729 1814 1837 1861 prius

341 1868 538 1910 videram;
572 1876 613 1905 et
639 1869 878 1916 interrogavi
900 1869 989 1905 illos
1009 1869 1059 1904 de
1078 1869 1144 1905 via
1167 1869 1217 1904 ad
1239 1868 1350 1905 illud.
1400 1867 1606 1909 Dixerunt,
1629 1867 1836 1914 “Sequere

341 1922 483 1962 lucem,
503 1928 543 1957 et
560 1922 762 1958 invenies!

416 1974 466 2009 Et
484 1975 605 2016 dixin
609 1975 735 2022 ‘Quid
754 1975 842 2016 hoc,
860 1986 1024 2021 sequere
1042 1973 1224 2010 1ucem?'·

415 2026 647 2068 Dixerunt‚
652 2028 755 2063 ‘Lux
773 2035 909 2064 nostra
921 2027 1125 2063 candescit
1142 2027 1231 2073 plus
1248 2033 1288 2062 et
1307 2025 1406 2072 plus,
1421 2025 1524 2062 sicut
1540 2025 1836 2072 appropinqua·

341 2086 408 2115 tur
424 2080 474 2115 ad
494 2080 591 2115 illud
610 2081 828 2127 templum;
853 2092 974 2127 quare
988 2091 1152 2127 sequere
1170 2081 1298 2116 lucem
1316 2079 1535 2115 secundum
1550 2079 1733 2115 candoris
1750 2078 1836 2124 ejus

343 2133 631 2168 incrementum
646 2146 653 2175 ;
680 2145 770 2169 nam
790 2134 858 2169 lux
873 2141 1008 2170 nostra
1025 2133 1206 2180 procedit
1219 2144 1243 2169 a
1261 2133 1436 2168 Domino
1454 2139 1499 2168 ut
1516 2132 1611 2173 sole,
1626 2138 1667 2167 et
1685 2131 1804 2167 inde
1795 2142 1832 2167 m

341 2196 383 2221 se
402 2184 580 2231 spectata
596 2193 656 2222 est
677 2187 908 2232 sapientia.''

412 2239 524 2274 Tunc
544 2239 583 2273 in
601 2240 794 2275 comitatu
808 2251 899 2275 cum
918 2239 1021 2276 binis
1038 2239 1188 2286 angelis
1200 2238 1293 2274 vadi
1310 2238 1529 2274 secundum
1545 2238 1833 2273 incrementum

339 2291 523 2326 candoris
542 2292 651 2331 lucis,
667 2299 707 2327 et
724 2293 885 2328 ascendi
904 2304 974 2339 per
986 2292 1189 2328 tramitem
1208 2292 1400 2327 clivosum
1418 2301 1544 2337 usque
1560 2290 1610 2325 ad
1628 2289 1835 2325 summita-

338 2351 421 2379 tem
440 2344 558 2380 unius
575 2345 699 2386 collis,
714 2346 780 2391 qui
799 2352 884 2381 crat
902 2346 941 2381 in
961 2346 1076 2392 plaga
1089 2344 1349 2385 meridionali,
1363 2350 1403 2380 et
1422 2344 1474 2379 ibi
1493 2349 1577 2379 erat
1594 2349 1709 2389 porta
1726 2352 1835 2388 mag-

339 2397 477 2432 nifica:
503 2404 544 2432 et
561 2405 706 2436 custos,
725 2398 821 2434 visis
838 2409 994 2434 mecum
1013 2399 1176 2445 angelis,
1190 2397 1392 2444 aperiebat
1410 2397 1538 2437 illam:
1563 2403 1604 2431 et
1617 2405 1708 2430 ecce
1726 2394 1835 2430 visus

339 2456 399 2485 est
417 2450 593 2496 porticus
611 2461 659 2485 ex
677 2451 816 2496 palmis
834 2458 874 2486 et
892 2451 1077 2492 lauribus,
1096 2451 1314 2486 secundum
1333 2461 1452 2496 quem
1469 2448 1668 2488 vadimus;
1693 2447 1834 2482 circui-

338 2503 408 2537 bat
429 2503 615 2548 porticus,
638 2509 679 2538 et
704 2504 992 2539 terminabatur
1016 2503 1056 2539 in
1078 2504 1251 2544 hortum,
1274 2503 1314 2538 in
1339 2503 1454 2549 cujus
1475 2501 1606 2537 medio
1622 2506 1706 2536 erat
1727 2501 1835 2536 Tem-

332 2555 444 2601 plum
465 2555 695 2600 Sapientiae.
1844 2594 1845 2597 Ἴ

410 2607 511 2644 Cum
528 2608 581 2643 ibi
595 2608 866 2654 circumspexi,
877 2608 959 2643 vidi
974 2608 1172 2644 aediculas
1185 2607 1466 2644 similitudines
1475 2605 1624 2652 templi,
1638 2605 1678 2640 in
1689 2605 1833 2651 quibus

338 2667 452 2696 erant
465 2660 673 2707 sapientes.
724 2661 977 2696 Accessimus
993 2662 1042 2696 ad
1061 2672 1192 2701 unam,
1207 2667 1248 2696 et
1266 2661 1305 2695 in
1324 2660 1429 2696 ostio
1446 2659 1569 2695 locuti
1587 2669 1724 2694 sumus
1741 2668 1832 2693 cum

339 2713 498 2759 hospite
518 2713 581 2754 ibi,
601 2719 642 2749 et
659 2713 903 2748 narravimus
922 2724 1079 2749 causam
1098 2714 1305 2753 adventus,
1323 2719 1366 2748 et
1383 2711 1547 2747 modum
1565 2721 1767 2751 accessus;
1792 2718 1834 2746 et

339 2767 442 2802 dixit
462 2766 620 2812 hospes,
640 2771 661 2784 ‘¹
675 2766 964 2807 Beneventote,
984 2766 1139 2807 intrate,
1161 2766 1309 2806 sedete,
1328 2771 1369 2800 et
1389 2764 1666 2800 consociemur
1685 2773 1834 2800 sermo-

339 2820 458 2855 nibus
475 2819 729 2866 sapientiae.''

409 2872 503 2908 Vidi
529 2872 748 2908 aediculam
775 2871 893 2911 intus,
915 2871 1023 2917 quod
1050 2877 1154 2906 esset
1181 2870 1308 2906 divisa
1335 2869 1373 2905 in
1403 2870 1511 2910 duas,
1530 2875 1571 2905 et
1596 2879 1722 2916 usque
1748 2875 1833 2904 erat

339 2937 439 2966 una3
465 2925 592 2961 divisa
608 2931 693 2961 erat
714 2925 753 2960 in
775 2925 874 2960 duas
899 2935 970 2970 per
990 2924 1180 2970 parietem
1201 2922 1500 2963 translucidum,
1518 2929 1560 2958 at
1580 2921 1763 2968 apparuit
1787 2928 1833 2957 ut

340 2990 418 3015 una
443 2990 491 3015 ex
516 2978 810 3019 translucentia,
832 2988 933 3024 quae
954 2983 1038 3013 erat
1058 2977 1160 3013 sicut
1186 2975 1385 3023 purissimi
1407 2975 1592 3023 crystalli.
1642 2974 1830 3022 Quaesivi

339 3043 409 3068 cur
427 3032 491 3068 ita.
