2014 3386
562 712 1067 763 COMMUNIS
1138 713 1460 766 INDEX.

332 1021 394 1068 [I.]
431 1021 496 1058 DE
514 1020 703 1058 GAm‘ms
729 1022 875 1065 CAELI,
898 1031 951 1058 ET
977 1031 1034 1059 DE
1060 1022 1242 1059 NUPTus
1269 1031 1327 1059 1131
1357 1025 1410 1069 (n.
1432 1023 1550 1069 1-26).
1647 1074 1654 1094 s

313 1105 396 1153 [IL]
431 1106 495 1143 DE
513 1106 748 1150 CONJUGus
766 1116 814 1143 IN
833 1108 977 1145 CAELo
998 1110 1051 1154 (n.
1071 1109 1214 1154 27-41).

548 1179 628 1224 [(i.)]
661 1181 761 1221 Quod
772 1181 868 1213 lzomo
886 1181 987 1213 vivat
997 1181 1092 1214 homo
1098 1185 1179 1224 post
1192 1185 1328 1214 mortem
1339 1180 1386 1223 (n.
1407 1179 1537 1223 28—31).

536 1228 629 1274 [(ii.)]
661 1230 762 1312 Quod
780 1234 863 1262 tunc
885 1230 1059 1314 mc)zsculus
1076 1230 1125 1262 sit
1138 1230 1321 1270 masculus,
1339 1234 1372 1262 et
1386 1230 1528 1274 semina
1550 1229 1599 1263 sit
1612 1229 1754 1274 femina

758 1283 791 1306 n.
834 1282 863 1312 2,
938 1298 946 1306 .

522 1321 630 1366 [(iii.)]
665 1322 764 1362 Quod
771 1282 858 1354 suis
873 1282 971 1397 ἒὲιον
983 1322 1080 1365 apud
1091 1322 1362 1365 unumquemvis
1365 1326 1448 1365 post
1463 1326 1600 1355 mortem
1618 1325 1755 1354 maneat

757 1375 788 1398 n.
850 1383 872 1388 -
930 1390 937 1398 .

524 1411 628 1457 [(iv.)]
663 1365 763 1454 Quod
772 1368 1018 1456 pgzsscffjcgzliter
1037 1425 1136 1446 amor
1147 1425 1248 1446 sexus
1257 1425 1277 1453 ,·
1298 1418 1332 1447 et
1346 1415 1444 1456 apud
1455 1414 1533 1447 illos
1547 1414 1612 1457 qui
1629 1414 1668 1447 in
1683 1425 1754 1446 cae-

743 1458 816 1489 lum
836 1458 992 1496 veniunt,
1003 1458 1066 1500 qui
1080 1462 1166 1490 sunt
1178 1458 1242 1500 qui
1256 1458 1456 1500 spirituales
1470 1458 1510 1491 in
1526 1458 1629 1490 terris
1638 1457 1752 1501 flunt,

742 1511 840 1533 amor
851 1502 1056 1544 conjugialis
1075 1501 1122 1542 (n.
1140 1509 1191 1541 37,
1209 1502 1273 1542 38).

540 1545 630 1590 [(v.)]
660 1549 756 1581 Haec
762 1549 866 1592 plene
879 1549 1081 1592 confirmata
1093 1554 1160 1592 per
1169 1549 1359 1592 autopsiam
1379 1549 1426 1590 (n.
1443 1547 1508 1592 39).

527 1594 630 1638 [(vi.)]
662 1598 906 1640 Consequenter
917 1599 1010 1640 quod
1021 1598 1181 1641 conjugia
1196 1598 1272 1630 sint
1284 1598 1324 1630 in
1336 1598 1423 1630 caelo
1437 1597 1485 1641 (n.
1498 1597 1563 1638 40).

514 1643 630 1689 [(vii.)]
661 1647 760 1687 Quod
771 1646 970 1689 spirituales
985 1647 1127 1689 nuptiae
1143 1646 1390 1688 intelligantur
1397 1652 1464 1688 per
1475 1646 1625 1679 Domini
1643 1645 1751 1685 verba,

740 1691 834 1733 quod
837 1694 918 1733 post
931 1690 1208 1723 resurrectionem
1224 1701 1292 1723 non
1304 1691 1431 1723 dentur
1445 1691 1575 1733 nuptui
1590 1690 1638 1731 (n.
1656 1690 1722 1731 41).

291 1769 397 1817 [111.]
433 1769 498 1806 DE
523 1769 672 1806 STATU
699 1769 943 1812 CONJUGUM
970 1779 1073 1806 POST
1100 1771 1292 1807 MORTEM
1313 1772 1365 1817 (n.
1383 1772 1528 1816 45—54).

544 1838 624 1884 [(i.)]
656 1842 960 1882 Quodamorsexus
968 1843 1333 1884 maneatapudomnem
1345 1842 1513 1882 hominem
1516 1846 1597 1885 post
1604 1845 1751 1880 mortem,

739 1885 855 1928 qualis
871 1886 930 1918 ille
945 1886 1104 1925 interius,
1119 1886 1177 1918 hoc
1191 1890 1248 1925 est,
1261 1887 1300 1919 in
1318 1886 1478 1918 interiore
1489 1886 1563 1929 ejus
1579 1886 1753 1918 voluntate

738 1933 772 1960 et
784 1929 984 1971 cogitatione
992 1930 1120 1972 suerat
1134 1930 1174 1962 in
1192 1930 1318 1962 mundo
1333 1930 1380 1971 (n.
1397 1929 1451 1969 46,
1466 1928 1663 1970 47[prim0])‚

531 1975 623 2022 [(ii.)]
656 1977 758 2018 Quod
771 1988 869 2010 amor
888 1978 1094 2020 conjugialis
1109 1978 1278 2011 similiter
1293 1982 1437 2016 maneat,
1453 1978 1568 2020 qualis
1590 1978 1649 2009 ille
1667 1977 1752 2010 inte-

739 2020 826 2060 rius,
845 2021 904 2053 hoc
913 2025 968 2060 est,
980 2022 1020 2053 in
1033 2022 1190 2054 interiore
1209 2022 1383 2054 voluntate
1400 2026 1432 2053 et
1445 2021 1645 2063 cogitatione
1659 2022 1754 2064 apud

740 2064 909 2097 hominem
923 2065 1051 2107 fuerat
1067 2065 1106 2098 in
1126 2066 1253 2098 mundo
1271 2066 1319 2106 (n.
1335 2064 1531 2106 481prim01).

521 2108 627 2156 [(iii.)]
657 2113 759 2153 Quod
771 2113 837 2145 duo
854 2114 1011 2156 conjuges
1027 2114 1275 2156 utplurimum
1286 2118 1368 2156 post
1383 2117 1520 2146 mortem
1536 2113 1749 2148 conveniant.

737 2167 772 2189 se
793 2161 985 2198 agnoscant,
1002 2158 1195 2196 consocient,
1211 2162 1244 2190 et
1249 2163 1317 2200 per
1329 2158 1472 2200 aliquod
1483 2162 1612 2199 tempus
1628 2157 1752 2189 vivant

738 2200 849 2232 simul
854 2211 875 2239 ‚·
897 2201 988 2243 quod
994 2201 1047 2243 fit
1063 2201 1102 2232 in
1113 2202 1230 2243 primo
1247 2205 1352 2240 statu,
1373 2202 1422 2233 ita
1438 2202 1520 2233 dum
1543 2201 1583 2233 in
1600 2201 1750 2233 externis

738 2247 823 2276 sunt
836 2244 926 2276 sicut
940 2244 980 2276 in
999 2245 1125 2277 mundo
1147 2244 1195 2287 (n.
1211 2245 1427 2285 47[secundo]).

528 2287 632 2334 [(iv.)]
659 2291 727 2324 Sed
740 2292 833 2342 quod
850 2293 1042 2330 successive,
1060 2293 1152 2324 sicut
1171 2297 1307 2325 exuunt
1326 2297 1474 2332 externa,
1491 2303 1530 2324 ac
1552 2292 1690 2324 intrant
1711 2292 1750 2324 in

739 2339 876 2368 mterna
900 2346 975 2375 sua,
993 2336 1190 2379 percipiant
1211 2336 1311 2379 quali
1335 2347 1447 2368 amore
1471 2340 1505 2368 et
1526 2335 1751 2368 inclinatione

741 2378 834 2411 inter
843 2390 876 2411 se
890 2380 978 2411 adse
992 2384 1112 2412 mutuo
1125 2380 1286 2422 fuerant,
1302 2384 1336 2412 et
1346 2380 1424 2413 inde
1435 2390 1521 2412 num
1528 2379 1666 2421 possint
1677 2390 1749 2411 una

739 2422 862 2458 vivere.
879 2423 936 2455 vel
948 2434 1014 2456 non
1034 2423 1081 2463 (n.
1101 2424 1314 2463 48[secundo]).

537 2467 629 2514 [(v.)]
658 2470 757 2511 Quod
769 2470 803 2503 si
809 2475 958 2513 possunt
972 2482 1043 2503 una
1057 2472 1181 2508 vivere,
1195 2475 1358 2504 maneant
1370 2472 1526 2514 conjuges
1535 2483 1554 2510 ,·
1575 2475 1615 2503 at
1627 2470 1661 2503 si
1681 2482 1749 2503 non

731 2518 890 2556 possunt,
905 2525 939 2546 se
953 2519 1115 2557 separent.
1129 2516 1331 2558 quandoque
1346 2514 1405 2547 vir
1416 2515 1458 2546 ab
1472 2525 1584 2551 uxore.
1600 2515 1749 2557 quando-

737 2568 802 2600 que
825 2568 916 2590 uxor
927 2569 948 2590 a
965 2558 1049 2598 viro,
1065 2563 1098 2590 et
1117 2559 1319 2602 quandoque
1333 2569 1368 2590 se
1383 2562 1522 2602 uterque
1543 2558 1585 2590 ab
1602 2558 1749 2590 invicem

753 2611 786 2634 n.
860 2626 867 2634 .

522 2644 626 2691 [(vi.)]
655 2602 754 2689 Quod
765 2602 958 2682 tulii->detur
968 2650 1042 2682 viro
1059 2660 1150 2683 uxor
1162 2650 1372 2689 conveniens,
1384 2660 1424 2682 ac
1432 2649 1591 2693 feminae
1601 2649 1750 2682 maritus

737 2692 899 2725 similiter
915 2694 961 2733 (n.
981 2694 1044 2734 5ο).

503 2738 624 2783 [(vii.)]
654 2739 754 2781 Quod
763 2741 919 2783 conjuges
935 2742 1028 2774 inter
1039 2753 1073 2774 se
1082 2741 1268 2784 fruantur
1282 2742 1459 2774 consortiis
1472 2741 1654 2779 similibus,
1670 2740 1750 2784 qui-

739 2783 802 2816 bus
813 2784 852 2816 in
859 2786 994 2825 mundo,
1005 2786 1064 2817 sed
1062 2785 1334 2827 jucundioribus
1345 2789 1378 2817 et
1387 2785 1505 2818 beatior
1512 2785 1589 2817 ibus
1595 2795 1614 2823 ,·
1630 2795 1750 2816 verum

739 2827 864 2870 absque
885 2828 1146 2871 prolificatione,
1157 2834 1224 2871 pro
1245 2840 1315 2872 qua
1337 2839 1396 2861 seu
1420 2829 1486 2861 loco
1508 2829 1582 2871 ejus
1604 2831 1655 2860 est
1675 2827 1750 2859 illis

732 2870 942 2953 prolificatio
963 2872 1168 2914 spiritualis,
1183 2883 1271 2915 quae
1295 2876 1347 2905 est
1366 2872 1494 2904 amoris
1510 2875 1545 2904 et
1563 2869 1751 2914 sapientiae

754 2924 787 2947 n.
830 2923 857 2951 1,
893 2923 910 2947 2
927 2940 934 2947 .

495 2958 625 3006 [(viii.)]
658 2961 758 3002 Quod
765 2921 897 3013 ita-‘’fici‘t
911 2915 993 3002 illis,
1006 2963 1070 3005 qui
1082 2963 1229 2996 veniunt
1239 2964 1278 2996 in
1289 2963 1419 2996 caelum
1431 2974 1449 3002 ,·
1463 2963 1567 2996 aliter
1575 2973 1652 2996 vero
1664 2962 1746 2996 illis-

739 3015 802 3048 qui
818 3016 857 3038 m
873 3007 1055 3049 infernum
1071 3010 1119 3049 (n.
1137 3015 1188 3048 53,
1206 3007 1269 3048 54).
