2014 3386
554 358 622 391 DE
654 356 834 390 AMORE
866 354 1292 398 CONJUGIALI.—-N.
1325 354 1388 398 17.
1665 355 1716 385 21

222 474 438 515 conclavia,
456 479 498 509 et
516 473 593 508 illis
611 483 752 508 omnes
770 471 944 507 honores
962 469 1166 506 civilitatis
1184 469 1391 505 exhiberet
1406 480 1415 509 ;
1441 473 1481 503 et
1498 478 1659 514 quoque
1675 473 1721 502 ut

221 533 384 564 vocaret
400 526 508 562 viros
526 525 763 561 urbanitatis
781 531 822 560 et
842 523 1100 576 affabilitatis,
1120 522 1188 569 qui
1214 522 1303 558 illos
1324 531 1510 558 sermone
1531 520 1722 556 de‘variis

224 581 380 629 gaudiis
397 580 516 626 hujus
532 578 738 614 societatis
756 577 1016 613 oblectarent.

293 642 368 681 1¹7.
401 632 504 673 Cum,
515 632 729 672 redierunt,
743 629 892 666 factum
907 636 968 666 est
981 630 1054 671 ita;
1073 635 1114 664 et
1125 628 1259 664 vocati
1272 639 1322 664 ex
1334 628 1443 669 urbe,
1455 627 1524 674 qui
1537 637 1722 663 sermone

222 687 273 723 de
297 686 416 722 variis
443 685 601 732 gaudiis
626 684 832 720 societatis
858 681 1106 719 oblectarent
1132 682 1230 723 illos,
1249 687 1465 722 venerunt;
1491 688 1532 716 et
1558 680 1599 715 hi
1631 687 1723 726 post

222 740 486 777 salutationes
499 738 742 774 ambulando
756 738 1026 783 loquebantur
1036 736 1256 782 elegantias
1270 746 1361 770 cum
1377 734 1466 770 illis.
1510 733 1588 770 Sed
1603 744 1724 780 ange—

221 794 284 829 lus
301 792 446 829 duCtor
462 793 621 827 illorum
639 791 750 832 dixit,
769 791 877 837 quod
895 791 1035 825 decem
1054 789 1095 824 hi
1113 789 1187 824 viri
1206 788 1364 824 invitati
1382 788 1463 823 sint
1481 787 1520 822 in
1539 787 1617 822 hoc
1635 798 1724 822 cae—

222 847 318 888 lum,
345 853 390 881 ut
418 845 585 881 videant
613 844 760 891 gaudia
792 844 890 890 ejus,
918 850 959 878 et
989 842 1081 878 inde
1111 853 1257 877 novam
1289 842 1419 876 ideam
1450 841 1500 876 de
1529 840 1723 875 felicitate

222 906 386 936 aeterna
402 898 617 944 recipiant;
639 903 659 916 ⁴⁴
672 903 984 933 commemorate
1002 906 1099 942 ergo
1117 895 1250 941 aliqua
1267 895 1317 930 de
1335 894 1491 941 gaudiis
1509 893 1606 939 ejus,
1620 903 1724 939 quae

223 953 402 989 afficiunt
420 963 561 988 sensus
578 951 780 998 corporis;
805 957 947 997 postea
963 949 1121 985 venturi
1143 955 1237 984 sunt
1255 949 1468 995 sapientes,
1486 947 1554 994 qui
1572 957 1724 983 memo-

225 1007 371 1043 rabunt
387 1006 530 1052 aliqua,
550 1016 653 1051 quae
672 1005 739 1040 illa
755 1004 902 1051 gaudia
918 1003 1093 1039 reddunt
1110 1002 1241 1038 fausta
1258 1008 1300 1037 et
1319 1001 1485 1037 felicia.’'

296 1059 373 1095 His
392 1058 541 1094 auditis
561 1057 694 1093 vocati
716 1068 764 1092 ex
785 1057 883 1091 urbe
904 1055 1275 1091 commemorabant
1296 1054 1406 1089 haec.
1457 1057 1478 1071 ‘¹
1492 1053 1589 1098 [(1.)]
1619 1051 1724 1088 Sunt

223 1112 290 1148 hic
308 1112 394 1148 dies
411 1111 643 1147 festivitatis
666 1109 804 1145 indiffl
826 1121 850 1145 a
871 1108 1062 1155 principe,
1080 1114 1126 1143 ut
1146 1107 1269 1143 animi
1290 1107 1517 1142 relaxentur
1536 1117 1560 1141 a
1580 1105 1724 1141 defati-

224 1165 396 1212 gatione,
410 1176 530 1211 quam
549 1164 748 1209 cupiditas
767 1161 1046 1198 aemulationis
1059 1161 1258 1207 aliquibus
1273 1160 1495 1195 induxerat.
1548 1158 1623 1194 His
1641 1158 1725 1194 die-

223 1219 298 1254 bus
316 1225 408 1254 sunt
430 1217 662 1253 harmoniae
684 1217 860 1252 musicae
878 1222 919 1251 et
939 1221 1081 1250 cantus
1100 1214 1139 1249 in
1162 1213 1270 1255 foris,
1283 1220 1325 1249 et
1345 1219 1458 1249 extra
1478 1212 1617 1248 urbem
1639 1211 1725 1247 ludi

225 1278 267 1307 et
285 1270 532 1317 spe&acu1a;
569 1271 608 1305 in
630 1270 726 1306 foris
747 1276 844 1305 tunc
866 1275 959 1305 sunt
980 1269 1160 1304 elevatae
1177 1267 1406 1303 orchestrae
1427 1264 1724 1302 circumductae

225 1324 411 1360 cancellis
432 1324 626 1359 consertis
648 1335 696 1359 ex
713 1323 873 1362 vitibus,
893 1333 914 1358 e
936 1322 1079 1368 quibus
1101 1321 1279 1367 pendent
1299 1320 1416 1360 botri,
1437 1319 1540 1354 intra
1560 1329 1662 1364 quos
1684 1318 1725 1353 in

226 1378 354 1413 tribus
379 1377 669 1413 elevationibus
703 1376 845 1411 sedent
876 1375 1015 1410 musici
1045 1385 1136 1410 cum
1167 1373 1444 1409 instrumentis
1470 1372 1655 1412 chordae,
1684 1378 1725 1406 et

224 1442 315 1467 cum
344 1430 618 1467 instrumentis
644 1430 743 1471 soni,
762 1429 872 1469 vocis
898 1429 1003 1464 altae
1028 1435 1069 1464 et
1093 1428 1204 1464 vocis
1234 1427 1407 1468 humilis,
1428 1437 1475 1462 ac
1494 1426 1606 1462 vocis
1627 1432 1726 1461 stre-

227 1495 329 1519 nuae
355 1490 395 1519 et
419 1484 530 1519 vocis
560 1483 740 1524 blandae,
763 1489 803 1518 et
828 1483 878 1517 ad
904 1482 1030 1517 latera
1055 1487 1149 1517 sunt
1182 1487 1367 1516 cantores
1393 1486 1434 1515 et
1459 1479 1665 1519 cantrices,
1684 1485 1726 1513 et

225 1548 316 1572 cum
341 1536 632 1573 amoenissimis
652 1536 788 1582 jubilis
809 1542 850 1571 et
871 1535 1064 1575 cantibus,
1085 1533 1219 1569 mixtis
1240 1540 1281 1569 et
1301 1533 1408 1574 solis,
1427 1543 1498 1578 per
1519 1532 1727 1567 intervalla

227 1590 360 1636 quoad
388 1590 540 1636 species
561 1589 733 1630 variatis,
755 1588 862 1624 cives
889 1586 1111 1628 oblectanu
1140 1587 1239 1622 haec
1265 1586 1318 1621 ibi
1345 1586 1486 1621 diebus
1512 1585 1589 1621 illis
1615 1584 1726 1620 festi·

225 1643 362 1679 vitatis
387 1654 411 1678 a
435 1653 551 1678 mane
576 1643 626 1678 ad
654 1642 874 1682 meridiem,
889 1648 930 1676 et
951 1647 1043 1687 post
1061 1641 1164 1676 hanc
1185 1640 1234 1675 ad
1253 1650 1472 1685 vesperam,
1496 1638 1726 1684 persistunt.

229 1698 294 1742 (2.)
324 1696 535 1731 Praeterea
560 1695 785 1741 unoquovis
812 1705 928 1730 mane
954 1705 975 1729 e
1002 1693 1188 1729 domibus
1213 1693 1363 1728 circum
1394 1691 1480 1727 fora
1509 1691 1727 1726 audiuntur

228 1749 450 1785 suavissimi
472 1755 614 1784 cantus
626 1748 826 1795 virginum
841 1754 882 1783 et
901 1747 1133 1793 puellarum,
1149 1757 1198 1781 ex
1215 1746 1362 1792 quibus
1375 1751 1463 1780 tota
1480 1745 1573 1780 urbs
1592 1755 1726 1790 perso-

228 1809 297 1837 nat
312 1814 320 1844 :
346 1809 407 1838 est
424 1813 504 1837 una
521 1800 682 1837 affectio
707 1800 855 1837 amoris
874 1799 1101 1846 spiritualis,
1115 1810 1219 1846 quae
1237 1799 1378 1845 quovis
1397 1809 1512 1833 mane
1530 1803 1726 1837 cantatur,

228 1855 306 1891 hoc
323 1862 395 1895 est,
411 1866 482 1900 per
496 1854 815 1890 modificationes
829 1853 939 1889 vocis
957 1863 1128 1888 canorae
1147 1863 1216 1887 seu
1232 1851 1530 1887 modulationes
1549 1856 1726 1890 sonatur,

228 1914 269 1944 et
289 1907 450 1943 affectio
476 1908 544 1943 illa
569 1908 608 1942 in
635 1914 755 1943 cantu
782 1906 999 1953 percipitur
1019 1906 1122 1941 sicut
1145 1906 1231 1951 ipsa
1251 1905 1375 1945 foret;
1402 1904 1532 1939 influit
1554 1903 1594 1938 in
1615 1903 1728 1938 audi-

228 1961 380 1996 entium
418 1961 582 2001 animas,
609 1967 650 1996 et
686 1960 835 1996 excitat
873 1960 960 1995 illas
997 1959 1047 1994 ad
1081 1957 1498 2004 correspondentiam
1537 1956 1628 1991 talis
1663 1963 1727 1991 est

227 2021 369 2050 cantus
394 2014 587 2050 caelestis.
639 2013 789 2049 Dicunt
814 2013 1022 2052 cantrices,
1044 2012 1152 2059 quod
1179 2022 1301 2047 sonus
1327 2017 1470 2046 cantus
1499 2010 1653 2045 illarum
1685 2019 1727 2044 se

228 2067 332 2103 sicut
358 2067 523 2113 inspiret
545 2074 586 2102 et
606 2066 758 2102 animet
779 2077 828 2102 ex
850 2065 1039 2106 interiori,
1063 2072 1103 2100 et
1127 2065 1303 2111 jucunde
1325 2064 1484 2103 exaltet,
1506 2063 1726 2098 secundum

229 2120 498 2166 receptionem
525 2121 574 2155 ab
600 2119 867 2155 audientibus.
913 2119 1003 2154 Hoc
1025 2118 1150 2158 finito,
1172 2118 1414 2153 clauduntur
1438 2116 1635 2151 fenestrae
1656 2115 1729 2150 do-

230 2184 366 2208 muum
385 2173 470 2213 fori,
490 2180 531 2208 et
549 2173 666 2209 simul
689 2173 883 2208 domuum
907 2172 1139 2217 platearum,
1159 2177 1199 2206 et
1216 2181 1377 2216 quoque
1394 2170 1549 2216 januae,
1569 2175 1609 2204 et
1630 2174 1728 2203 tunc

228 2226 317 2262 silet
337 2232 426 2261 tota
446 2226 549 2265 urbs.
571 2237 645 2261 nec
665 2225 776 2260 ullibi
798 2225 961 2260 auditur
980 2225 1143 2264 clamor,
1167 2235 1239 2259 nec
1265 2229 1458 2269 apparent
1478 2221 1728 2268 vagabundi:

229 2289 368 2315 omnes
386 2286 482 2314 tunc
495 2278 661 2314 accincti
680 2279 832 2314 obeunt
850 2277 986 2313 munia
1004 2288 1167 2313 suorum
1183 2276 1418 2311 officiorum.
1463 2275 1527 2320 (3.)
1556 2275 1613 2309 At
1626 2281 1728 2309 tem·-

231 2343 325 2377 pore
352 2331 532 2367 meridiei
560 2331 795 2377 aperiuntur
819 2332 975 2377 januae,
1004 2337 1045 2366 et
1075 2336 1167 2376 post
1195 2329 1402 2365 meridIem
1430 2328 1551 2363 etiam
1581 2327 1727 2362 alicubi

230 2385 437 2426 fenestrae,
467 2391 509 2420 et
539 2383 771 2431 spediantur
799 2384 884 2419 ludi
919 2394 1131 2429 puerorum
1168 2389 1208 2418 et
1242 2382 1462 2428 puellarum
1498 2381 1538 2416 in
1573 2380 1727 2426 plateis,

230 2438 531 2474 moderantibus
558 2438 646 2473 illos
664 2437 835 2472 alumnis
853 2443 894 2472 et
912 2436 1114 2483 magistris
1136 2436 1307 2475 illorum,
1326 2434 1559 2470 sedentibus
1578 2434 1617 2468 in
1638 2444 1727 2479 por-

230 2491 374 2526 ticibus
396 2491 600 2526 domuum.
653 2491 718 2535 (4.)
747 2490 812 2526 Ad
839 2490 964 2525 latera
983 2489 1092 2524 urbis
1114 2489 1153 2524 in
1175 2489 1262 2535 ejus
1287 2487 1488 2528 extremis,
1509 2493 1603 2522 sunt
1628 2485 1727 2521 varii

230 2545 313 2580 ludi
339 2550 551 2591 puerorum
574 2550 615 2579 et
635 2544 958 2580 adolescentum:
984 2550 1078 2578 sunt
1104 2542 1188 2577 ludi
1215 2541 1393 2582 cursorii,
1416 2547 1510 2576 sunt
1530 2539 1613 2575 ludi
1635 2550 1726 2574 cum

231 2597 342 2643 pilis:
376 2604 470 2633 sunt
490 2597 574 2632 ludi
595 2608 685 2632 cum
709 2596 962 2643 pilaminibus
984 2595 1236 2641 repercussis,
1257 2595 1414 2630 rachets
1432 2593 1608 2633 vocatis;
1634 2598 1728 2627 sunt

230 2651 450 2686 certamina
475 2650 710 2696 palaestrica
735 2649 839 2685 inter
865 2660 1020 2695 pueros,
1047 2649 1137 2694 quis
1165 2648 1372 2694 impigrior
1396 2654 1437 2682 et
1462 2646 1552 2692 quis
1578 2645 1729 2691 pigrior

231 2703 445 2748 loquendo.
464 2703 620 2750 agendo
638 2710 679 2738 et
700 2702 979 2749 percipiendo;
1006 2708 1046 2737 et
1067 2712 1139 2747 pro
1162 2701 1457 2747 impigrioribus
1478 2700 1611 2744 aliqua
1632 2697 1728 2732 folia

231 2755 364 2791 laurus
379 2755 418 2790 in
437 2756 655 2801 praemium
670 2767 678 2796 ;
704 2762 860 2801 praeter
874 2755 987 2800 plura
1000 2755 1087 2794 alia,
1103 2765 1204 2800 quae
1222 2760 1315 2789 sunt
1333 2752 1570 2789 excitatoria
1587 2750 1727 2785 habili·

231 2815 359 2843 tatum
374 2808 413 2843 in
428 2808 558 2854 pueris
572 2808 794 2844 latentium.
847 2809 912 2853 (5.)
942 2807 1110 2853 Insuper
1122 2814 1234 2842 extra
1245 2807 1381 2841 urbem
1396 2811 1490 2841 sunt
1503 2803 1729 2850 spectacula

233 2861 517 2896 comoedorum
543 2872 663 2906 super
682 2861 861 2901 theatris,
884 2860 1268 2906 repraesentantium
1290 2859 1418 2894 varias
1438 2858 1544 2893 vitae
1567 2855 1728 2891 moralis

234 2912 466 2948 honestates
483 2919 524 2949 et
540 2914 722 2954 virtutes,
742 2913 847 2949 inter
863 2924 966 2959 quos
987 2913 1107 2948 etiam
1130 2919 1225 2948 sunt
1246 2912 1461 2947 histriones
1483 2916 1647 2956 propter
1667 2918 1727 2944 re·

234 2964 439 3000 lationes.”

307 3017 357 3053 Et
374 3018 571 3064 quaesivit
588 3030 690 3054 unus
708 3030 756 3054 ex
775 3019 924 3059 decem,
944 3022 965 3036 “
978 3016 1084 3065 Quid
1105 3024 1266 3064 propter
1285 3016 1498 3052 relationes
1511 3015 1550 3052 ?''
