2014 3386
345 324 427 378 358
608 309 613 318 ’
785 331 1114 365 VOLUPTATES
1144 331 1390 364 INSANIAE

335 445 637 487 effervescens
665 444 864 495 lascivia,
892 445 929 486 si
962 459 1052 486 non
1084 445 1135 487 fit
1165 459 1225 486 ex
1256 445 1492 499 proposito
1518 450 1594 487 aut
1626 459 1687 486 ex
1717 439 1827 487 con4

334 509 530 557 firmato,
550 515 596 550 et
615 509 651 549 si
671 508 888 549 moechus
907 509 964 550 ab
981 508 1059 550 illa
1075 509 1315 562 resipiscit,
1332 509 1469 550 modo
1484 508 1650 563 aliquid
1664 521 1829 562 paucu-

335 572 429 613 lum
447 572 642 625 derogat
661 572 803 612 amori
820 571 1065 625 conjugiali
1084 585 1093 612 :
1122 571 1254 612 aliter
1275 572 1494 613 scortatio
1512 571 1828 625 polygamica3

334 635 438 676 huic
471 635 589 675 inest
621 648 748 675 amor
779 634 1000 687 analogus
1025 635 1167 675 amori
1193 634 1450 687 conjugiali,
1474 648 1565 675 non
1597 635 1717 675 enim
1748 634 1830 675 de-

333 698 559 746 fervescit,
580 698 837 750 dissipatur,
858 704 904 738 et
922 697 1016 738 abit
1034 697 1079 737 in
1097 696 1285 738 nihilum
1303 704 1408 750 post
1426 696 1829 745 effervescenfiam,

335 762 451 802 sicut
475 762 607 814 prior,
632 761 712 801 sed
736 767 906 809 manet,
925 766 1118 801 renovat
1140 766 1187 801 et
1213 760 1388 801 stabilit
1409 774 1472 809 se,
1497 766 1543 802 et
1566 766 1747 802 tantum
1769 772 1830 800 ex

336 838 491 865 amore
517 824 575 864 ad
602 837 794 865 uxorem
821 824 1038 877 decerpit,
1058 836 1110 864 ac
1138 823 1240 864 loco
1265 822 1359 876 ejus
1386 837 1468 876 pro
1489 837 1631 864 uxore
1657 822 1830 864 inducit

335 888 502 941 frigus;
537 886 716 940 spectat
743 888 863 928 enim
890 893 997 928 tunc
1025 886 1278 927 concubam
1304 887 1590 928 meretricem
1622 892 1672 926 ut
1704 897 1830 926 ama-

337 951 476 992 bilem
503 965 562 992 ex
590 951 733 992 libero
759 950 1011 991 voluntatis
1037 950 1158 1003 quod
1185 950 1344 1003 possit,
1372 950 1408 990 si
1435 949 1575 998 lubet,
1603 948 1831 996 recedere,

337 1015 457 1069 quod
480 1015 674 1055 naturali
699 1014 870 1055 homini
896 1014 1150 1066 ingenitum
1177 1019 1262 1062 est,
1285 1020 1334 1054 et
1360 1014 1464 1067 quia
1488 1012 1575 1054 hoc
1601 1012 1705 1053 inde
1731 1024 1834 1065 gra-

337 1084 435 1118 tum
457 1084 542 1126 est,
562 1090 763 1118 amorem
785 1077 911 1117 illum
934 1076 1155 1127 suffulcit3
1189 1089 1240 1117 ac
1263 1077 1445 1129 insuper
1462 1089 1563 1117 cum
1581 1075 1833 1117 concubina

337 1147 409 1182 est
455 1141 746 1194 propinquior
776 1141 921 1192 unitio
961 1152 1062 1180 cum
1103 1139 1328 1180 illecebris
1360 1152 1494 1193 quam
1526 1152 1626 1180 cum
1658 1152 1801 1180 uxore
1821 1152 1835 1189 ς.

338 1210 387 1246 at
404 1205 602 1245 vicissim
621 1217 811 1244 uxorem
830 1217 920 1244 non
940 1201 1118 1257 spectat
1137 1202 1378 1244 amabilem
1396 1217 1455 1244 ex
1473 1202 1632 1243 debito
1649 1201 1833 1243 cohabi-

338 1268 527 1309 tationis
550 1280 651 1308 cum
677 1267 755 1307 illa
780 1265 980 1319 injuncto
1006 1280 1085 1319 per
1110 1266 1269 1307 foedus
1292 1266 1430 1314 vitae,
1455 1266 1575 1319 quod
1601 1272 1708 1306 tunc
1735 1278 1836 1318 per-

339 1332 450 1384 cipit
482 1337 532 1371 ut
564 1329 774 1371 coactum
806 1330 907 1383 plus
939 1344 999 1370 ex
1032 1329 1174 1370 libero
1205 1341 1308 1370 cum
1339 1328 1516 1380 altera;
1558 1328 1678 1382 quod
1710 1340 1840 1376 amor

339 1408 422 1448 pro
464 1393 657 1446 conjuge
697 1394 792 1447 pari
830 1393 976 1446 gradu
1016 1393 1246 1446 frigescat,
1285 1398 1332 1433 et
1372 1392 1470 1445 ipsa
1509 1391 1716 1439 vilescat,
1749 1404 1839 1444 quo

342 1471 470 1498 amor
487 1471 570 1510 pro
587 1470 676 1497 una
690 1456 883 1497 moecha
899 1455 1100 1504 calescit,
1115 1462 1161 1497 et
1179 1455 1290 1496 haec
1309 1455 1353 1496 in
1373 1455 1518 1508 pretio
1536 1461 1621 1503 est,
1638 1459 1836 1495 constat.

343 1520 479 1574 Quod
506 1520 696 1561 alterum
722 1521 907 1568 attinet,
933 1519 1055 1573 quod
1082 1518 1412 1560 concubinatus
1438 1517 1734 1558 simultaneus
1759 1529 1839 1557 seu

343 1582 609 1636 conjunctus
641 1596 744 1623 cum
775 1597 918 1623 uxore
950 1583 1159 1635 deprivet
1192 1582 1336 1622 virum
1368 1581 1492 1622 omni
1527 1579 1746 1621 facultate
1790 1585 1839 1620 et

342 1647 639 1687 inclinatione
681 1646 737 1686 ad
777 1646 920 1687 vitam
961 1644 1280 1698 conjugialem‚
1314 1658 1428 1698 quae
1469 1643 1738 1685 Christianis
1777 1655 1839 1683 ex

342 1711 587 1751 nativitate
634 1710 768 1758 inest,
810 1709 951 1750 videri
998 1715 1153 1762 potest
1200 1722 1260 1748 ex
1306 1707 1401 1748 his:
1451 1706 1571 1760 quod
1617 1711 1839 1759 quantum

342 1787 470 1814 amor
488 1774 545 1814 ad
568 1772 809 1825 conjugem
828 1772 1141 1813 transcribitur
1161 1772 1205 1812 in
1224 1783 1423 1812 amorem
1442 1769 1499 1810 ad
1522 1768 1835 1816 concubinam,

342 1843 524 1878 tantum
542 1837 827 1889 decerpatur,
848 1835 1129 1884 exancletur,
1149 1841 1195 1875 et
1218 1834 1506 1875 exinaniatur
1526 1832 1602 1872 ille
1625 1845 1706 1884 pro
1727 1843 1836 1871 con·

338 1899 461 1953 juge,
481 1907 530 1940 ut
554 1913 671 1940 nunc
696 1913 829 1952 supra
847 1906 1080 1940 ostensum
1104 1904 1200 1948 est;
1234 1897 1354 1951 quod
1380 1896 1466 1937 hoc
1489 1895 1566 1936 fiat
1589 1908 1668 1948 per
1685 1893 1839 1935 occlu-

342 1964 519 2004 sionem
551 1963 815 2003 interiorum
848 1962 1014 2002 mentis
1046 1960 1263 2002 naturalis
1309 1959 1416 2012 ejus,
1449 1965 1496 2000 et
1540 1957 1840 1998 reclusionem

343 2026 602 2067 inferiorum
634 2023 741 2076 ejus,
775 2031 987 2065 constare
1020 2029 1176 2077 potest
1208 2037 1267 2063 ex
1304 2022 1413 2062 sede
1444 2019 1750 2062 inclinationis
1780 2018 1838 2059 ad

344 2089 591 2130 amandum
617 2101 752 2128 unam
779 2102 802 2128 e
829 2101 943 2128 sexu
968 2087 1087 2140 apud
1115 2086 1410 2132 Christianos,
1434 2083 1554 2137 quod
1581 2083 1638 2124 sit
1663 2083 1707 2124 in
1733 2083 1839 2124 inti-

346 2153 431 2193 mis
463 2151 570 2204 ejus,
605 2157 650 2192 et
691 2151 812 2204 quod
843 2150 957 2191 haec
998 2150 1130 2191 sedes
1165 2147 1407 2189 intercludi
1439 2147 1598 2200 possit,
1626 2145 1707 2186 sed
1747 2158 1841 2187 non

344 2215 614 2267 exstirpari:
648 2214 770 2268 quod
796 2213 1032 2254 inclinatio
1058 2212 1114 2253 ad
1136 2211 1381 2253 amandum
1409 2222 1543 2250 unam
1576 2223 1599 2250 e
1630 2222 1761 2257 sexu,
1788 2215 1836 2250 et

347 2292 526 2333 quoque
552 2277 745 2318 facultas
771 2277 828 2317 ad
854 2275 1158 2329 recipiendum
1184 2274 1309 2316 illum
1332 2286 1548 2322 amorem,
1571 2271 1843 2314 Christianis

347 2357 374 2385 a
399 2342 643 2383 nativitate
669 2339 944 2393 implantata
969 2340 1042 2388 sit,
1066 2345 1137 2379 est
1163 2351 1311 2386 causa,
1336 2338 1438 2390 quia
1464 2335 1540 2377 ille
1565 2348 1692 2376 amor
1716 2340 1787 2376 est
1813 2348 1840 2375 a

345 2405 446 2446 solo
474 2405 688 2450 Domino,
717 2409 764 2444 et
796 2401 938 2444 factus
964 2408 1035 2443 est
1061 2401 1307 2454 religionis,
1335 2406 1382 2440 et
1414 2400 1457 2440 in
1491 2398 1841 2440 christianismo

348 2469 564 2510 Divinum
597 2467 781 2508 Domini
812 2465 1076 2519 agnoscitur
1106 2459 1153 2504 et
1190 2463 1367 2510 colitur,
1401 2475 1452 2503 ac
1484 2460 1645 2514 religio
1675 2467 1747 2503 est
1778 2474 1838 2502 ex

347 2530 506 2571 Verbo
529 2530 674 2582 Ipsius
698 2543 706 2579 ;
740 2529 844 2569 inde
867 2534 937 2568 est
955 2527 1108 2568 insitio
1129 2525 1236 2579 ejus,
1261 2532 1307 2567 et
1331 2538 1507 2578 quoque
1530 2523 1842 2576 transplanta-

348 2595 416 2635 tio
438 2593 531 2646 ejus
557 2606 583 2633 a
605 2592 900 2645 generatione
923 2591 966 2631 in
989 2589 1347 2643 generationem.
1410 2585 1591 2628 Dictum
1615 2593 1700 2634 est,
1720 2585 1840 2639 quod

349 2655 606 2709 conjugiale
637 2654 746 2695 illud
780 2653 1087 2695 Christianum
1120 2665 1198 2704 per
1229 2651 1556 2691 scortationem
1583 2648 1845 2702 polygami-

350 2733 451 2761 cam
466 2724 623 2773 pereat
639 2731 649 2768 ;
677 2717 756 2758 sed
770 2716 1051 2770 intelligitur,
1068 2714 1189 2769 quod
1207 2714 1324 2767 apud
1344 2714 1638 2767 polygamum
1652 2711 1844 2753 Christi-

351 2795 487 2824 anum
519 2780 785 2823 occludatur
815 2786 862 2820 et
894 2779 1218 2831 intercipiatur,
1247 2777 1327 2818 sed
1359 2790 1499 2830 usque
1529 2773 1846 2816 resuscitabile

353 2852 424 2886 est
456 2846 499 2885 in
525 2843 618 2896 ejus
644 2843 854 2896 posteris,
879 2843 995 2882 sicut
1022 2840 1071 2881 fit
1097 2852 1200 2881 curn
1223 2839 1520 2880 similitudine
1547 2838 1616 2878 avi
1647 2843 1695 2878 et
1725 2836 1847 2877 atavi

351 2909 573 2949 redeunte
604 2907 648 2946 in
681 2911 849 2958 nepote
881 2911 928 2946 et
961 2909 1246 2957 pronepote:
1293 2902 1398 2942 inde
1429 2907 1500 2942 est
1532 2900 1652 2954 quod
1684 2898 1842 2951 conju-

353 2971 474 3024 giale
511 2969 622 3010 illud
654 2969 830 3009 dicatur
861 2966 1089 3008 cimelium
1121 2965 1244 3005 vitae
1277 2964 1589 3014 Christianae;
1631 2969 1679 3003 et
1714 2974 1848 3015 supra
