2014 3386
327 370 381 412 82
790 379 1035 413 DELICIAE
1065 379 1369 413 SAPIENTIAE

577 493 632 539 (i.)
662 493 778 541 Quod
796 494 932 529 bonum
956 498 994 529 et
1019 505 1158 530 verum
1178 495 1260 530 sint
1278 494 1522 530 universalia
1546 496 1764 535 creationis,
1785 498 1823 531 et

752 541 843 576 inde
858 543 902 576 in
915 542 1086 577 omnibus
1097 544 1239 577 creatis
1249 555 1265 584 ‚·
1288 543 1356 577 sed
1364 543 1467 588 quod
1475 544 1518 577 in
1529 543 1704 589 subjectis
1715 554 1822 578 crea-

751 590 804 623 tis
820 590 902 623 sint
916 590 1120 624 secundum
1136 590 1309 635 cujusvis
1314 591 1506 636 sormam.

557 634 630 680 (ii.)
658 635 773 682 Quod
797 647 871 670 non
896 636 1011 671 detur
1034 637 1168 671 bonum
1187 637 1421 677 solitarium,
1439 648 1506 671 nec
1528 648 1665 672 verum
1688 637 1823 672 solita—

750 684 868 724 rium,
885 683 953 718 sed
965 684 1068 728 quod
1080 684 1208 718 ubivis
1223 685 1420 730 conjunda
1437 686 1529 720 sint.

545 728 632 775 (iii.)
660 729 775 776 Quod
782 731 896 766 detur
906 741 1040 765 verum
1057 731 1148 766 boni
1159 735 1197 766 et
1215 742 1263 766 ex
1275 731 1342 766 hoc
1357 732 1490 766 bonum
1504 732 1600 771 veri.
1613 742 1677 766 seu
1689 742 1822 766 verum

751 789 800 812 ex
815 778 904 813 bono
919 788 966 812 ac
984 779 1118 812 bonum
1136 789 1184 813 ex
1207 778 1273 813 illo
1291 789 1391 818 vero,
1408 782 1444 812 et
1467 779 1571 823 quod
1583 779 1666 813 illis
1681 779 1823 813 duobus

751 837 776 860 a
797 826 988 859 creatione
1006 826 1128 860 insita
1145 827 1198 860 sit
1216 825 1421 860 inclinatio
1440 826 1497 860 ad
1515 826 1822 873 conjungendum

752 883 791 907 se
804 883 846 907 zn
863 883 994 907 unum.

549 917 633 964 (ἰν.)
662 918 776 965 Quod
788 921 832 954 in
843 920 1016 965 subsellis
1026 920 1145 966 regni
1157 920 1345 954 animalis
1357 931 1491 954 verum
1508 919 1601 954 boni
1608 931 1674 955 seu
1686 931 1821 955 verum

750 978 799 1002 ex
814 966 905 1001 bono
919 968 973 1001 sit
989 967 1255 1007 masculinum,
1273 971 1310 1002 et
1325 967 1428 1012 quod
1440 978 1488 1002 ex
1505 968 1571 1002 illo
1586 968 1720 1003 bonum
1737 970 1828 1003 veri

750 1025 816 1049 seu
832 1014 965 1048 bonum
983 1026 1031 1048 ex
1047 1014 1115 1049 illo
1131 1025 1221 1048 vero
1236 1016 1290 1048 sit
1294 1015 1553 1060 femininum.

565 1062 633 1106 (v.)
662 1060 775 1107 Quod
794 1071 843 1096 ex
867 1062 1026 1106 influxu
1042 1062 1222 1107 conjugii
1241 1062 1332 1096 boni
1351 1065 1388 1096 et
1413 1063 1503 1096 veri
1522 1073 1547 1096 a
1576 1062 1753 1103 Domino,
1769 1064 1823 1097 sit

752 1119 864 1143 amor
878 1119 1000 1149 sexus,
1018 1112 1054 1143 et
1066 1109 1169 1153 quod
1181 1110 1234 1142 sit
1249 1120 1360 1143 amor
1375 1109 1619 1155 conjugialtk.

549 1154 631 1200 (vi.)
662 1155 775 1201 Quod
786 1167 896 1190 amor
910 1167 1022 1190 sexus
1040 1157 1093 1190 sit
1118 1157 1276 1190 externi
1295 1167 1361 1190 seu
1377 1156 1576 1190 naturalis
1591 1155 1770 1197 hominis,
1787 1161 1823 1192 et

752 1203 856 1248 quod
871 1203 961 1237 inde
977 1203 1044 1237 ille
1058 1203 1112 1237 sit
1127 1205 1337 1237 communis
1352 1204 1462 1237 omni
1475 1204 1654 1239 animali.

534 1249 631 1295 (vii.)
661 1249 740 1284 Sed
751 1250 855 1295 quod
867 1261 978 1284 amor
993 1251 1227 1296 cony'ugt‘alzZi·
1253 1252 1308 1285 sit
1327 1251 1482 1284 interni
1505 1261 1571 1284 seu
1597 1251 1823 1296 spiritualis

750 1297 930 1337 hominis,
949 1301 986 1332 et
1001 1297 1104 1342 quod
1117 1298 1208 1332 inde
1223 1297 1288 1332 hic
1303 1299 1356 1332 sit
1364 1299 1556 1342 proprius
1568 1297 1727 1334 homini.

517 1342 630 1389 (viii.)
659 1344 774 1390 Quod
793 1345 903 1390 apud
923 1344 1112 1379 bominem
1137 1356 1248 1379 amor
1275 1345 1511 1390 conjugialzls·
1537 1346 1591 1380 sit
1622 1346 1666 1380 in
1693 1356 1824 1381 amore

750 1402 863 1426 sexus
878 1393 980 1426 sicut
987 1403 1145 1438 gemma
1164 1394 1208 1426 in
1225 1403 1295 1426 sua
1313 1393 1488 1427 matrice.

550 1437 632 1483 (ix.)
662 1438 776 1485 Quod
788 1450 898 1473 amor
913 1450 1025 1474 sexus
1041 1438 1151 1484 apud
1163 1439 1353 1474 hominem
1372 1450 1446 1474 non
1470 1440 1524 1474 sit
1547 1440 1656 1485 origo
1675 1442 1822 1475 amoris

756 1488 843 1533 conj
845 1487 1001 1533 ugz‘alz‘s,
1022 1487 1090 1522 sed
1104 1488 1208 1532 quod
1219 1489 1272 1522 sit
1281 1489 1460 1533 primum
1477 1489 1570 1534 ejus,
1584 1489 1644 1522 ita
1661 1489 1762 1523 sicut
1776 1492 1831 1523 est

756 1538 959 1569 externum
976 1535 1160 1570 naturale
1172 1537 1240 1570 cui
1255 1536 1521 1581 implantatur
1536 1537 1734 1570 internum
1748 1538 1829 1582 spi-

755 1581 911 1617 rituali.

555 1627 623 1674 (x.)
660 1628 776 1675 Quod
780 1629 871 1663 dum
886 1640 996 1664 amor
1004 1629 1241 1676 conjugialis
1252 1629 1512 1675 implantatus
1522 1632 1585 1670 est,
1597 1640 1710 1665 amor
1715 1640 1828 1664 sexus

757 1677 934 1711 invertat
948 1688 995 1717 se,
1013 1681 1050 1711 et
1055 1677 1137 1718 fiat
1152 1688 1264 1711 amor
1278 1688 1391 1711 sexus
1410 1681 1548 1712 castus.

543 1722 626 1768 (xi.)
663 1723 779 1769 Quod
786 1734 870 1758 mas
881 1727 917 1758 et
922 1724 1082 1770 femina
1096 1725 1223 1759 creati
1234 1725 1324 1765 sint,
1338 1728 1383 1759 ut
1397 1726 1478 1759 sint
1495 1725 1580 1770 egosa
1586 1724 1728 1771 forma
1741 1734 1827 1759 con-

746 1771 870 1817 jugii
886 1770 976 1805 boni
988 1774 1025 1805 et
1040 1773 1137 1806 veri.
1829 1791 1833 1795 Α

526 1817 625 1863 (xii.)
661 1817 776 1864 Quod
786 1819 867 1852 sint
885 1818 957 1852 illa
964 1818 1104 1863 forma
1123 1819 1165 1852 in
1182 1819 1338 1853 intimis
1348 1819 1440 1858 suis,
1454 1822 1492 1853 et
1507 1817 1598 1853 inde
1613 1819 1656 1852 in
1671 1828 1825 1863 sequen-

754 1865 858 1901 tibus
872 1876 920 1900 cx
935 1865 1026 1905 illis,
1039 1866 1140 1900 sicut
1152 1866 1342 1901 interiora
1355 1867 1493 1901 mentis
1509 1865 1667 1901 illorum
1684 1867 1824 1911 aperta

754 1916 857 1950 sunt.

411 2005 508 2059 84·
548 2002 615 2058 (i.)
652 2003 782 2055 Quod
801 2004 957 2047 bonum
980 2011 1023 2047 et
1045 2019 1200 2047 verum
1224 2004 1317 2046 sint
1341 2005 1616 2047 universalia
1636 2005 1822 2048 creatio-

328 2066 412 2117 nis,
435 2074 478 2108 et
500 2067 604 2108 inde
623 2067 669 2109 in
689 2069 891 2110 omnibus
911 2069 1073 2110 creatis
1082 2083 1104 2117 ‚·
1133 2069 1217 2110 sed
1231 2069 1351 2123 quod
1369 2069 1415 2110 in
1437 2068 1641 2124 subjectis
1661 2070 1823 2111 creatis·

315 2130 421 2172 *sint
449 2130 682 2172 secundum
711 2132 905 2187 cujusvis
924 2131 1338 2185 sormam—Quod
1369 2132 1540 2174 bonum
1575 2139 1623 2174 et
1666 2146 1821 2174 verum

329 2195 419 2235 sint
442 2194 711 2235 universalia
729 2196 985 2245 creationis,
1005 2202 1075 2237 est
1097 2196 1201 2249 quia
1221 2195 1299 2237 illa
1317 2196 1407 2237 duo
1425 2202 1531 2237 sunt
1557 2197 1601 2237 in
1624 2195 1824 2239 Domino

330 2257 430 2298 Deo
462 2256 692 2307 creatore,
720 2259 860 2300 immo
892 2265 998 2300 sunt
1031 2259 1149 2312 Ipse,
1177 2266 1249 2301 est
1280 2261 1400 2301 enim
1432 2261 1577 2313 ipsum
1609 2260 1821 2320 Divinum

329 2320 506 2362 Bonum
532 2326 579 2361 et
605 2321 752 2374 ipsum
775 2322 989 2363 Divinum
1012 2321 1210 2374 Verum;
1243 2323 1324 2363 sed
1350 2322 1538 2364 lucidius
1563 2323 1607 2363 in
1634 2335 1822 2376 percep-

328 2384 501 2425 tionem
523 2383 783 2425 intellefftus
805 2391 852 2426 et
877 2386 941 2426 sic
967 2386 1011 2426 in
1033 2386 1182 2427 ideam
1205 2386 1498 2439 cogitationis
1520 2385 1656 2434 cadit,
1681 2385 1717 2426 si
1742 2398 1824 2438 pro

329 2447 451 2488 bono
473 2447 650 2488 dicatur
675 2461 816 2497 amor,
836 2455 883 2490 et
913 2462 994 2501 pro
1016 2463 1124 2490 vero
1142 2450 1317 2491 dicatur
1335 2449 1583 2502 sapientia;
1617 2448 1821 2502 proinde,

328 2510 450 2564 quod
472 2510 516 2551 in
540 2510 739 2552 Domino
762 2511 863 2552 Deo
885 2511 1103 2553 Creatore
1126 2512 1184 2553 sit
1208 2512 1398 2553 Divinus
1420 2511 1568 2552 Amor
1588 2518 1635 2552 et
1650 2511 1824 2552 Divina

330 2573 579 2627 Sapientia,
607 2580 655 2615 et
686 2574 807 2627 quod
839 2574 952 2616 haec
985 2575 1076 2616 sint
1109 2575 1225 2629 Ipse,
1253 2575 1341 2616 hoc
1373 2581 1459 2623 est,
1487 2574 1608 2628 quod
1641 2574 1699 2615 sit
1728 2575 1824 2627 ipse

329 2636 477 2678 Amor
507 2643 554 2678 et
586 2637 682 2690 ipsa
713 2636 976 2690 Sapientia;
1017 2638 1129 2679 haec
1162 2639 1251 2679 duo
1283 2639 1402 2679 enim
1434 2644 1538 2678 sunt
1569 2637 1689 2679 idem
1721 2651 1822 2680 cum

330 2700 460 2742 Bono
482 2706 530 2741 et
552 2699 676 2741 Vero
696 2713 705 2750 ;
738 2713 873 2741 causa
889 2706 972 2749 est,
992 2702 1095 2754 quia
1116 2701 1286 2742 bonum
1308 2707 1378 2742 est
1400 2701 1579 2750 amoris,
1599 2707 1645 2742 et
1666 2713 1823 2742 verum

329 2770 399 2805 est
425 2763 691 2816 sapientiae,
719 2775 845 2803 amor
870 2764 989 2804 enim
1016 2764 1227 2805 consistit
1259 2778 1318 2804 ex
1350 2763 1494 2812 bonis,
1522 2770 1570 2805 et
1601 2764 1825 2818 sapientia

330 2841 390 2868 ex
416 2826 545 2867 veris.
607 2824 833 2879 Quoniam
856 2825 969 2867 haec
996 2826 1086 2867 duo
1112 2832 1159 2867 et
1185 2826 1265 2868 illa
1289 2827 1378 2867 duo
1400 2839 1537 2868 unum
1559 2827 1680 2868 idem
1702 2834 1822 2875 sunt,

331 2890 374 2930 in
400 2889 693 2942 sequentibus
719 2902 836 2930 nunc
863 2889 976 2930 haee
1003 2902 1124 2931 nunc
1154 2890 1233 2930 illa
1258 2889 1478 2938 dicentur,
1506 2903 1559 2931 ac
1591 2904 1670 2944 per
1700 2896 1822 2931 utra-

331 2966 417 3005 que
438 2951 583 2993 simile
605 2950 906 3005 intelligitu'r.'
951 2952 1053 2993 Hoc
1076 2952 1452 3006 praeliminariter
1473 2953 1544 2994 hic
1567 2954 1742 3001 dicitur,
1767 2965 1823 2994 ne

332 3013 590 3057 intellectus
611 3015 656 3056 in
679 3015 987 3069 sequentibus,
1007 3016 1081 3057 ubi
1103 3016 1328 3066 dicuntur,
1347 3015 1572 3057 diversum
1591 3016 1822 3070 percipiat.
