2014 3386
507 332 574 365 DE
605 331 784 364 AMORE
817 331 1294 365 SCORTATORIO.—N.
1326 334 1417 378 513.
1622 339 1701 381 393

207 451 255 488 et
278 444 611 488 transferuntur
635 446 680 487 in
703 459 960 497 cavernam,
984 446 1059 488 ubi
1083 446 1141 488 ad
1167 447 1351 501 aliquod
1374 461 1487 501 opus
1510 448 1703 502 adigun—

207 516 306 560 tur;
340 509 421 551 sed
443 510 546 564 quia
567 509 855 563 graveolent,
879 524 939 552 ex
966 524 1021 552 eo
1047 511 1168 565 quod
1191 510 1461 564 conjugiake,
1485 512 1606 565 quod
1633 519 1705 554 est

208 572 436 614 cimelium
454 573 576 614 vitae
593 573 835 622 humanae,
855 574 1166 627 disperserint,
1186 575 1493 616 amandantur
1510 575 1568 616 ad
1592 575 1704 616 fines

208 636 374 690 plagae
396 636 725 688 occidentalis;
759 638 833 678 ubi
855 637 913 678 ad
936 637 1164 691 quandam
1188 638 1455 689 distantiam
1479 644 1704 692 apparent

208 700 441 743 macilenti
472 700 588 741 sicut
618 707 891 742 constantes
922 701 1100 742 ossibus
1131 700 1230 742 sola
1262 707 1367 742 cute
1399 700 1622 750 obductis,
1656 708 1705 743 at

207 778 232 805 e
258 763 510 818 longinquo
532 764 650 806 sicut
677 764 943 818 pantherae.
1006 763 1118 806 Cum
1141 764 1300 806 datum
1325 771 1397 806 est
1423 765 1578 806 videre
1601 765 1706 806 illos

207 828 406 881 propius,
434 828 624 870 miratus
654 841 754 868 sum
786 828 908 882 quod
939 828 1075 882 aliqui
1107 842 1166 869 ex
1198 827 1287 869 illis
1319 834 1533 869 tenerent
1566 828 1706 870 libros

207 891 498 940 inmanibus,
523 905 575 932 ac
603 891 840 944 legerent3
874 898 921 933 et
947 890 1118 933 dictum
1140 898 1227 940 est,
1247 892 1369 945 quod
1395 892 1482 932 hoc
1509 893 1583 941 sit,
1603 892 1708 946 quia

207 956 253 997 in
275 955 445 996 mundo
467 955 607 996 locuti
631 955 810 996 fuerunt
829 956 955 996 varia
980 955 1036 997 de
1063 955 1371 1009 spiritualibus
1394 955 1630 1004 ecclesiae,
1659 962 1707 997 et

208 1027 367 1061 tamen
392 1018 470 1060 illa
496 1032 576 1071 per
600 1018 840 1068 adulteria,
869 1033 1010 1073 usque
1036 1019 1094 1059 ad
1125 1019 1227 1059 illas
1254 1020 1577 1060 extremitates
1603 1019 1706 1060 illo-

207 1096 321 1132 rum,
349 1088 783 1136 conspurcaverunt,
811 1088 858 1123 et
884 1082 1006 1136 quod
1032 1081 1292 1136 talis'hujus
1326 1082 1526 1123 libidinis
1553 1096 1706 1124 corre-

209 1146 486 1201 spondentia
510 1151 633 1187 esset
666 1158 768 1186 cum
793 1145 1046 1187 violatione
1071 1145 1269 1199 conjugii
1295 1146 1555 1199 spiritualis.
1617 1145 1708 1187 Sed

210 1211 393 1259 sciatur,
417 1209 539 1263 quod
570 1209 658 1250 rari
689 1209 796 1258 sint,
821 1209 895 1263 qui
926 1209 972 1250 in
1003 1209 1088 1251 hac
1121 1209 1309 1250 libidine
1335 1215 1456 1250 sunt.
1518 1208 1708 1251 Certum

209 1279 293 1322 est,
313 1273 434 1327 quod
455 1272 663 1321 feminae,
684 1273 787 1326 quia
810 1286 901 1313 non
924 1273 1058 1314 decet
1081 1272 1182 1314 illas
1200 1273 1469 1326 prostituere
1488 1285 1708 1321 amorem,

209 1336 403 1378 subinde
439 1342 712 1390 repugnent,
752 1342 799 1377 et
838 1336 960 1389 quod
1001 1335 1308 1389 repugnantia
1348 1336 1584 1388 evigoret;
1627 1334 1710 1377 sed

210 1413 351 1454 usque
376 1399 464 1442 hoc
492 1413 584 1441 non
609 1406 682 1442 est
707 1413 767 1441 ex
792 1399 943 1454 aliqua
969 1399 1155 1441 libidine
1180 1399 1459 1441 violationis.

849 1707 1043 1764 [XXV.]

422 1837 499 1879 DE
531 1836 773 1879 LIBIDINE
805 1845 1097 1879 SEDUCENDI
1130 1836 1499 1878 INNOCENTIAS.

294 1971 423 2017 513.
463 1961 630 2003 Libido
675 1961 922 2003 seducendi
967 1960 1272 2010 innocentias,
1313 1973 1404 2001 non
1450 1965 1522 2001 est
1568 1959 1711 2002 libido

189 2025 539 2075 deflorationis,
572 2038 656 2066 nec
688 2024 829 2066 libido
860 2023 1138 2072 violationis,
1172 2024 1254 2064 sed
1285 2030 1357 2064 est
1390 2023 1631 2077 peculiaris
1662 2029 1711 2065 et

211 2089 453 2143 singularis
476 2102 555 2143 per
576 2102 652 2139 se;
684 2088 819 2130 datur
835 2088 1054 2142 imprimis
1072 2087 1191 2141 apud
1210 2087 1412 2128 dolosos.
1474 2087 1708 2136 Feminae,

211 2166 326 2206 quae
348 2159 572 2206 apparent
597 2151 686 2193 illis
713 2158 763 2193 ut
790 2152 1096 2200 innocentiae,
1121 2157 1228 2192 sunt
1253 2164 1368 2204 quae
1391 2150 1561 2191 malum
1585 2164 1710 2191 scor-

212 2215 404 2257 tationis
436 2221 486 2256 ut
517 2228 703 2256 enorme
730 2221 972 2269 peccatum
998 2221 1228 2268 reputant,
1256 2221 1302 2255 et
1334 2228 1449 2268 quae
1481 2214 1543 2254 sic
1570 2213 1710 2254 casti-

212 2279 302 2320 tati
332 2285 379 2320 et
411 2278 545 2319 simul
577 2279 740 2332 pietati
766 2279 983 2330 student;
1026 2279 1083 2319 ad
1116 2278 1199 2319 has
1231 2278 1408 2318 ardent.
1472 2277 1523 2317 In
1556 2277 1710 2329 regnis

212 2341 448 2394 religionis
463 2341 731 2384 Catholicae
750 2348 854 2383 sunt
877 2342 1073 2395 virgines
1092 2341 1468 2382 monasteriales:
1503 2341 1606 2393 quia
1627 2340 1711 2380 has

213 2405 404 2446 credunt
433 2418 540 2458 prae
566 2405 776 2447 omnibus
801 2405 983 2459 reliquis
1014 2405 1110 2459 pias
1136 2404 1441 2452 innocentias,
1469 2402 1552 2443 has
1579 2416 1710 2456 spec·

214 2475 318 2511 tant
336 2475 384 2510 ut
404 2469 604 2510 libidinis
622 2482 728 2510 suae
747 2469 961 2522 cupedias
980 2475 1026 2509 et
1050 2468 1269 2510 lautitias.
1325 2467 1392 2508 Ut
1411 2466 1493 2508 has
1511 2473 1589 2507 aut
1608 2466 1711 2507 illas

214 2532 451 2581 seducant,
484 2532 587 2586 quia
622 2531 771 2573 dolosi
802 2538 922 2581 sunt,
957 2532 1149 2585 primum
1182 2531 1456 2583 excogitant
1489 2535 1628 2577 artes,
1662 2534 1711 2571 et

214 2596 334 2645 dein,
352 2602 594 2650 postquam
610 2594 698 2636 illis
715 2595 899 2648 genium
917 2608 1046 2636 suum
1061 2595 1332 2642 imbuerant,
1349 2593 1520 2646 absque
1538 2599 1711 2634 retrac-

213 2661 340 2702 tione
362 2673 388 2700 a
411 2659 581 2713 pudore
604 2659 719 2700 sicut
741 2673 767 2700 a
789 2665 951 2700 natura
973 2658 1074 2699 illas
1096 2663 1331 2699 exercent.
1392 2656 1535 2697 Artes
1558 2655 1711 2709 impri-

215 2724 301 2765 mis
342 2727 448 2764 sunt
489 2721 802 2763 simulationes
834 2722 1142 2770 innocentiae,
1175 2721 1357 2768 amoris,
1391 2719 1622 2761 castitatis
1664 2723 1712 2759 et

215 2787 427 2841 pietatis:
462 2798 541 2839 per
562 2784 644 2826 has
666 2791 714 2827 et
736 2798 815 2838 per
835 2785 948 2827 alias
971 2785 1165 2826 astutias
1182 2784 1357 2825 intrant
1379 2783 1422 2824 in
1446 2782 1710 2823 interiorem

216 2849 465 2891 amicitiam
491 2847 684 2897 illarum,
712 2855 758 2890 ct
785 2849 890 2890 inde
916 2850 960 2890 in
987 2861 1205 2896 amorem,
1234 2854 1280 2888 et
1313 2847 1430 2887 hunc
1459 2860 1537 2899 per
1563 2845 1712 2885 varias

216 2913 534 2967 persuasiones
561 2917 607 2953 et
634 2911 766 2953 simul
791 2912 1121 2954 insinuationes
1147 2925 1173 2952 a
1199 2909 1422 2964 spirituali
1449 2914 1635 2950 vertunt
1667 2908 1712 2950 in

218 2975 487 3027 naturalem,
507 2989 559 3017 ac
581 2981 745 3028 postea
766 2989 846 3029 per
862 2975 1140 3017 irritationes
1161 2975 1205 3015 in
1223 2986 1442 3027 corporeo
1464 2970 1710 3019 carnalem.
