2014 3386
573 322 641 355 DE
673 321 854 355 AMORE
885 293 1322 364 CONJUGIAL1.—-N.'
1349 323 1411 354 12.
1691 322 1742 366 17

239 437 391 474 bonum
416 439 533 483 opus,
547 436 738 483 quoniam
765 435 939 472 charitas
965 442 1027 471 est
1054 446 1178 476 amor,
1201 435 1301 471 fides
1326 441 1388 471 est
1412 434 1560 471 veritas
1589 445 1639 471 ex
1665 446 1746 482 qua

238 490 444 537 sapientia,
457 497 499 526 et
515 491 664 525 bonurn
683 500 785 535 opus
803 496 864 525 est
882 500 997 530 usus;
1024 495 1230 535 praeterea
1248 489 1287 523 in
1306 489 1458 524 mundo
1476 495 1615 536 nostro
1629 489 1743 534 spiri-

238 544 338 580 tuali
358 550 453 580 sunt
473 543 562 578 loca
582 543 687 578 sicut
708 542 748 577 in
771 542 921 578 mundo
943 542 1134 584 naturam
1160 541 1310 588 alioqui
1332 552 1412 577 non
1435 541 1567 577 forent
1588 541 1745 577 habita-

238 597 370 634 tiones
388 602 430 632 et
447 594 660 632 distinetae
675 595 902 631 mansiones
917 607 925 636 ;
949 601 990 630 at
1009 606 1137 641 usque
1155 595 1266 630 locus
1285 595 1338 630 ibi
1357 605 1438 630 non
1456 601 1517 630 est
1534 594 1656 635 loeus,
1672 594 1742 630 sed

238 656 302 687 est
318 649 552 696 apparentia
564 649 641 684 loci
660 648 880 684 secundum
894 655 1043 684 statum
1058 648 1206 684 amoris
1223 654 1264 683 et
1281 647 1513 694 sapientiae,
1528 659 1597 683 seu
1616 647 1743 683 chari-

238 703 334 739 tatis
355 710 396 739 et
422 702 527 738 fidei.
578 701 732 742 Omnis,
751 701 819 747 qui
846 701 891 736 fit
911 701 1087 748 angelus,
1107 701 1215 736 intus
1237 701 1277 736 in
1303 712 1346 736 se
1367 706 1504 747 portat
1518 711 1634 735 suum
1655 711 1744 736 cae-

240 757 337 797 lum,
364 756 458 803 quia
484 756 545 792 sui
575 756 673 792 caeli
693 766 892 796 amorem;
929 766 1020 790 nam
1050 754 1173 790 homo
1202 765 1226 790 a
1255 754 1458 790 creatione
1488 760 1550 790 est
1579 753 1744 789 minima

239 808 400 855 effigies,
422 808 555 855 imago
576 815 617 844 et
637 815 755 855 typus
776 807 876 843 caeli
899 806 1053 854 magni;
1079 806 1208 842 forma
1232 806 1408 841 humana
1428 817 1508 841 non
1530 806 1637 841 aliud
1659 812 1742 847 est;

237 871 361 908 quare
382 862 550 908 quisque
576 861 688 897 venit
719 861 759 895 in
789 860 1024 896 societatem
1050 859 1160 900 caeli,
1182 860 1297 906 cujus
1321 859 1454 894 forma
1483 859 1523 893 in
1552 859 1742 905 singulari

238 914 368 962 effigie
389 921 472 956 est3
504 914 652 950 idcirco
673 925 764 949 cum
792 914 914 949 intrat
940 913 980 948 in
1007 913 1114 948 illam
1133 912 1380 953 societatem,
1400 912 1521 947 intrat
1548 912 1587 946 in
1615 922 1745 947 corre-

238 969 506 1013 spondentem
525 967 599 1002 sibi
618 966 798 1007 formam,
819 966 874 1002 ita
891 966 994 1002 sicut
1011 976 1035 1001 a
1052 976 1094 1001 se
1114 965 1153 1000 in
1172 976 1215 1001 se
1233 965 1350 1006 illam,
1370 971 1411 1000 et
1429 965 1533 1000 sieut
1550 965 1599 1000 ab
1619 964 1684 1000 illa
1702 964 1740 999 in

238 1020 346 1056 illam
368 1021 408 1055 in
429 1031 482 1061 se,
501 1031 547 1055 ac
567 1020 691 1055 trahit
708 1020 832 1055 vitam
854 1020 941 1066 ejus
962 1026 1007 1054 ut
1028 1030 1152 1059 suam,
1171 1029 1218 1054 ac
1238 1029 1351 1054 suam
1370 1025 1415 1053 ut
1432 1018 1541 1064 ejus;
1567 1024 1629 1054 est
1646 1028 1744 1052 una-

237 1073 402 1120 quaevis
420 1074 591 1109 societas
608 1073 712 1108 sicut
729 1083 952 1113 commune,
971 1083 1017 1108 ac
1034 1072 1165 1119 angeli
1181 1071 1234 1107 ibi
1253 1077 1347 1106 sunt
1364 1071 1468 1106 sicut
1486 1077 1617 1116 partes
1636 1071 1744 1106 simi-

237 1127 340 1163 lares
373 1137 423 1162 ex
448 1127 593 1173 quibus
618 1136 834 1162 commune
859 1125 1058 1161 coexistit.
1110 1125 1169 1160 Ex
1195 1124 1257 1160 his
1284 1135 1392 1159 nunc
1417 1124 1610 1170 sequitur,
1632 1124 1742 1170 quod

238 1180 307 1226 qui
334 1180 374 1215 in
401 1180 515 1215 malis
536 1186 577 1215 et
603 1179 696 1215 inde
721 1178 829 1215 falsis
851 1185 955 1219 sunt,
975 1178 1016 1213 in
1042 1188 1084 1214 se
1110 1177 1369 1213 formaverint
1390 1177 1563 1223 effigiem
1586 1177 1741 1216 inferni,

237 1240 280 1269 et
297 1232 396 1268 haec
413 1232 613 1268 cruciatur
634 1233 673 1267 in
694 1233 805 1268 caelo
823 1243 872 1268 ex
890 1231 1041 1266 influxu
1063 1237 1104 1266 et
1123 1230 1316 1266 violentia
1333 1229 1550 1266 activitatis
1568 1230 1742 1276 oppositi

239 1286 279 1322 in
297 1285 550 1332 oppositum
576 1296 689 1321 amor
705 1284 812 1321 enirn
833 1284 1038 1320 infernalis
1057 1290 1119 1320 est
1136 1283 1347 1329 oppositus
1365 1283 1491 1319 amori
1509 1283 1682 1323 caelesti,
1701 1289 1742 1318 et

240 1339 334 1375 inde
353 1339 531 1385 jucunda
551 1339 719 1374 duorum
739 1349 919 1373 amorum
939 1337 1097 1373 illorum
1115 1337 1312 1373 collidunt
1333 1337 1437 1372 inter
1456 1347 1499 1372 se
1525 1337 1629 1372 sicut
1649 1336 1742 1372 hos-

239 1398 314 1433 tes,
333 1399 374 1427 et
392 1398 541 1427 necant·
554 1402 596 1427 se
614 1402 705 1426 cum
725 1390 1074 1437 congrediuntur.'’

312 1453 386 1483 11.
412 1445 487 1480 His
501 1444 670 1490 peractis
684 1444 822 1479 audita
834 1451 895 1479 est
911 1455 991 1479 vox
1008 1454 1030 1479 e
1048 1443 1160 1479 caelo
1177 1443 1228 1478 ad
1247 1443 1432 1490 angelum
1447 1442 1579 1483 tubae,
1595 1446 1616 1460 ‘¹
1631 1441 1741 1488 Elige

239 1497 379 1533 decem
401 1509 450 1533 ex
470 1498 656 1533 omnibus
678 1497 920 1537 convocatis,
943 1503 984 1532 et
1010 1496 1194 1532 introduc
1216 1496 1304 1531 illos
1324 1496 1373 1531 ad
1396 1507 1488 1536 nos;
1514 1495 1741 1530 audivimus

240 1562 264 1586 a
283 1550 471 1592 Domino,
490 1551 598 1597 quod
617 1557 920 1596 praeparaturus
939 1549 992 1585 sit
1011 1549 1109 1590 illos,
1129 1560 1178 1584 ne
1195 1549 1303 1584 calor
1319 1555 1360 1584 et
1378 1549 1456 1588 lux,
1475 1559 1544 1583 seu
1563 1559 1678 1583 amor
1694 1555 1736 1584 et

239 1603 447 1650 sapientia,
467 1604 592 1639 nostri
611 1603 720 1644 caeli,
738 1614 809 1649 per
825 1610 905 1638 tres
919 1603 1004 1638 dies
1024 1601 1194 1637 inierant
1213 1602 1289 1637 illis
1307 1601 1480 1647 aliquam
1495 1601 1678 1636 noxam.”

312 1657 364 1692 Et
380 1655 496 1692 electi
514 1662 608 1692 sunt
626 1656 777 1696 decem,
795 1662 836 1691 et
853 1655 980 1691 secuti
998 1655 1205 1701 angelum;
1231 1661 1272 1690 et
1289 1655 1555 1706 ascenderunt
1574 1665 1644 1699 per
1660 1660 1740 1689 tra-

238 1710 377 1746 mitem
391 1710 585 1745 clivosum
605 1709 643 1744 in
658 1709 858 1755 quendam
873 1709 1028 1749 collem,
1043 1715 1083 1743 et
1101 1708 1151 1743 ab
1169 1708 1247 1743 'noc
1265 1707 1304 1742 in
1324 1714 1514 1748 montem,
1529 1717 1647 1753 super
1660 1717 1740 1752 quo

237 1769 323 1799 erat
343 1762 502 1798 illorum
520 1762 754 1809 angelorum
775 1762 942 1802 caelum,
962 1761 1070 1807 quod
1093 1761 1201 1807 prius
1223 1761 1273 1795 ad
1296 1760 1527 1795 distantiam
1546 1770 1741 1805 apparue-

237 1822 300 1852 rat
317 1816 394 1851 illis
412 1816 513 1852 sicut
533 1826 751 1861 expansum
771 1814 811 1850 in
830 1814 1020 1850 nubibus:
1045 1820 1086 1850 et
1104 1813 1384 1860 aperiebantur
1402 1824 1473 1858 pro
1492 1812 1570 1848 illis
1589 1819 1739 1858 portae,

238 1875 280 1905 et
306 1875 520 1915 postquam
546 1868 818 1904 transiverunt
839 1867 1011 1908 tertiam,
1032 1868 1198 1913 angelus
1221 1865 1472 1902 introductor
1491 1866 1664 1901 cucurrit
1689 1865 1740 1901 ad

238 1922 458 1968 principem
470 1921 673 1958 societatis
686 1932 755 1956 seu
768 1920 866 1956 caeli
883 1920 998 1960 illius,
1010 1927 1051 1955 et
1065 1919 1317 1955 annuntiavit
1328 1919 1544 1954 adventum
1559 1918 1716 1954 illorum
1730 1930 1739 1959 ;

237 1981 279 2011 et
297 1975 481 2025 prinpeps
496 1974 713 2020 respondit,
731 1979 749 1992 ¹⁴
763 1974 935 2009 Assume
949 1973 1104 2019 aliquos
1118 1984 1166 2008 ex
1184 1972 1374 2008 satellitio
1389 1983 1489 2013 meo,
1504 1978 1544 2007 et
1558 1971 1743 2007 renuntia

238 2027 326 2068 illis,
348 2027 456 2074 quod
478 2027 676 2063 adventus
698 2026 856 2062 illorum
879 2026 976 2061 mihi
1003 2026 1055 2062 sit
1080 2032 1279 2072 acceptus,
1301 2031 1342 2061 et
1368 2025 1555 2060 introduc
1582 2024 1670 2060 illos
1699 2024 1739 2059 in
1782 2046 1790 2052 ·

238 2081 475 2116 anticuriam
494 2091 635 2120 meam,
654 2086 694 2115 et
716 2079 910 2115 distribue
928 2079 1054 2114 cuivis
1073 2090 1188 2114 suurn
1211 2078 1399 2114 conclave
1420 2088 1510 2113 cum
1532 2088 1605 2113 suo
1627 2077 1739 2112 cubi-

237 2134 351 2170 culo:
376 2140 417 2169 et
433 2145 482 2170 ex
499 2133 637 2169 aulicis
652 2133 751 2168 meis
765 2133 931 2168 desume
944 2132 1110 2178 aliquos,
1126 2138 1167 2167 et
1184 2143 1233 2167 ex
1250 2131 1409 2167 famulis
1423 2132 1491 2178 qui
1511 2131 1740 2166 ministrent

238 2186 327 2228 illis,
346 2193 387 2223 et
404 2187 472 2233 qui
491 2186 667 2223 serviant
686 2186 762 2221 illis
780 2186 830 2221 ad
849 2192 970 2221 nutus
984 2185 1015 2220 :’'
1041 2191 1082 2221 et
1099 2184 1247 2220 factum
1266 2191 1328 2220 est
1346 2185 1414 2220 ita.

310 2240 367 2276 At
384 2250 475 2275 curn
495 2237 713 2275 introducti
731 2245 826 2274 sunt
843 2239 893 2273 ab
911 2239 1064 2284 angelo,
1080 2237 1363 2284 quaesiverunt
1381 2248 1476 2272 num
1495 2236 1612 2272 liceat
1630 2236 1740 2272 adire

238 2299 280 2329 et
295 2293 432 2328 videre
450 2292 668 2338 principem
686 2303 694 2333 ;
719 2298 760 2327 et
779 2291 986 2337 respondit
1003 2291 1179 2337 angelus,
1199 2295 1219 2309 “
1236 2291 1307 2326 Est
1325 2300 1432 2325 nunc
1453 2300 1580 2329 mane,
1599 2295 1639 2325 et
1657 2300 1739 2324 non

239 2346 333 2382 licet
350 2351 444 2381 ante
462 2352 622 2391 tempus
641 2344 842 2385 meridiei;
868 2350 962 2379 sunt
982 2354 1121 2379 omnes
1139 2354 1316 2390 eousque
1338 2343 1377 2378 in
1399 2342 1481 2378 suis
1500 2341 1676 2377 {ssofficiis
1698 2348 1739 2377 et

239 2398 279 2434 in
300 2398 382 2435 suis
403 2398 556 2444 operis;
583 2398 653 2433 sed
676 2397 834 2432 invitati
855 2396 951 2432 estis
971 2396 1022 2432 ad
1044 2396 1277 2443 prandium:
1303 2402 1344 2432 et
1354 2402 1462 2450 ¹tunc
1482 2395 1532 2430 ad
1559 2406 1738 2430 mensam

238 2462 329 2487 cum
345 2452 522 2498 principe
537 2458 676 2487 nostro
691 2451 902 2487 sedebitis:
929 2451 1080 2486 interea
1093 2450 1344 2485 introducam
1358 2460 1431 2485 vos
1450 2449 1489 2484 in
1510 2448 1614 2484 illius
1633 2448 1739 2495 pala-

238 2505 351 2546 tium,
370 2506 436 2541 ubi
455 2505 642 2541 videbitis
662 2505 873 2552 magnifica
889 2511 930 2540 et
948 2503 1193 2550 splendida.''

307 2566 383 2597 12.
417 2558 518 2595 Cum
543 2558 706 2595 adducti
733 2565 827 2594 sunt
852 2558 901 2593 ad
930 2558 1132 2604 palatium,
1155 2557 1327 2603 primum
1353 2556 1542 2592 viderunt
1568 2555 1663 2591 illud
1688 2555 1738 2590 ab

238 2618 362 2648 extra.
409 2612 504 2648 Erat
517 2612 705 2658 amplum,
721 2610 915 2654 struRum
931 2622 979 2647 ex
998 2611 1240 2658 porphyrite,
1255 2617 1295 2646 et
1309 2609 1580 2646 substrudtum
1595 2620 1643 2645 ex
1659 2609 1739 2655 jas-

239 2664 342 2710 pide,
360 2672 400 2701 et
417 2673 510 2701 ante
530 2672 690 2712 portam
708 2676 778 2701 sex
799 2665 1010 2700 columnae
1027 2665 1132 2700 altae
1150 2675 1199 2699 ex
1216 2664 1348 2710 lapide
1369 2663 1495 2704 lazuli,
1515 2662 1666 2698 tectum
1685 2672 1734 2697 ex

238 2717 396 2754 laminis
414 2719 510 2760 auri,
530 2718 725 2754 fenestrae
742 2719 847 2754 altae
864 2729 913 2754 ex
932 2717 1247 2764 pellucidissimo
1264 2717 1462 2763 crystallo,
1482 2716 1623 2751 harum
1645 2726 1737 2761 pos-

238 2776 300 2807 tes
321 2772 440 2807 etiam
460 2783 510 2808 ex
535 2783 644 2808 auro.
697 2772 795 2808 Post
816 2772 904 2812 hoc,
928 2770 1145 2807 introduc'ti
1168 2777 1263 2806 sunt
1285 2770 1390 2806 intus
1413 2770 1452 2804 in
1474 2769 1676 2815 palatium,
1696 2774 1737 2803 et

240 2823 498 2860 circumducti
512 2836 536 2861 a
548 2825 727 2861 conclavi
747 2825 786 2860 in
800 2825 999 2865 conclave,
1015 2831 1056 2860 et
1074 2824 1260 2859 viderunt
1273 2830 1509 2858 ornamenta
1527 2821 1737 2857 ineffabilis

239 2877 405 2918 decoris,
427 2879 499 2914 sub
519 2877 634 2914 tec'tis
656 2878 938 2914 decoramenta
957 2878 1179 2914 caelaturae
1202 2877 1468 2912 inimitabilis:
1501 2876 1615 2921 juxta
1636 2874 1737 2920 pari-

239 2936 324 2966 etes
339 2931 488 2976 positas
502 2942 658 2968 mensas
671 2943 720 2968 ex
733 2939 899 2979 argento
913 2931 1088 2967 conflato
1102 2942 1192 2966 cum
1206 2941 1314 2970 auro,
1329 2941 1448 2975 super
1461 2929 1604 2974 quibus
1622 2934 1736 2963 erant

238 2983 350 3020 varia
361 2984 545 3021 utensilia
561 2996 610 3021 ex
621 2985 821 3032 lapidibus
835 2985 1032 3032 pretiosis,
1048 2991 1088 3021 et
1106 2995 1155 3021 ex
1173 2984 1337 3030 integris
1350 2982 1518 3029 gemmis
1537 2981 1576 3017 in
1596 2980 1733 3017 formis
