2014 3386
495 375 561 408 DE
594 374 772 407 AMORE
804 374 1228 418 CONJUGIAL1.—N.
1259 367 1353 418 326.
1586 378 1668 420 259

172 490 350 526 naturale
367 490 500 536 quoad
519 489 685 536 linguas,
704 489 764 525 fac
784 489 857 525 ita:
885 489 988 525 intra
1005 490 1055 524 ad
1074 496 1176 530 tuos,
1195 495 1236 525 et
1253 490 1416 536 loquere
1433 489 1587 536 aliquid!
1602 491 1667 531 ibi,

169 553 217 578 ac
243 543 370 579 retine
389 553 520 584 voces,
541 550 583 578 et
608 553 698 578 cum
720 543 783 578 his
809 543 848 578 in
870 543 1063 578 memoria
1082 542 1176 584 redi,
1199 549 1239 578 et
1263 553 1398 578 coram
1420 554 1483 579 me
1504 544 1670 580 enuntia

169 595 291 631 illas.”

190 648 192 651 ’
240 648 302 684 Ae
318 647 414 684 fecit
430 647 495 689 ita,
510 654 551 683 et
569 648 686 683 rediit
703 648 753 683 ad
773 659 836 683 me
853 658 944 683 cum
958 648 1123 684 vocibus
1143 648 1219 684 illis
1237 648 1276 683 in
1295 658 1374 689 ore,
1389 654 1431 684 et
1447 648 1591 685 effatus
1607 656 1668 685 est

168 701 264 742 illas,
273 707 319 737 et
335 712 416 737 non
436 700 633 736 intellexit
646 701 791 746 ullam;
818 708 929 737 erant
947 712 1066 736 voces
1084 712 1243 747 prorsus
1261 702 1413 737 alienae
1431 708 1473 738 et
1495 703 1668 749 peregri-

168 765 253 794 nae,
270 764 372 800 quae
385 764 467 789 non
482 754 629 789 dantur
647 754 686 789 in
704 754 837 800 aliqua
854 754 990 800 lingua
1004 754 1142 789 mundi
1162 755 1372 796 naturalis;
1399 766 1469 801 per
1483 755 1586 791 hanc
1600 767 1667 791 ex-

169 806 400 852 perientiam
423 806 636 853 aliquoties
655 807 836 842 iteratam
854 807 958 843 clare
979 807 1108 853 patuit
1126 808 1234 853 quod
1253 808 1440 844 omnibus
1458 808 1497 843 in
1516 810 1668 844 mundo

169 859 362 905 spirituali
376 859 428 895 sit
441 859 576 906 lingua
588 860 812 906 spiritualis,
826 871 927 906 quae
942 860 1040 895 nihil
1054 871 1268 896 commune
1281 872 1371 896 cum
1387 861 1519 907 aliqua
1533 861 1669 907 lingua

168 907 308 947 mundi
327 913 519 948 naturalis
537 913 703 953 obtinet,
725 919 766 948 et
783 914 891 959 quod
910 913 1040 948 omnis
1057 913 1181 949 homo
1198 913 1238 948 in
1258 913 1364 949 illam
1383 914 1559 960 linguam
1576 922 1667 961 post

167 965 322 1000 obitum
341 976 390 1000 ex
411 976 453 1001 se
472 966 620 1001 veniat.
671 966 797 1002 Simul
815 966 934 1001 etiam
953 973 1050 1001 tunc
1068 973 1255 1012 expertus
1277 973 1348 1008 est,
1367 968 1475 1013 quod
1498 968 1582 1013 ipse
1603 979 1668 1003 so·

168 1028 242 1053 nus
263 1018 424 1064 linguae
442 1018 658 1064 spiritualis
684 1029 707 1054 a
727 1030 828 1055 sono
850 1020 1008 1066 linguae
1027 1020 1218 1055 naturalis
1235 1020 1414 1056 differret
1436 1020 1474 1055 in
1496 1027 1666 1061 tantum,

166 1078 211 1106 ut
229 1081 351 1106 sonus
369 1072 587 1117 spiritualis
605 1072 725 1107 etiarn
745 1073 851 1108 altus
870 1083 919 1108 ne
938 1073 1064 1107 hilum
1082 1073 1287 1108 audiretur
1303 1074 1354 1108 ab
1368 1074 1532 1109 homine
1550 1081 1666 1110 natu—

166 1123 249 1164 rali,
268 1135 342 1159 nec
360 1136 482 1160 sonus
500 1126 690 1160 naturalis
707 1126 756 1160 ab
776 1125 938 1161 homine
956 1126 1165 1172 spirituali.

238 1177 395 1218 Postea,
415 1178 551 1224 rogavi
571 1178 928 1214 archididascalum
948 1185 988 1214 et
1006 1179 1320 1221 circumstantes,
1339 1186 1384 1215 ut
1404 1179 1599 1216 intrarent
1615 1181 1666 1216 ad

165 1240 270 1271 suos,
288 1237 330 1266 et
350 1231 568 1266 scriberent
589 1232 763 1277 aliquam
783 1232 1025 1267 sententiam
1047 1243 1168 1278 super
1184 1233 1334 1273 charta,
1352 1243 1400 1268 ac
1419 1243 1510 1268 cum
1529 1233 1668 1269 charta

166 1283 233 1318 illa
250 1283 405 1319 exirent
422 1284 472 1318 ad
492 1295 566 1324 me,
585 1292 625 1320 et
639 1285 838 1331 legerent:
863 1284 1042 1320 fecerunt
1061 1285 1126 1326 ita,
1146 1292 1188 1320 et
1206 1286 1409 1321 redierunt
1420 1297 1511 1321 cum
1530 1286 1667 1322 charta

167 1335 206 1370 in
226 1347 366 1378 manu;
384 1343 425 1372 at
443 1348 533 1372 cum
552 1338 742 1383 legerent,
755 1349 834 1373 non
851 1345 1070 1384 potuerunt
1084 1339 1297 1385 quicquam
1317 1339 1550 1386 intelligere,
1565 1351 1664 1386 quo-

166 1389 271 1424 niam
287 1389 483 1435 scriptura
495 1391 705 1426 constabat
720 1391 842 1426 modo
860 1402 907 1426 ex
925 1391 1123 1438 aliquibus
1139 1391 1281 1427 litteris
1294 1392 1555 1438 alphabeticis
1574 1404 1663 1428 cum

166 1442 342 1488 strophis
359 1453 488 1488 supra,
507 1454 674 1489 quarum
694 1445 936 1490 unaquaevis
949 1445 1122 1490 aliquem
1142 1456 1302 1480 sensum
1322 1445 1377 1481 rei
1395 1445 1666 1492 significabat:

164 1494 258 1541 quia
278 1496 520 1541 unaquaevis
541 1497 674 1531 littera
700 1497 738 1531 in
765 1498 980 1543 alphabeto
1002 1498 1199 1544 significat
1221 1498 1274 1533 ibi
1296 1498 1468 1544 aliquem
1490 1510 1664 1539 sensum,

165 1555 276 1593 patet
300 1549 407 1584 unde
433 1555 504 1589 est,
526 1550 633 1595 quod
659 1549 855 1585 Dominus
882 1551 1039 1585 dicatur
1059 1551 1227 1596 “Alpha
1252 1558 1293 1586 et
1319 1551 1511 1598 Omega.''
1563 1551 1663 1587 Cum

166 1601 220 1635 illi
243 1601 386 1636 iterum
408 1608 449 1637 et
472 1602 612 1637 iterum
634 1603 837 1643 intrarent,
854 1604 1083 1644 scriberent,
1099 1611 1139 1639 et
1157 1604 1343 1645 redirent,
1358 1604 1551 1650 comperti
1571 1612 1665 1640 sunt

164 1654 272 1700 quod
300 1654 494 1700 scriptura
519 1655 586 1690 illa
612 1655 834 1691 involveret
860 1663 899 1691 et
933 1657 1293 1702 comprehenderet
1320 1657 1535 1697 innumera,
1562 1669 1664 1703 quae

164 1717 358 1752 nusquam
377 1707 508 1754 aliqua
525 1708 720 1768 scriptura
738 1709 928 1744 naturalis
947 1717 1083 1755 posset
1101 1710 1344 1756 exprimere,
1337 1722 1344 1730 ·
1362 1717 1403 1746 at
1420 1710 1571 1745 dictum
1591 1718 1664 1751 est,

164 1761 272 1805 quod
301 1760 378 1795 hoc
404 1760 466 1801 sit,
493 1761 587 1807 quia
613 1762 829 1806 spiritualis
855 1762 978 1797 homo
1004 1763 1156 1809 cogitat
1183 1763 1600 1809 incomprehensibilia
1625 1772 1666 1799 et

165 1812 382 1848 ineffabilia
399 1814 569 1848 naturali
591 1814 757 1855 homini,
777 1822 817 1850 et
838 1816 945 1861 quod
968 1815 1067 1851 haec
1094 1816 1132 1851 in
1154 1816 1272 1851 aliam
1294 1817 1530 1863 scripturam
1557 1824 1598 1852 et
1625 1817 1664 1852 in

163 1865 280 1901 aliam
300 1866 475 1927 linguam
496 1867 660 1902 influere
678 1875 719 1903 et
737 1868 871 1903 inferri
891 1875 1104 1914 nequeant.

233 1919 347 1954 Tunc
367 1919 460 1965 quia
479 1920 683 1957 adstantes
705 1932 784 1956 non
806 1922 1022 1956 voluerunt
1042 1922 1393 1968 comprehendere,
1413 1922 1522 1969 quod
1548 1923 1665 1968 spiri-

163 1971 283 2007 tualis
309 1973 503 2019 cogitatio
534 1973 573 2008 in
607 1980 763 2008 tantum
793 1975 1005 2010 excederet
1031 1976 1252 2011 naturalem
1278 1983 1323 2011 ut
1356 1975 1408 2011 sit
1443 1975 1662 2022 respective

163 2024 384 2066 ineffabilis,
404 2026 485 2060 dixi
501 2026 588 2066 illis,
604 2031 624 2044 ‘⁴
638 2026 771 2062 Facite
785 2028 1070 2073 experientiam
1084 2040 1092 2069 ;
1112 2028 1257 2064 intrate
1273 2029 1311 2063 in
1326 2029 1558 2065 societatem
1572 2041 1662 2065 ves-

162 2084 263 2112 tram
278 2079 538 2123 spiritualem,
551 2087 591 2114 et
605 2080 780 2126 cogitate
792 2081 965 2127 aliquam
981 2092 1075 2122 rem,
1089 2092 1136 2117 ac
1150 2082 1320 2118 retinete
1336 2082 1454 2123 illam,
1467 2089 1508 2118 et
1523 2083 1662 2124 redite.

162 2137 203 2166 et
221 2141 351 2166 coram
373 2142 435 2166 me
453 2133 676 2178 expromite
696 2133 841 2169 illam.’'

235 2183 296 2219 Ac
331 2184 589 2226 intraverunt,
623 2186 913 2232 cogitaverunt,
943 2187 1205 2228 retinuerunt,
1239 2188 1459 2229 exiverunt,
1494 2194 1536 2223 at
1571 2199 1662 2224 cum

162 2244 443 2282 expromerent
463 2249 545 2273 rem
568 2239 797 2285 cogitatam,
817 2250 897 2275 non
925 2247 1162 2286 potuerunt:
1193 2251 1275 2276 non
1297 2241 1403 2276 enim
1426 2242 1663 2277 invenerunt

162 2289 286 2326 ullam,
299 2290 426 2326 ideam
440 2291 696 2338 cogitationis
712 2293 901 2328 naturalis
914 2294 1175 2339 adaequatam
1190 2294 1307 2329 alicui
1324 2294 1436 2330 ideae
1450 2295 1663 2341 cogitatio·

162 2342 223 2377 nis
235 2343 468 2388 spiritualis;
488 2344 542 2379 ita
554 2355 627 2380 nec
638 2345 811 2391 aliquam
825 2356 965 2381 vocem
978 2347 1266 2392 exprimentem
1281 2346 1435 2388 ¹¹]illam,
1447 2359 1537 2383 nam
1551 2347 1663 2384 ideae

161 2396 418 2441 cogitationis
436 2397 539 2432 fiunt
557 2408 676 2433 voces
694 2399 877 2444 loquelae
892 2411 900 2439 ;
926 2406 967 2434 et
984 2406 1081 2435 tunc
1098 2399 1344 2435 reintrabant
1362 2407 1402 2436 et
1422 2401 1606 2436 redibant
1623 2408 1662 2436 et

161 2448 451 2484 confirmabant
472 2461 526 2490 se,
546 2451 653 2496 quod
674 2451 785 2487 ideae
804 2452 1031 2497 spirituales
1048 2459 1182 2488 essent
1199 2453 1531 2499 supranaturales‚
1552 2453 1661 2489 inex-

162 2501 397 2546 pressibiles,
425 2502 655 2544 ineffabiles,
682 2511 723 2539 et
757 2505 1178 2551 incomprehensibiles
1212 2506 1380 2541 naturali
1414 2506 1589 2541 homini:
1622 2514 1662 2541 et

161 2554 255 2600 quia
273 2561 355 2589 tam
378 2557 718 2601 supereminentes
739 2564 844 2597 sunt,
863 2558 1050 2593 dicebant
1075 2559 1182 2604 quod
1206 2559 1431 2604 spirituales
1458 2559 1570 2595 ideae
1591 2570 1659 2594 seu

161 2607 425 2653 cogitationes
447 2608 665 2654 respec'tive
687 2611 736 2645 ad
760 2611 970 2652 naturales,
989 2618 1123 2647 essent
1145 2612 1256 2648 ideae
1279 2612 1468 2653 idearum,
1491 2619 1532 2647 et
1553 2613 1661 2658 cogi·

160 2660 334 2695 tationes
354 2661 658 2707 cogitationum,
680 2670 721 2698 et
745 2664 852 2709 quod
881 2663 972 2699 ideo
999 2675 1070 2710 per
1090 2665 1176 2700 illas
1195 2665 1512 2711 exprimerentur
1533 2666 1659 2711 quali—

160 2718 263 2748 tates
296 2714 545 2759 qualitatum,
580 2722 620 2750 et
653 2715 886 2752 affectiones
919 2716 1189 2758 affefflonum,
1223 2725 1517 2764 consequenter
1550 2719 1657 2763 quod

160 2765 424 2810 cogitationes
436 2767 661 2813 spirituales
675 2776 808 2804 essent
824 2769 936 2804 initia
949 2781 994 2805 ac
1008 2770 1182 2817 origines
1196 2771 1485 2817 cogitationum
1503 2777 1660 2805 natura-

162 2817 280 2859 lium:
310 2818 404 2855 inde
428 2820 548 2855 etiam
576 2821 714 2867 patuit,
738 2823 846 2868 quod
873 2823 1069 2868 sapientia
1094 2823 1309 2869 spiritualis
1335 2831 1439 2859 esset
1465 2823 1659 2868 sapientia

162 2869 388 2914 sapientiae,
415 2872 471 2908 ita
496 2872 861 2920 [²1imperceptibilis
886 2876 1004 2910 alicui
1030 2876 1200 2922 sapienti
1233 2877 1270 2911 in
1302 2876 1471 2911 naturali
1495 2877 1658 2911 mundo,

163 2921 278 2958 'runc
291 2923 441 2959 dietum
456 2932 517 2961 est
536 2927 612 2962 illis
630 2937 652 2962 e
669 2928 780 2963 caelo
796 2928 927 2969 tertio,
942 2929 1050 2974 quod
1066 2929 1199 2964 adhuc
1213 2929 1265 2964 sit
1283 2929 1479 2974 sapientia
1494 2928 1659 2964 interior

162 2985 230 3009 seu
261 2977 450 3021 superior,
471 2989 573 3023 quae
593 2986 760 3015 vocatur
780 2981 972 3021 caelestis,
987 2981 1102 3027 cujus
1123 2980 1326 3026 respectus
1347 2982 1396 3016 ad
1419 2981 1654 3027 sapientiam

164 3028 420 3073 spiritualem,
442 3030 581 3067 similis
601 3039 663 3067 est
689 3032 883 3079 respeftui
907 3033 1026 3080 huJus
1047 3034 1097 3068 ad
1121 3034 1363 3075 naturalem;
1393 3040 1434 3069 et
1452 3034 1559 3080 quod
1584 3035 1657 3070 hae
