2014 3386
1446 189 1452 207 N

503 341 571 375 DE
602 340 781 375 AMORE
812 340 1238 384 CONJUGIAL1.—N.
1266 314 1509 381 2i6[prtm0].
1642 341 1716 386 175

229 455 388 499 similis
428 455 571 497 amori
608 468 761 503 sexus,
790 454 864 508 qui
904 467 1032 495 amor
1070 459 1178 507 post
1218 460 1377 495 votum
1406 453 1621 502 famescit,
1648 460 1721 495 ast

227 533 356 560 amor
381 517 647 572 conjunctus
673 518 901 558 amicitiae
934 523 1038 570 post
1069 523 1228 558 votum
1261 524 1433 566 manet,
1462 524 1509 558 et
1541 531 1721 571 quoque

228 581 485 633 stabilitur3
517 581 661 622 intrat
685 581 826 622 etiam
852 581 1041 622 interius
1072 580 1117 621 in
1148 579 1320 634 pectuS,
1347 581 1549 622 amicitia
1575 581 1720 621 intro-

228 645 352 686 ducit
378 644 519 693 illum,
548 651 595 685 et
620 643 728 685 facit
754 643 881 684 illum
907 658 1012 685 vere
1039 642 1357 696 conjugialem,
1385 650 1432 684 et
1459 650 1567 685 tunc
1594 657 1723 684 amor

226 708 304 749 ille
335 708 581 748 amicitiam
612 706 729 748 hanc
768 720 895 747 suam
935 706 1044 748 facit
1081 707 1221 748 etiam
1253 706 1572 760 conjugialem,
1606 721 1722 761 quae

226 771 361 812 valde
379 770 526 812 differt
549 771 607 811 ab
629 770 829 812 amicitia
847 771 993 811 omnis
1011 770 1124 811 alius
1143 763 1324 820 amoris,
1344 777 1415 812 est
1433 772 1553 812 enim
1573 770 1720 823 plena.

228 834 363 888 Quod
390 835 668 882 contrarium
694 833 772 876 fiat
805 834 924 888 apud
950 833 1053 875 illos
1085 835 1159 888 qui
1186 848 1277 875 non
1309 835 1354 875 in
1387 847 1540 875 amore
1567 834 1721 887 conju-

225 898 334 951 giali
356 904 477 947 sunt,
502 904 661 939 notum
684 904 755 939 est
776 912 785 949 ;
819 898 936 951 apud
959 897 1042 939 hos
1065 898 1210 951 prima
1231 898 1444 946 amicitia,
1465 912 1579 951 quae
1602 904 1721 939 tem-

225 975 335 1015 pore
367 961 750 1015 desponsationis,
785 967 832 1002 et
869 961 972 1002 dein
1005 962 1158 1014 primis
1192 961 1350 1001 diebus
1383 968 1489 1014 post
1522 962 1720 1015 nuptias,

228 1025 457 1066 insinuata
483 1031 569 1073 est,
598 1023 698 1077 plus
725 1030 771 1065 et
803 1023 903 1077 plus
935 1024 993 1064 ab
1019 1025 1309 1065 interioribus
1336 1025 1503 1065 mentis
1530 1025 1719 1074 recedit,

228 1094 275 1129 et
320 1089 378 1128 ab
419 1088 487 1128 his
528 1087 784 1128 successive
816 1087 1004 1129 tandem
1046 1087 1104 1128 ad
1145 1087 1366 1128 cuticulas
1398 1088 1631 1139 abscedit;
1675 1095 1722 1130 et

227 1151 347 1205 apud
370 1150 487 1200 illos,
507 1151 580 1204 qui
599 1151 913 1205 separationes
932 1151 1155 1204 cogitant,
1176 1165 1358 1205 prorsus
1376 1152 1470 1192 abit
1491 1166 1498 1201 ;
1533 1159 1579 1192 at
1603 1153 1721 1204 apud

227 1229 322 1264 eos,
346 1214 420 1268 qui
446 1215 780 1268 separationem
805 1227 895 1254 non
918 1215 1144 1267 cogitant,
1168 1228 1295 1255 amor
1317 1221 1472 1255 manet
1494 1215 1538 1255 in
1565 1223 1722 1256 exter-

228 1278 312 1327 nit-3,
341 1277 421 1319 sed
447 1277 583 1330 friget
611 1278 656 1318 in
682 1278 886 1318 internis.

312 1349 435 1395 215.
469 1339 551 1394 (v.)
589 1340 717 1391 Quod
741 1340 822 1390 illi,
856 1339 936 1394 qui
961 1339 1007 1382 z'n
1037 1354 1185 1382 amore
1213 1355 1315 1382 vere
1336 1341 1577 1396 conjugz'alz'
1603 1348 1720 1392 sunt,

226 1404 424 1445 continue
452 1403 590 1444 velint
619 1417 731 1445 unus
761 1403 886 1444 homo
916 1418 1011 1444 esse
1023 1418 1044 1452 ‚·
1088 1405 1170 1445 sed
1195 1405 1315 1458 quod
1345 1404 1418 1445 illi
1444 1405 1523 1459 qm'
1558 1419 1641 1446 non
1677 1405 1722 1446 in

227 1481 381 1508 amore
409 1467 653 1522 conjugialz‘
679 1473 795 1516 sunt,
828 1466 966 1508 velint
994 1467 1079 1508 duo
1107 1469 1423 1510 essen—Amor
1454 1468 1723 1522 conjugialis

228 1530 273 1572 in
305 1544 385 1571 sua
416 1531 616 1570 essentia
642 1543 732 1570 non
757 1529 880 1570 aliud
907 1536 992 1579 est,
1021 1543 1154 1584 quam
1182 1530 1302 1584 quod
1329 1531 1418 1572 duo
1450 1531 1594 1572 velint
1623 1545 1722 1573 esse

229 1607 396 1644 unum;
429 1592 516 1634 hoc
543 1598 626 1642 est,
655 1593 774 1647 quod
801 1593 960 1642 velint,
990 1600 1038 1634 ut
1064 1594 1179 1634 duae
1205 1595 1324 1635 vitae
1351 1593 1463 1635 fiant
1488 1608 1575 1635 una
1601 1595 1721 1636 vita:

228 1657 308 1698 illa
338 1656 553 1698 voluntas
586 1662 657 1697 est
690 1662 936 1710 perpetuus
963 1662 1154 1698 conatus
1185 1656 1302 1698 illius
1335 1658 1515 1706 amoris,
1543 1673 1603 1699 ex
1635 1673 1724 1713 quo

229 1719 372 1761 fluunt
404 1733 564 1761 omnes
596 1718 939 1761 effectuationes
971 1718 1077 1772 ejus.
1140 1718 1275 1773 Quod
1308 1727 1500 1761 conatus
1532 1722 1590 1763 sit
1627 1723 1724 1776 ipsa

230 1783 430 1824 essentia
461 1789 626 1832 motus,
655 1788 702 1823 et
731 1783 852 1836 quod
885 1782 1100 1824 voluntas
1133 1784 1191 1824 sit
1224 1790 1418 1824 conatus
1449 1785 1577 1825 vivus
1603 1786 1723 1839 apud

229 1847 475 1895 hominem,
499 1860 526 1886 a
550 1846 775 1887 scrutiniis
798 1845 1172 1899 philosophorum
1199 1846 1242 1887 in
1270 1846 1541 1889 confirmato
1567 1854 1652 1897 est,
1677 1855 1724 1890 et

230 1924 408 1964 quoque
435 1909 879 1963 contemplatoribus
911 1924 970 1950 ex
1001 1910 1177 1951 ratione
1203 1910 1403 1958 elimata,
1432 1917 1586 1964 patet;
1619 1913 1724 1954 inde

231 1974 535 2027 consequitur,
569 1973 690 2027 quod
722 1972 801 2022 illi,
835 1974 908 2026 qui
939 1973 983 2013 in
1016 1986 1169 2014 amore
1201 1988 1305 2015 vere
1331 1974 1574 2027 conjugiali
1601 1982 1722 2025 sunt,

231 2037 446 2077 continue
469 2042 707 2084 conentur,
730 2036 816 2077 hoc
841 2043 926 2085 est,
946 2036 1090 2078 velint
1117 2050 1229 2077 unus
1253 2037 1391 2078 homo
1414 2051 1526 2079 esse.
1589 2037 1725 2091 Quod

231 2100 508 2140 contrarium
547 2100 606 2140 sit
647 2099 766 2152 apud
807 2099 926 2148 illos,
959 2100 1033 2153 qui
1074 2113 1164 2140 non
1205 2100 1249 2140 in
1289 2114 1444 2141 amore
1481 2100 1726 2154 conjugiali

232 2169 350 2211 sunt,
371 2162 512 2216 probe
535 2163 684 2203 sciunt
706 2162 789 2215 ipsi
810 2176 819 2213 ;
853 2163 926 2216 qui
948 2163 1050 2216 quia
1068 2163 1284 2204 continue
1307 2177 1354 2204 se
1378 2164 1587 2217 cogitant
1611 2165 1725 2205 duos

232 2239 291 2266 ex
313 2225 548 2266 disunione
566 2226 816 2266 animarum
841 2232 887 2266 et
911 2226 1146 2274 mentium,
1167 2227 1270 2267 ideo
1294 2240 1375 2267 nec
1400 2228 1599 2281 capiunt,
1619 2228 1724 2281 quid

231 2288 502 2342 intelligitur
528 2303 607 2342 per
634 2288 818 2329 Domini
843 2289 997 2338 verba,
1021 2289 1142 2343 quod
1169 2303 1259 2331 non
1285 2290 1478 2344 amplius
1505 2291 1594 2332 duo
1616 2292 1723 2341 sint,

232 2351 313 2393 sed
339 2366 428 2393 una
453 2366 560 2394 caro
588 2351 774 2406 (Matth.
797 2353 895 2393 xix,
920 2352 983 2406 6).

317 2415 588 2463 216[pr1'm0].
623 2414 721 2469 (vi.)
759 2414 887 2466 Quod
907 2414 988 2463 illi,
1016 2415 1097 2469 qui
1121 2415 1166 2456 in
1192 2430 1341 2457 amore
1363 2430 1464 2457 vere
1487 2417 1729 2471 conjugz'ali

232 2483 350 2526 sunt,
374 2477 419 2518 in
440 2478 634 2531 conjugio
655 2479 849 2531 spefft'ent
868 2485 1094 2520 aeternum
1108 2493 1128 2527 ,·
1159 2479 1357 2520 vicissim
1378 2487 1522 2521 autem
1544 2481 1625 2530 illi,
1650 2481 1729 2534 qui

233 2554 316 2581 non
337 2540 383 2581 in
405 2554 553 2582 amore
571 2541 815 2595 conjugz'ali
831 2540 1140 2594 surm—Quod
1178 2542 1255 2591 illi,
1279 2544 1356 2596 qui
1378 2544 1420 2584 in
1444 2557 1597 2584 amore
1620 2557 1724 2585 vere

233 2602 476 2656 conjugiali
502 2610 622 2653 sunt,
653 2602 863 2657 spectent
890 2610 1139 2653 aeternum,
1168 2612 1237 2646 est
1265 2606 1367 2659 quia
1393 2607 1437 2647 in
1465 2607 1544 2647 illo
1569 2620 1724 2648 amore

233 2672 304 2707 est
330 2667 607 2717 aeternitas3
640 2680 692 2708 ac
720 2668 971 2708 aeternitas
998 2667 1091 2721 ejus
1118 2675 1189 2709 est
1221 2669 1339 2718 inde,
1369 2670 1470 2723 quia
1496 2683 1623 2710 amor
1648 2669 1724 2710 ille

230 2730 351 2783 apud
372 2743 577 2778 uxorem,
602 2736 648 2772 et
675 2731 899 2783 sapientia
921 2731 1040 2783 apud
1065 2732 1291 2778 maritum,
1317 2733 1481 2773 crescit
1507 2733 1550 2772 in
1573 2739 1722 2772 aeter-

233 2805 354 2842 num,
382 2806 434 2834 ac
467 2794 510 2833 in
543 2794 799 2834 crescentia
824 2808 903 2834 seu
935 2795 1253 2847 progressione
1281 2795 1497 2848 conjuges
1525 2796 1722 2848 penitius

232 2861 279 2896 et
305 2856 502 2909 penitius
528 2857 571 2897 in
597 2856 906 2898 beatitudines
933 2857 1063 2906 caeli,
1088 2871 1199 2911 quas
1225 2858 1403 2899 illorum
1428 2859 1651 2911 sapientia
1676 2864 1723 2899 et

232 2916 326 2971 ejus
357 2932 486 2960 amor
517 2918 649 2959 simul
675 2920 719 2960 in
761 2933 809 2961 se
839 2921 1109 2970 recondunt,
1143 2922 1346 2972 intrant;
1385 2936 1523 2975 quare
1554 2923 1590 2962 si
1622 2922 1723 2963 idea

232 2983 406 3023 aeterni
433 2982 718 3033 evelleretur,
746 2989 824 3025 aut
855 2997 915 3025 ex
947 2983 1100 3037 aliquo
1126 2997 1233 3026 casu
1261 2985 1490 3026 mentibus
1516 2984 1720 3027 elabere-
