2014 3386
278 308 335 350 60
741 321 987 354 DELICIAE
1018 322 1325 357 SAPIENTIAE

280 431 451 473 bonurn
483 445 565 474 nec
599 447 771 483 verum,
806 435 926 488 quod
959 448 1050 477 non
1082 437 1140 478 sit
1170 437 1214 478 in
1246 438 1505 480 substantia
1537 445 1585 480 ut
1617 439 1661 480 in
1693 453 1775 482 suo

280 494 511 548 subje&0:
545 496 667 537 bona
698 503 745 538 et
776 511 883 539 vera
914 498 1148 541 abstrafta
1178 513 1270 541 non
1301 501 1483 551 dantur,
1517 508 1622 544 sunt
1654 503 1775 544 enim

278 558 437 600 nullibi
462 559 566 613 quia
598 574 690 601 non
721 560 894 602 habent
927 563 1098 612 sedem,
1126 563 1268 605 immo
1298 577 1382 606 nec
1414 566 1606 619 poss'unt
1633 580 1774 620 appa-

276 635 374 663 rere
415 623 532 664 sicut
572 624 807 676 volantia;
846 638 983 679 quare
1023 633 1129 667 sunt
1170 627 1309 669 modo
1349 630 1488 678 entia,
1521 630 1578 670 de
1615 630 1775 683 quibus

276 686 395 726 ratio
421 686 602 727 videtur
622 687 707 728 sibi
732 687 960 730 abstrae'te
986 690 1205 742 cogitare,
1230 691 1310 731 sed
1337 705 1477 746 usque
1499 706 1590 733 non
1617 699 1773 746 potest

278 749 361 790 nisi
383 750 428 790 in
451 748 678 803 subjeffis,
699 764 804 791 nam
827 752 974 792 omnis
1000 753 1102 793 idea
1123 753 1334 803 hominis,
1355 756 1493 796 etiam
1512 756 1771 805 sublimata,

276 818 348 853 est
371 812 704 863 substantialis,
723 814 811 855 hoc
830 821 916 864 est,
936 814 1076 856 affixa
1093 817 1375 858 substantiis.
1418 817 1607 872 Insuper
1624 819 1772 859 scien-

276 875 384 915 dum
415 882 503 925 est,
530 877 652 930 quod
685 890 776 918 non
808 878 941 919 detur
966 879 1226 921 substantia
1257 881 1340 921 nisi
1371 881 1430 922 sit
1462 881 1632 933 sorma;
1665 883 1771 923 sub-

276 939 450 980 stantia
490 953 582 980 non
620 940 817 982 formata
857 955 940 983 nec
983 949 1055 983 est
1092 942 1275 996 aliquid,
1314 945 1418 998 quia
1460 944 1516 985 de
1558 945 1638 986 illa
1679 933 1772 986 non'

275 1002 446 1057 aliquid
474 1009 628 1057 potest
653 1005 917 1058 praedicari,
944 1019 996 1047 ae
1024 1006 1274 1059 subjeetum
1301 1008 1471 1061 absque
1497 1009 1772 1062 praedicatis

276 1072 347 1107 est
378 1080 556 1120 quoque
594 1080 675 1107 ens
706 1067 873 1109 nullius
909 1069 1113 1110 rationis.
1177 1069 1305 1111 Haec
1346 1070 1660 1125 philosophica
1689 1072 1771 1113 ad-

269 1128 392 1183 jeE’m
418 1136 538 1179 sunt,
567 1136 617 1171 ut
643 1131 707 1171 sic
739 1132 878 1172 etiam
904 1132 1046 1173 videri
1077 1133 1240 1186 possit,
1269 1135 1389 1187 quod
1421 1135 1511 1175 duo
1537 1134 1768 1189 conjuges,

275 1194 350 1248 qui
381 1194 426 1235 in
457 1207 611 1235 amore
641 1208 747 1235 vere
780 1195 1026 1248 conjugiali
1057 1203 1178 1245 sunt,
1211 1195 1450 1239 a&ualiter
1481 1199 1572 1239 sint
1600 1198 1770 1241 formae

276 1257 473 1310 conjugii
499 1258 606 1298 boni
632 1264 679 1298 et
705 1258 813 1307 veri,
842 1272 921 1299 seu
947 1260 1114 1300 amoris
1140 1266 1187 1301 et
1214 1261 1477 1314 sapientiae.

361 1321 454 1374 67.
496 1320 724 1374 Quoniam
747 1334 926 1362 amores
949 1322 1180 1364 naturales
1206 1323 1432 1377 profluunt
1455 1339 1515 1365 ex
1542 1325 1771 1367 amoribus

274 1383 598 1437 spiritualibus,
641 1390 688 1425 et
729 1384 989 1438 spirituales
1030 1399 1090 1426 ex
1131 1386 1421 1436 caelestibus,
1463 1388 1567 1428 ideo
1607 1389 1772 1430 dicitur

275 1447 396 1500 quod
423 1460 550 1488 amor
577 1447 845 1500 conjugialis
871 1449 929 1489 sit
955 1449 1313 1490 fundamentalis
1339 1451 1539 1491 omnium
1566 1464 1771 1494 amorum

275 1509 543 1551 caelestium
576 1516 624 1551 et
656 1510 971 1564 spiritualium,
1006 1517 1053 1553 et
1085 1511 1190 1553 inde
1219 1513 1509 1554 naturalium.
1571 1515 1771 1557 Amores

275 1573 508 1614 naturales
541 1587 590 1614 se
627 1574 827 1630 referunt
864 1575 922 1615 ad
959 1588 1138 1616 amores
1176 1576 1244 1616 sui
1281 1582 1328 1618 et
1366 1577 1547 1628 mundi;
1590 1591 1770 1620 amores

274 1642 429 1677 autem
455 1636 715 1690 spirituales
740 1651 790 1678 se
816 1638 1015 1679 referunt
1041 1638 1099 1679 ad
1125 1651 1327 1681 amorem
1350 1653 1459 1693 erga
1484 1641 1769 1693 proximum;

273 1706 320 1740 et
343 1713 522 1740 amores
549 1699 775 1741 caelestes
801 1714 850 1741 se
875 1701 1075 1742 referunt
1101 1702 1159 1742 ad
1190 1715 1392 1743 amorem
1417 1704 1462 1743 in
1490 1703 1768 1755 Dominum;

273 1769 321 1803 et
347 1764 450 1816 quia
476 1763 595 1803 tales
621 1777 826 1804 amorum
853 1763 1102 1805 relationes
1128 1771 1248 1812 sunt,
1277 1771 1407 1819 patet
1433 1767 1478 1807 in
1501 1779 1589 1818 quo
1611 1767 1770 1808 ordine

274 1832 537 1879 sequuntur,
571 1832 617 1867 et
652 1826 696 1866 in
729 1840 818 1880 quo
849 1827 1004 1868 insunt
1041 1828 1161 1880 apud
1198 1827 1457 1880 hominem;
1501 1830 1687 1883 quando'
1713 1844 1770 1871 eo

273 1890 431 1930 ordine
459 1891 629 1939 insunt,
657 1896 765 1931 tune
791 1904 971 1932 amores
997 1891 1229 1933 naturales
1254 1893 1412 1933 vivunt
1438 1907 1497 1933 ex
1523 1894 1768 1946 spirituali-

272 1952 370 2001 bus,
391 1959 437 1994 et
459 1952 504 1994 hi
527 1967 586 1994 ex
605 1953 891 2005 caelestibus,
911 1960 958 1996 et
976 1968 1135 1996 omnes
1156 1955 1201 1996 in
1222 1955 1310 1997 hoc
1329 1955 1485 1997 ordine
1503 1970 1529 1997 a
1551 1956 1766 2008 Domino,

274 2028 301 2056 a
326 2029 414 2070 quo
441 2022 561 2056 sunt.

358 2077 456 2120 68.
491 2077 588 2133 (vi.)
625 2077 831 2133 Quodque
860 2079 906 2121 in
936 2080 1064 2122 illum
1094 2095 1287 2123 amorem
1310 2081 1471 2122 collata
1500 2082 1593 2124 sint
1621 2083 1769 2126 omnia

266 2142 442 2195 gaudia
480 2149 522 2183 et
564 2157 711 2183 omnes
756 2143 936 2185 deliciae
980 2159 1008 2185 a
1045 2144 1216 2197 primis
1265 2145 1331 2186 ad
1369 2145 1768 2188 ultima—Omnia

266 2205 479 2258 jucunda,
504 2219 796 2260 quaecunque
819 2208 1076 2248 sentiuntur
1101 2208 1158 2249 ab
1183 2207 1380 2257 homine,
1399 2215 1503 2249 sunt
1525 2209 1617 2262 ejus
1638 2223 1766 2251 amo-

272 2269 360 2319 ris;
403 2282 530 2309 amor
561 2282 639 2321 per
678 2269 756 2310 illa
796 2284 844 2311 se
884 2271 1161 2320 manifestat,
1189 2271 1327 2312 immo
1359 2272 1516 2313 existit
1549 2279 1595 2313 et
1627 2273 1765 2325 vivit;

273 2332 393 2386 quod
420 2331 618 2385 jucunda
649 2347 696 2374 se
729 2333 941 2375 exaltent
968 2335 1113 2388 gradu
1145 2349 1233 2388 quo
1264 2349 1313 2376 se
1344 2336 1523 2376 exaltat
1549 2349 1688 2385 amor,
1717 2345 1766 2379 ut

273 2401 319 2437 et
364 2395 479 2435 sicut
520 2395 775 2437 incidentes
815 2395 1076 2438 affeffiones
1115 2398 1296 2451 propius
1335 2404 1533 2451 tangunt
1564 2412 1765 2441 amorem

271 2466 557 2512 regnantem,
592 2466 752 2500 notum
784 2467 868 2501 est.
929 2460 1061 2502 Nunc
1098 2461 1202 2514 quia
1231 2474 1358 2502 amor
1388 2462 1653 2515 conjugialis
1695 2470 1764 2505 est

270 2521 623 2562 fundamentalis
641 2523 841 2563 omnium
859 2524 1081 2565 bonorum
1100 2537 1317 2572 amorum,
1337 2530 1383 2565 et
1405 2525 1508 2578 quia
1525 2526 1766 2579 inscriptus

272 2590 343 2626 est
374 2585 738 2638 singularissimis
763 2586 971 2635 hominis,
999 2593 1048 2628 ut
1080 2587 1198 2640 prius
1225 2593 1458 2628 ostensum
1490 2594 1575 2637 est,
1603 2602 1764 2630 conse-

272 2649 421 2702 quitur
442 2648 562 2702 quod
589 2648 706 2689 illius
727 2648 925 2701 jucunda
946 2650 1175 2691 excedant
1197 2649 1395 2703 jucunda
1417 2652 1615 2692 omnium
1637 2665 1765 2693 amo-

271 2726 383 2760 rum,
407 2718 454 2752 et
479 2725 656 2765 quoque
678 2710 896 2764 jucundet
922 2712 1006 2753 hos
1028 2713 1274 2753 secundum
1298 2714 1597 2765 praesentiam
1621 2728 1763 2765 suam,

272 2781 319 2816 et
351 2775 482 2815 simul
514 2772 880 2827 conjunftionem
912 2788 1013 2816 cum
1045 2775 1158 2826 illis3
1201 2776 1422 2829 expandit
1453 2777 1572 2817 enim
1603 2777 1765 2820 intima

273 2839 438 2879 mentis
463 2844 509 2879 et
535 2837 665 2878 simul
689 2838 848 2878 intima
865 2839 1077 2890 corporis,
1102 2839 1217 2879 sicut
1244 2838 1459 2880 deliciosa
1483 2853 1600 2881 vena
1625 2840 1764 2882 fontis

272 2900 365 2954 ejus
397 2901 621 2942 transfluit
653 2908 699 2942 et
730 2903 888 2954 aperit.
945 2901 1087 2955 ¹Quod
1133 2902 1178 2943 in
1210 2901 1328 2943 hunc
1360 2916 1560 2944 amorem
1592 2904 1766 2946 collata

272 2965 364 3006 sint
395 2966 547 3007 omnia
572 2965 770 3020 jucunda
799 2979 826 3006 a
861 2965 1014 3019 primis
1044 2966 1102 3007 ad
1135 2965 1307 3014 ultima,
1342 2973 1411 3007 est
1443 2974 1627 3020 propter
1658 2980 1763 3009 usus
