2014 3386
304 341 319 371 1
333 340 384 371 10
760 339 1003 371 DELICIAE
1035 339 1338 374 SAPIENTIAE

296 459 338 488 et
351 451 512 488 scribite
526 452 628 488 hanc
642 463 761 499 super
770 453 909 488 charta
921 464 1037 495 nova,
1048 460 1090 489 et
1104 453 1210 489 illam
1226 453 1408 500 reponite
1421 465 1541 500 super
1553 453 1628 489 hac
1642 464 1790 496 mensa,

298 512 338 541 et
357 505 600 546 videbimus;
626 506 658 540 si
680 507 882 541 sententia
906 518 1025 553 super
1045 508 1157 542 lance
1176 507 1405 553 aequilibris
1426 515 1466 542 et
1485 508 1594 553 justa
1613 514 1791 553 apparet,

297 558 458 593 dabitur
477 558 619 604 cuique
639 565 816 594 vestrum
838 560 1057 605 praemium
1078 560 1334 606 sapientiae.”
1385 560 1461 596 His
1486 560 1598 596 leeris
1619 571 1792 596 recesse-

298 617 391 647 runt
408 611 491 646 bini
509 611 653 657 angeli,
671 622 718 647 ac
735 612 881 657 sublati
900 619 994 648 sunt
1011 613 1051 648 in
1066 624 1161 648 suos
1178 613 1321 648 caelos.

372 664 422 699 Et
446 670 543 699 tunc
568 664 755 700 sedentes
780 676 899 711 super
923 666 1033 701 soliis
1059 666 1303 712 incipiebant
1321 664 1515 701 ventilare
1541 671 1581 701 et
1607 665 1792 701 evolvere

296 727 440 752 arcana
453 717 530 752 illis
549 717 767 763 proposita,
785 725 826 753 et
843 718 967 754 locuti
985 726 1079 754 sunt
1098 719 1136 754 in
1155 719 1306 759 ordine,
1325 718 1496 764 primum
1511 719 1579 764 qui
1598 718 1792 754 sedebant

296 770 347 804 ad
370 770 695 815 septentrionem,
717 770 809 806 dein
831 771 886 805 illi
907 772 977 817 qui
998 772 1048 806 ad
1070 772 1333 812 occidentem,
1355 778 1495 818 postea
1514 771 1582 818 qui
1603 771 1653 806 ad
1675 770 1792 806 meri·

297 824 415 863 diem,
428 831 469 859 et
483 824 625 859 ultimo
636 824 703 870 qui
718 825 766 859 ad
780 824 975 860 orientem
991 837 1000 867 ;
1020 833 1062 861 et
1074 833 1375 872 assumpserunt
1384 825 1555 871 primurn
1566 823 1790 870 subjectum

295 876 579 916 ventilationis,
598 877 707 922 quod
733 884 828 920 erat,
850 878 959 923 Quid
979 880 1109 925 imago
1131 880 1220 920 Dei,
1237 883 1274 913 et
1292 878 1392 924 quid
1405 878 1625 913 similitudo
1641 878 1730 917 Dei,
1749 879 1791 911 in

296 940 393 974 quas
417 929 525 964 homo
548 934 703 964 creatus
725 934 791 966 est.
841 931 956 966 Tunc
981 931 1154 978 primum
1188 942 1238 967 ex
1269 931 1389 966 Libro
1415 931 1632 967 Creatzbmze
1655 940 1789 965 coram
1841 925 1845 929 ⁴

297 982 485 1017 omnibus
503 981 701 1028 praelecta
718 989 812 1018 sunt
829 983 950 1019 haec:

358 1052 376 1064 ‘¹
391 1049 481 1078 Dixit
498 1050 596 1083 Deus,
610 1049 783 1078 'Faciamus
796 1049 960 1079 hominem
975 1049 1008 1079 in
1019 1049 1192 1088 imaginem
1206 1055 1346 1080 nostram
1363 1050 1540 1080 secundum
1554 1049 1792 1079 similitudinem

459 1094 617 1124 nostram3
635 1113 642 1119 .
661 1112 667 1120 .
682 1113 688 1119 .
706 1112 714 1120 .
725 1094 756 1118 et
781 1090 898 1119 creavit
921 1091 1010 1119 Deus
1022 1091 1187 1121 hominem
1207 1091 1240 1120 in
1261 1092 1432 1129 imaginem
1447 1099 1548 1125 suam,
1563 1091 1596 1119 in
1621 1091 1792 1128 imaginem

459 1130 520 1159 Dei
535 1130 652 1159 creavit
666 1130 754 1159 illum
769 1130 786 1140 ”
804 1130 898 1169 (Gen.
913 1131 932 1160 i.
950 1132 999 1166 26,
1015 1131 1067 1169 27)
1081 1141 1089 1161 :

359 1173 377 1186 ¹·
390 1171 465 1208 Quo
480 1171 532 1200 die
548 1171 636 1200 Deus
649 1171 766 1200 creavit
779 1171 954 1206 hominem,
969 1172 1002 1200 in
1016 1172 1257 1201 similitudinem
1272 1172 1333 1201 Dei
1349 1171 1422 1201 fecit
1435 1180 1510 1201 eum
1521 1171 1539 1181 '⁹
1557 1169 1654 1211 (Gen.
1668 1180 1698 1202 v.
1714 1169 1751 1210 i).

372 1243 434 1278 Illi
455 1243 521 1289 qui
541 1243 735 1279 sedebant
755 1243 806 1278 ad
828 1243 1140 1289 septentrionem
1160 1243 1332 1290 primum
1349 1243 1474 1279 lOcuti
1492 1250 1596 1284 sunt,
1614 1243 1794 1280 dicentes

297 1297 405 1342 quod
428 1296 560 1343 imago
582 1296 656 1331 Dei
687 1303 728 1331 et
757 1296 978 1331 similitudo
998 1296 1074 1332 Dei
1103 1296 1184 1332 sint
1203 1297 1320 1332 binae
1339 1296 1446 1332 vitae
1467 1296 1620 1332 homini
1650 1307 1675 1332 a
1705 1295 1793 1332 Deo

299 1350 525 1395 inspiratae,
544 1360 645 1395 quae
663 1355 757 1385 sunt
773 1349 857 1384 vita
871 1349 1092 1385 voluntatis
1111 1356 1153 1385 et
1172 1350 1257 1385 vita
1274 1348 1520 1390 intellectu&
1547 1355 1567 1368 ‘¹
1580 1360 1672 1384 nam
1694 1349 1793 1396 legi-

297 1409 376 1444 tur,

359 1468 523 1509 ‘Jehovah
547 1468 653 1498 Deus.
669 1491 675 1498 .
691 1467 872 1505 .inspiravit
897 1467 929 1496 in
950 1466 1060 1497 nares'
1075 1467 1193 1497 Adami
1208 1468 1366 1498 'animam
1387 1468 1541 1504 vitarum;
1570 1472 1602 1497 et
1622 1467 1726 1497 fatstus
1747 1472 1794 1497 est

459 1509 558 1538 homo
573 1509 605 1537 in
620 1509 759 1538 animam
775 1509 934 1537 viventem
946 1507 952 1518 '
966 1506 1061 1548 (Gen.
1076 1509 1106 1539 ii.
1122 1507 1176 1549 7);

301 1578 361 1612 ‘in
388 1577 522 1613 nares’
544 1584 606 1613 est
633 1577 672 1612 in
699 1577 1009 1623 perceptionem,
1035 1578 1143 1623 quod
1163 1578 1349 1614 voluntas
1375 1577 1470 1613 boni
1494 1588 1541 1613 ac
1567 1577 1794 1614 intellectus

298 1631 394 1672 veri,
413 1638 454 1666 et
476 1631 532 1666 sic
553 1631 686 1666 anima
705 1630 877 1666 vitarum
900 1630 955 1665 illi
977 1630 1146 1672 inesset;
1171 1637 1212 1666 et
1232 1631 1326 1677 quia
1341 1631 1426 1666 vita
1445 1642 1469 1666 a
1491 1631 1577 1667 Deo
1596 1631 1650 1666 illi
1670 1631 1792 1677 inspi—

299 1691 385 1719 rata
398 1690 469 1724 est,
483 1684 614 1730 imago
629 1691 669 1719 et
686 1683 907 1719 similitudo
924 1683 996 1719 Dei
1011 1683 1235 1730 significant
1250 1684 1521 1731 integritatem
1537 1695 1585 1720 ex
1598 1683 1795 1731 sapientia

300 1744 341 1773 et
358 1747 505 1776 amore,
525 1748 652 1783 exque
668 1737 825 1783 justitia
842 1743 883 1772 et
899 1737 1050 1783 judicio
1069 1738 1106 1771 in
1127 1737 1230 1772 illo.’'

372 1789 448 1825 His
470 1790 525 1824 illi
544 1790 610 1836 qui
633 1790 826 1825 sedebant
844 1790 892 1825 ad
915 1790 1164 1825 occidentem
1182 1789 1388 1829 faverunt:
1413 1789 1640 1835 adjiciendo
1657 1795 1793 1824 tamen

300 1843 387 1882 hoc,
403 1843 511 1888 quod
530 1850 659 1878 status
673 1843 737 1878 ille
753 1843 993 1889 integritatis
1011 1842 1226 1888 inspiratus
1243 1853 1266 1877 a
1280 1842 1380 1883 Deo,
1394 1842 1521 1877 cuivis
1535 1842 1688 1877 homini
1703 1847 1795 1888 post

300 1896 412 1930 illum
434 1895 625 1931 continue
644 1896 877 1942 inspiretur;
903 1896 972 1931 sed
991 1897 1098 1942 quod
1121 1895 1160 1930 in
1183 1895 1346 1931 homine
1367 1895 1419 1930 sit
1436 1895 1538 1930 sicut
1560 1895 1599 1929 in
1618 1902 1795 1941 recepta-

300 1949 411 1989 culo;
438 1959 485 1983 ac
503 1949 636 1988 homo,
656 1949 759 1984 sicut
777 1956 838 1984 est
857 1949 1163 1994 receptaculum,
1177 1955 1238 1983 est
1257 1948 1390 1995 imago
1407 1955 1447 1983 et
1465 1948 1687 1983 similitudo
1707 1947 1794 1984 Dei.

373 2001 520 2036 Postea
533 2001 639 2036 tertii
660 2001 699 2036 in
714 2001 864 2042 ordine,
880 2002 947 2047 qui
963 2008 1075 2037 erant
1088 2001 1156 2047 qui
1175 2001 1366 2036 sedebant
1383 2001 1432 2036 ad
1452 2001 1670 2041 meridiem,
1685 2001 1796 2037 dixe-

300 2061 404 2095 runt,
418 2054 588 2100 “Imago
605 2054 677 2089 Dei
693 2060 734 2089 et
747 2054 969 2090 similitudo
986 2054 1059 2090 Dei
1072 2061 1166 2090 sunt
1179 2054 1260 2090 duo
1274 2053 1472 2094 distincta,
1487 2054 1557 2089 sed
1578 2054 1617 2089 in
1632 2054 1796 2090 homine

300 2119 324 2142 a
344 2107 545 2142 creatione
567 2107 701 2147 unita;
735 2114 776 2142 et
800 2107 984 2142 videmus
1005 2108 1107 2142 sicut
1128 2118 1177 2143 ex
1202 2108 1291 2143 luce
1312 2107 1511 2147 interiore,
1530 2107 1639 2153 quod
1663 2107 1797 2153 imago

303 2159 378 2195 Dei
394 2160 522 2206 possit
535 2160 710 2206 disperdi
725 2161 775 2195 ab
788 2160 961 2200 homine,
978 2171 1057 2196 non
1073 2167 1206 2196 autem
1222 2161 1446 2196 similitudo
1462 2160 1557 2201 Dei;
1583 2160 1661 2195 hoc
1675 2171 1796 2206 appa-

303 2220 362 2249 ret
382 2213 486 2249 sicut
506 2224 576 2259 per
595 2220 852 2257 transennam
874 2224 923 2248 ex
943 2224 1003 2254 eo,
1021 2214 1128 2259 quod
1148 2214 1328 2249 Adamus
1342 2213 1550 2249 retinuerit
1567 2213 1797 2249 similitudi-

303 2278 392 2302 nem
413 2266 498 2306 Dei,
522 2274 732 2313 postquam
751 2266 938 2302 amiserat
956 2266 1169 2313 imaginem
1190 2266 1275 2307 Dei,
1294 2277 1386 2302 nam
1404 2267 1550 2313 legitur
1567 2274 1658 2313 post
1676 2267 1795 2301 male-

302 2319 530 2359 dielionem,

362 2386 369 2399 ⁶
382 2384 466 2414 Ecce
480 2384 579 2413 homo
594 2388 640 2412 est
654 2383 734 2413 sicut
749 2392 832 2413 unus
846 2393 884 2413 ex
899 2384 1001 2419 nobis,
1016 2384 1147 2414 sciendo
1160 2383 1282 2413 bonum
1297 2388 1329 2413 et
1343 2384 1463 2413 malum
1475 2383 1482 2393 '
1498 2382 1593 2423 (Gen.
1609 2384 1649 2413 iii.
1668 2382 1721 2423 22)
1735 2392 1742 2419 ;

301 2463 342 2493 et
359 2463 499 2503 postea
515 2463 682 2492 vocatur
697 2456 918 2492 similitudo
938 2456 1024 2497 Dei,
1042 2463 1083 2492 et
1101 2467 1180 2492 non
1197 2456 1330 2503 imago
1349 2456 1422 2492 Dei
1439 2457 1546 2501 (Gen.
1560 2467 1597 2492 v.
1620 2456 1667 2500 ι).
1717 2455 1794 2491 Sed

302 2510 573 2555 relinquamus
597 2510 796 2545 consociis
822 2510 980 2550 nostris,
1005 2510 1072 2555 qui
1095 2510 1145 2545 ad
1171 2510 1366 2545 orientem
1392 2510 1546 2550 sedent,
1568 2515 1609 2544 et
1636 2508 1729 2544 inde
1757 2508 1796 2543 in

302 2563 503 2609 superiore
522 2563 611 2597 luce
629 2569 733 2602 sunt,
749 2563 892 2603 dicere,
907 2563 1003 2609 quid
1023 2563 1182 2609 pro‘prie
1201 2563 1334 2609 imago
1354 2563 1427 2598 Dei
1446 2569 1516 2603 est,
1532 2568 1573 2598 et
1590 2562 1686 2608 quid
1706 2572 1795 2608 pro-

302 2617 386 2663 prie
404 2616 625 2652 similitudo
645 2615 755 2651 Dei.’'

375 2670 425 2705 Et
438 2676 535 2704 tunc
553 2675 645 2715 post
662 2668 865 2704 silentium
884 2667 1043 2709 factum,
1062 2668 1247 2703 sedentes
1265 2668 1313 2703 ad
1332 2667 1528 2703 orientem
1546 2678 1568 2702 e
1586 2667 1697 2703 soliis
1711 2678 1795 2703 sur·

302 2729 501 2763 rexerunt,
520 2728 561 2757 et
578 2728 843 2767 suspexerunt
864 2722 913 2756 ad
938 2721 1166 2761 Dominum,
1185 2727 1226 2756 et
1247 2727 1339 2766 post
1357 2721 1594 2756 remiserunt
1615 2731 1657 2756 se
1678 2731 1797 2766 super

303 2776 413 2817 solia,
435 2782 475 2811 et
500 2775 698 2814 dixerunt,
720 2774 827 2820 quod
860 2774 992 2820 imago
1020 2774 1093 2809 Dei
1120 2774 1172 2809 sit
1198 2774 1494 2819 receptaculum
1527 2773 1613 2813 Dei,
1636 2779 1677 2808 et
1702 2773 1794 2819 quia

307 2829 413 2864 Deus
431 2835 493 2864 est
511 2828 594 2874 ipse
611 2838 724 2863 amor
741 2834 782 2862 et
800 2827 885 2873 ipsa
903 2827 1108 2872 sapientia,
1127 2827 1234 2872 quod
1254 2826 1386 2873 imago
1406 2827 1480 2862 Dei
1498 2827 1550 2862 sit
1568 2833 1795 2872 receptacu-

304 2883 384 2916 lum
400 2882 546 2917 amoris
560 2888 600 2917 et
612 2880 831 2926 sapientiae
845 2891 869 2915 a
884 2880 970 2915 Deo
986 2880 1023 2914 in
1040 2880 1126 2920 illo;
1147 2886 1188 2914 at
1201 2880 1308 2925 quod
1321 2880 1542 2915 similitudo
1555 2879 1629 2915 Dei
1643 2880 1695 2915 sit
1709 2890 1795 2925 per-

306 2935 409 2970 fecta
429 2934 650 2970 similitudo
672 2940 712 2969 et
733 2933 851 2979 plena
871 2933 1104 2978 apparentia
1124 2932 1227 2968 sicut
1247 2943 1361 2968 amor
1379 2940 1420 2968 et
1439 2932 1635 2978 sapientia
1651 2933 1732 2968 sint
1755 2931 1794 2966 in

303 2989 477 3030 homine,
499 2994 540 3024 et
559 2988 652 3023 inde
673 2997 833 3034 prorsus
853 2986 956 3022 sicut
977 2986 1082 3032 ejus;
1120 2986 1274 3021 “homo
1295 2985 1401 3021 enim
1423 2996 1503 3021 non
1525 2986 1647 3022 sentit
1667 2985 1795 3026 aliter,
