2014 3386
271 347 360 400 284
733 352 977 388 DELICIAE
1015 351 1320 385 SAPIENTIAE

480 462 567 509 (iii.)
604 463 720 510 Quod
737 464 841 500 zelus
860 463 1088 506 bomini'sit,
1110 466 1239 510 qualis
1262 470 1317 501 est
1341 467 1424 512 ejus
1443 478 1562 508 amor,
1585 469 1644 502 ita
1669 467 1773 504 alius

694 514 764 547 cui
776 524 888 547 amor
904 513 1019 548 bonus
1034 516 1097 553 est,
1116 517 1152 547 et
1167 514 1272 548 alius
1286 516 1355 548 cui
1367 525 1478 549 amor
1493 515 1630 550 malus.

489 558 574 603 (iv.)
609 558 723 605 Quod
734 560 838 594 zelus
855 562 1001 595 amoris
1017 561 1114 600 boni,
1129 564 1166 594 et
1180 561 1284 595 zelus
1299 563 1445 596 amoris
1460 563 1568 601 mali,
1583 564 1625 596 in
1644 567 1773 598 exter—

696 608 758 641 nis
774 608 850 642 sibi
865 608 1009 642 similes
1027 609 1116 648 sint,
1133 608 1203 642 sed
1221 609 1266 643 in
1291 611 1460 644 internis
1471 612 1639 655 prorsus
1657 610 1773 646 dissi-

696 654 815 690 miles.
1136 663 1139 665 ’

499 701 567 746 (ν.)
604 701 718 746 Quod
737 702 841 736 zelus
856 702 1003 736 amoris
1019 701 1111 735 boni
1126 703 1170 736 in
1188 704 1357 738 internis
1371 704 1453 738 suis
1470 703 1652 738 recondat
1667 715 1773 739 amo·

695 759 776 783 rem
809 752 846 783 et
869 750 1087 784 amicitiam
1098 762 1115 790 ,·
1146 753 1190 784 at
1206 751 1310 795 quod
1323 750 1426 785 zelus
1442 752 1588 785 amoris
1607 751 1709 786 mali
1729 753 1773 786 in

697 796 866 831 internis
881 798 961 831 suis
977 796 1159 831 recondat
1175 798 1306 832 odium
1324 802 1362 832 ct
1380 798 1607 833 vindic‘lam.

487 842 572 887 (vi.)
609 842 723 888 Quod
734 843 837 878 zelus
852 845 999 878 amoris
1012 844 1249 889 conjugialis
1264 845 1423 879 dicatur
1437 845 1637 891 zelotypia.

476 890 575 936 (vii.)
613 890 727 936 Quod
733 890 918 937 zelotypia
928 892 981 925 sit
996 892 1097 925 sicut
1103 892 1293 937 flagrans
1310 893 1418 938 ignis
1431 896 1566 926 contra
1579 893 1771 939 infestan-

695 941 750 972 tes
761 950 929 973 amorem
943 949 1028 972 cum
1042 939 1203 985 conjuge
1213 953 1230 981 ,·
1253 943 1291 974 et
1302 940 1405 984 quod
1410 941 1464 974 sit
1474 941 1574 974 sicut
1586 940 1774 975 horridus

697 986 817 1020 timor
824 986 1074 1031 projac‘lura
1093 986 1203 1021 illius
1218 989 1375 1022 amoris.

457 1022 570 1077 (viii.)
607 1031 720 1078 Quod
738 1032 924 1078 zelotypia
949 1033 1064 1067 detur
1087 1034 1314 1078 spiritualis
1337 1033 1448 1080 apud
1466 1045 1718 1081 monogamos,
1736 1037 1774 1069 et

696 1080 895 1114 naturalis
911 1081 1023 1126 apud
1027 1081 1260 1128 polygamos.

482 1127 567 1173 (ix.)
604 1126 718 1173 Quod
729 1128 914 1173 zelotypia
934 1129 1045 1174 apud
1058 1129 1143 1163 illos
1152 1129 1331 1176 conjuges
1346 1129 1420 1173 qui
1431 1139 1469 1162 se
1484 1131 1611 1163 tenere
1622 1132 1771 1168 amant,

695 1175 749 1209 sit
754 1175 893 1220 justus
908 1176 1016 1211 dolor
1031 1187 1080 1211 ex
1095 1187 1194 1210 sana
1208 1178 1371 1217 ratione,
1385 1187 1432 1211 ne
1448 1187 1559 1211 amor
1569 1177 1772 1222 conjugia—

696 1222 747 1257 lis
763 1223 981 1264 dividatur,
1000 1227 1037 1258 ct
1052 1225 1109 1258 sic
1117 1226 1266 1269 pereat.

498 1270 566 1314 (x.)
605 1269 718 1315 Quod
737 1270 925 1316 zelotypia
951 1270 1062 1316 apud
1082 1272 1261 1319 conjuges
1288 1271 1362 1316 qui
1388 1282 1427 1305 se
1451 1281 1524 1305 non
1550 1273 1698 1310 amant,
1720 1271 1774 1305 sit

687 1319 854 1363 propter
870 1317 1008 1363 plures
1031 1329 1169 1353 causas
1178 1330 1196 1360 ,·
1228 1318 1339 1364 apud
1359 1318 1542 1364 quosdam
1575 1329 1624 1353 ex
1651 1319 1771 1352 varia

700 1365 950 1410 aegritudine
962 1367 1111 1400 mentis.

481 1410 566 1456 (xi.)
604 1411 718 1458 Quod
733 1412 845 1468 apud
856 1412 1039 1468 quosdam
1057 1423 1131 1448 non
1147 1414 1201 1448 sit
1216 1413 1352 1458 aliqua
1368 1412 1567 1459 zelotypia,
1585 1414 1705 1448 etiam
1723 1422 1773 1447 ex

695 1470 825 1493 varus
840 1470 977 1495 causzs.

468 1505 565 1551 (xii.)
603 1506 716 1552 Quod
735 1506 923 1552 zelotypia
948 1508 1067 1542 etiam
1091 1509 1146 1542 sit
1162 1509 1241 1553 pro
1257 1507 1471 1554 pellicibus,
1488 1507 1558 1542 sed
1578 1518 1654 1542 non
1677 1506 1773 1542 talis

697 1554 826 1599 qualis
842 1559 898 1589 est
907 1556 985 1599 pro
1002 1555 1196 1590 uxoribus.

462 1600 574 1645 (xiii.)
613 1601 726 1646 Quod
737 1601 922 1647 zelotypia
939 1603 1056 1637 etiam
1073 1604 1128 1637 sit
1144 1602 1255 1648 apud
1267 1602 1413 1642 bestias,
1431 1605 1468 1636 et
1484 1601 1595 1647 apud
1607 1612 1707 1637 aves.

465 1648 573 1693 (xiv.)
611 1648 724 1694 Quod
743 1649 931 1694 zelotypia
956 1650 1068 1694 apud
1087 1652 1194 1684 viros
1216 1653 1253 1684 et
1276 1651 1440 1684 maritos
1462 1650 1546 1684 alia
1569 1651 1634 1690 sit,
1652 1659 1769 1695 quam

698 1696 811 1742 apud
811 1697 993 1743 seminas
1008 1700 1046 1732 et
1061 1708 1210 1738 uxores,

274 1801 485 1856 Sequitur
511 1816 628 1843 nunc
654 1802 815 1844 horum
842 1802 1104 1857 explicatio.

356 1866 488 1920 358.
523 1865 589 1920 (i.)
626 1865 755 1916 Quod
773 1866 894 1907 zelus
915 1866 961 1907 in
982 1880 1030 1907 se
1048 1866 1275 1919 speHatus
1292 1866 1355 1907 sit
1374 1865 1487 1906 sicut
1506 1864 1625 1918 ignis
1646 1878 1767 1906 amo·

272 1928 340 1970 ris
368 1928 783 1984 flagrans.--Quid
825 1929 1072 1982 zelotypia,
1106 1943 1198 1970 non
1231 1930 1448 1983 cognosci
1480 1934 1649 1981 potest,
1682 1927 1767 1969 nisi

274 2000 581 2047 cognoscatur
612 1993 716 2046 quid
750 1993 899 2045 zelus;
941 2001 1012 2034 est
1045 1994 1165 2034 enim
1192 1993 1422 2046 zelotypia
1452 1992 1574 2033 zelus
1601 1992 1767 2032 amoris

274 2056 554 2110 conjugialis.
617 2055 752 2109 Quod
785 2056 908 2097 zelus
954 2057 1013 2097 sit
1059 2057 1176 2098 sicut
1208 2057 1326 2109 ignis
1357 2055 1522 2096 amoris
1554 2055 1766 2108 flagrans,

273 2127 344 2162 est
371 2122 474 2174 quia
500 2119 624 2160 zelus
649 2126 720 2161 est
752 2121 931 2170 amoris,
959 2126 1006 2161 et
1033 2133 1162 2161 amor
1187 2126 1257 2160 est
1283 2119 1408 2160 calor
1432 2119 1692 2172 spiritualis,
1721 2124 1769 2160 et

273 2183 345 2225 hic
378 2185 422 2224 in
456 2184 629 2236 origine
655 2197 736 2224 sua
766 2190 836 2224 est
867 2184 984 2224 sicut
1011 2184 1142 2237 ignis.
1206 2182 1341 2236 Quod
1365 2183 1556 2235 primum
1583 2183 1766 2228 attinet,

273 2247 393 2301 quod
421 2246 544 2287 zelus
570 2247 628 2287 sit
654 2247 835 2296 amoris,
863 2247 1091 2297 noscitur;
1124 2259 1214 2287 non
1241 2246 1364 2286 aliud
1392 2245 1665 2298 intelligitur
1690 2258 1770 2298 per

274 2310 422 2351 zelare
454 2316 500 2351 et
540 2323 676 2362 agere
707 2323 767 2350 ex
799 2309 911 2359 zelo,
945 2323 1078 2363 quam
1110 2310 1154 2350 vi
1185 2309 1378 2359 amoris;
1421 2309 1500 2349 sed
1532 2309 1635 2362 quia
1666 2318 1778 2349 cum·

274 2374 451 2422 existit,
477 2387 567 2414 non
591 2380 780 2426 apparet
806 2374 923 2414 sicut
945 2386 1086 2422 amor,
1110 2373 1191 2414 sed
1214 2373 1329 2414 sicut
1356 2373 1561 2413 inimicus
1587 2378 1633 2412 et
1659 2371 1769 2412 hos—

274 2438 349 2487 tis,
377 2437 575 2478 infensus
607 2444 654 2478 et
688 2450 896 2490 pugnans
923 2443 1084 2478 contra
1115 2436 1241 2477 illum
1268 2437 1341 2490 qui
1373 2449 1574 2476 amorem
1609 2435 1766 2484 laedit,

274 2499 378 2551 ideo
404 2502 542 2542 etiam
569 2501 719 2541 vocari
746 2507 901 2554 potest
928 2500 1138 2541 defensor
1168 2506 1215 2540 et
1247 2506 1373 2540 tutor
1398 2500 1590 2550 amoris;
1623 2498 1770 2539 omnis

275 2566 396 2606 enim
423 2578 551 2605 amor
576 2565 678 2604 talis
705 2570 790 2613 est,
819 2570 867 2604 ut
894 2569 1101 2616 erumpat
1134 2563 1177 2603 in
1204 2563 1569 2615 indignationem
1601 2568 1647 2602 et
1680 2562 1767 2602 ira-

275 2629 502 2675 cundiam,
524 2628 662 2668 immo
680 2628 723 2668 in
742 2627 950 2676 furorem,
971 2627 1078 2667 dum
1101 2640 1159 2667 ex
1179 2626 1269 2666 suis
1283 2625 1491 2679 jucundis
1508 2625 1766 2666 excutitur:

275 2705 411 2746 quare
431 2691 466 2731 si
483 2704 624 2738 amor,
645 2691 861 2744 imprimis
880 2703 1089 2743 regnans,
1109 2690 1327 2742 tangitur,
1347 2688 1397 2730 fit
1416 2689 1587 2729 emotio
1604 2688 1768 2738 animi;

275 2763 322 2796 et
354 2756 390 2796 si
422 2753 570 2796 taetus
598 2754 673 2795 ille
700 2754 855 2803 laedit,
884 2753 934 2795 fit
966 2753 1379 2795 excandescentia:
1422 2766 1482 2793 ex
1514 2751 1673 2805 quibus
1702 2751 1769 2791 vi-

275 2820 371 2861 deri
397 2825 567 2872 potest,
591 2818 712 2872 quod
736 2818 858 2859 zelus
881 2831 971 2859 non
997 2817 1054 2858 sit
1081 2830 1281 2857 summus
1303 2816 1470 2869 gradus
1492 2816 1669 2864 amoris,
1689 2814 1770 2855 sed

276 2883 397 2937 quod
435 2883 493 2924 sit
535 2882 731 2935 flagrans
763 2895 905 2922 amor.
966 2880 1113 2922 Amor
1154 2880 1282 2920 unius
1319 2886 1367 2920 et
1408 2878 1770 2932 correspondens

276 2946 477 2992 alterius,
506 2952 611 2986 sunt
637 2946 754 2986 sicut
786 2945 876 2985 duo
901 2939 1237 2994 confoederati3
1275 2948 1323 2983 at
1355 2955 1456 2983 cum
1489 2955 1616 2983 amor
1641 2941 1770 2982 unius

277 3010 470 3063 insurgit
497 3016 660 3051 contra
683 3021 885 3050 amorem
909 3007 1106 3058 alterius,
1134 3005 1247 3048 fiunt
1273 3006 1388 3048 sicut
1419 3005 1604 3057 hostes;
1637 3019 1771 3047 causa
