2014 3386
284 344 362 388 132
744 343 989 376 DELICIAE
1021 342 1326 376 SAPIENTIAE

279 453 437 496 mentis,
459 465 533 491 nec
557 453 838 491 absconditum
865 454 941 490 illis
962 460 1023 490 est
1043 454 1278 501 quicquam
1303 454 1453 496 vident,
1476 453 1715 501 percipiunt,
1737 460 1778 491 et

279 508 461 545 sentiunt
478 508 667 555 quicquid
683 519 732 544 ex
745 509 952 544 voluntate
966 514 1102 544 nostra
1116 508 1317 554 procedit;
1342 515 1384 544 et
1398 520 1471 544 nos
1485 508 1659 544 vicissim
1678 508 1777 544 nihil

278 563 385 609 apud
406 573 570 603 uxores;
597 562 675 597 hoc
697 562 835 597 datum
857 568 919 597 est
939 562 1141 602 uxoribus,
1161 561 1255 607 quia
1274 568 1368 598 sunt
1388 573 1543 598 amores
1560 562 1778 602 tenerrimi,

279 622 320 650 et
337 621 528 661 tanquam
546 615 619 650 zeli
633 615 820 649 ardentes
839 625 911 660 pro
925 614 1228 650 conservatione
1241 615 1440 650 amicitiae
1457 621 1498 651 et
1511 615 1779 650 confidentiae

279 669 529 715 conjugialis,
543 675 584 704 et
604 668 662 704 sic
679 667 888 713 utriusque
906 667 1108 703 felicitatis
1124 667 1240 709 vitae,
1259 679 1377 714 quam
1397 669 1644 714 prospiciunt
1662 668 1780 704 mari-

278 722 331 757 tis
349 729 390 757 et
407 722 482 758 sibi
501 733 550 758 ex
568 722 688 757 insita
708 721 836 756 amori
855 721 1011 757 illarum
1030 721 1235 767 sapientia,
1253 732 1356 767 quae
1372 728 1455 757 tam
1475 723 1592 768 plena
1609 729 1670 757 est
1687 733 1781 768 pru-

278 776 417 811 dentia
436 782 481 811 ut
507 787 588 811 non
613 776 750 818 velint,
772 783 813 812 et
838 776 932 813 inde
957 789 1039 814 non
1065 777 1220 824 possint
1245 776 1386 817 dicere,
1408 776 1516 823 quod
1541 782 1688 817 ament,
1709 775 1780 811 sed

279 829 388 875 quod
407 829 627 864 amentur.''

354 881 405 916 Et
423 882 612 927 quaesivi,
632 881 744 918 “Cur
761 893 842 918 non
859 883 1013 924 volunt,
1032 889 1074 919 et
1092 882 1184 918 inde
1202 893 1283 917 non
1303 887 1472 928 possunt
1482 880 1522 917 ?''

354 935 677 980 Responderunt,
697 937 805 982 quod
827 937 860 972 si
882 937 1091 972 minimum
1112 937 1191 972 tale
1213 936 1437 972 elaberetur
1453 947 1502 971 ex
1522 945 1590 971 ore
1611 934 1779 975 illarum,

280 987 405 1035 frigus
432 989 638 1024 invaderet
664 990 839 1031 maritos,
858 997 899 1026 et
924 997 1125 1036 separaret
1150 1001 1174 1026 a
1197 996 1298 1030 toro,
1320 989 1515 1029 cubiculo,
1535 995 1576 1024 et
1597 987 1781 1035 aspeftm

281 1042 383 1077 “sed
398 1042 478 1077 hoc
496 1043 541 1077 fit
561 1043 638 1078 illis
656 1044 723 1089 qui
739 1055 819 1079 non
838 1043 974 1079 sancta
988 1044 1138 1079 habent
1155 1043 1353 1090 conjugia,
1368 1050 1408 1078 et
1427 1042 1517 1078 ideo
1535 1053 1615 1078 non
1634 1053 1683 1077 ex
1701 1042 1781 1088 spi-

281 1095 413 1130 rituali
432 1106 568 1131 amore
582 1103 718 1131 amant
732 1108 822 1132 suas
837 1108 1001 1138 uxores:
1026 1097 1141 1132 aliter
1154 1096 1199 1132 fit
1217 1096 1292 1132 illis
1310 1096 1378 1142 qui
1396 1102 1552 1137 amant:
1580 1095 1618 1130 in
1637 1096 1781 1131 horum

281 1148 482 1184 mentibus
501 1160 614 1184 amor
628 1149 693 1184 ille
712 1156 773 1185 est
791 1150 1018 1196 spiritualis,
1031 1157 1072 1185 et
1089 1161 1138 1186 ex
1155 1149 1233 1185 hoc
1252 1149 1291 1184 in
1305 1160 1472 1195 corpore
1490 1155 1551 1184 est
1569 1148 1783 1184 naturalis:

281 1216 356 1241 nos
384 1205 424 1240 in
453 1206 527 1241 hac
554 1206 645 1241 aula
671 1216 808 1240 sumus
836 1204 876 1239 in
904 1204 982 1240 hoc
1003 1215 1143 1239 *amore
1171 1214 1219 1239 ex
1250 1203 1329 1244 illo,
1356 1213 1478 1249 quare
1503 1202 1782 1238 concredimus

282 1259 435 1294 maritis
453 1270 596 1294 arcana
614 1259 663 1294 de
681 1258 833 1293 deliciis
851 1258 999 1293 amoris
1017 1256 1253 1302 conjugialis
1271 1255 1454 1292 nostris.”

353 1313 467 1348 Tunc
484 1312 661 1348 officiose
681 1312 829 1359 rogavi,
847 1319 892 1347 ut
913 1311 1035 1347 etiam
1057 1311 1154 1346 mihi
1180 1310 1331 1356 aliquid
1353 1309 1403 1345 de
1424 1308 1577 1345 arcanis
1595 1309 1672 1344 illis
1690 1319 1784 1355 ape·

282 1373 418 1402 rirent.

356 1419 406 1454 Et
433 1419 539 1454 illico
565 1417 801 1464 spectabant
826 1418 876 1453 ad
902 1417 1118 1452 fenestram
1144 1416 1282 1463 plagae
1303 1414 1494 1455 meridiei,
1516 1421 1556 1450 et
1581 1425 1674 1450 ecce
1698 1414 1785 1450 visa

281 1478 344 1507 est
364 1472 550 1507 columba
569 1471 752 1512 candida,
770 1471 884 1516 cujus
905 1471 990 1505 alae
1011 1470 1193 1505 nitebant
1213 1469 1316 1504 sicut
1337 1480 1385 1503 ex
1406 1475 1584 1514 argento,
1602 1474 1643 1503 et
1664 1474 1784 1513 caput

283 1524 517 1571 insignitum
535 1531 620 1560 erat
638 1535 787 1559 corona
804 1523 907 1559 sieut
924 1534 973 1559 ex
990 1533 1098 1563 auro,
1114 1529 1224 1558 stans
1242 1532 1360 1567 super
1377 1532 1498 1561 ramo,
1513 1532 1534 1556 e
1552 1531 1632 1567 quo
1650 1520 1785 1556 exibat

282 1577 409 1619 oliva;
436 1588 538 1623 quae
560 1588 651 1613 cum
679 1577 718 1612 in
747 1583 894 1612 conatu
922 1575 1173 1621 expandendi
1198 1575 1279 1610 alas
1301 1581 1397 1615 erat,
1419 1574 1607 1609 dicebant
1627 1583 1783 1613 uxores,

283 1630 556 1676 “Aperiemus
582 1630 753 1676 aliquid;
779 1630 964 1665 columba
989 1629 1056 1664 illa
1081 1629 1176 1663 dum
1205 1634 1379 1673 apparet,
1398 1633 1460 1662 est
1486 1627 1600 1662 nobis
1626 1626 1784 1672 signum

283 1683 391 1729 quod
418 1683 572 1719 liceat.’'
620 1683 671 1718 Et
693 1683 891 1723 dixerunt,
915 1681 1050 1717 “Sunt
1076 1680 1291 1726 unicuique
1315 1680 1402 1716 viro
1428 1680 1602 1726 quinque
1632 1690 1784 1719 sensus,

282 1736 402 1776 visus,
421 1737 594 1776 auditus,
610 1734 792 1777 olfaftus,
807 1742 947 1781 gustus
968 1741 1008 1770 et
1021 1733 1174 1774 tactum
1200 1740 1241 1768 at
1259 1733 1374 1768 nobis
1388 1739 1449 1768 est
1462 1743 1621 1778 quoque
1635 1738 1783 1772 sextus,

283 1790 351 1835 qui
370 1797 431 1825 est
450 1801 591 1825 sensus
611 1788 841 1824 deliciarum
860 1787 1040 1823 omnium
1058 1786 1205 1822 amoris
1223 1785 1460 1832 conjugialis
1478 1784 1633 1825 mariti;
1659 1791 1700 1819 et
1718 1784 1783 1820 hic

282 1854 424 1879 sensus
452 1849 513 1878 est
540 1842 656 1877 nobis
689 1841 728 1876 in
757 1841 910 1887 palmis,
942 1840 1037 1875 dum
1065 1839 1267 1885 tangimus
1294 1838 1527 1873 maritorum
1554 1843 1783 1872 nostrorum

284 1895 457 1942 pectora,
477 1895 604 1934 ulnas,
624 1905 765 1929 manus
786 1900 857 1928 aut
882 1903 1015 1939 genas,
1035 1891 1228 1938 imprimis
1250 1891 1346 1926 dum
1368 1889 1540 1936 pec‘tora,
1560 1896 1601 1925 et
1621 1900 1785 1935 quoque

285 1949 381 1984 dum
401 1949 450 1983 ab
469 1948 545 1983 illis
559 1947 784 1993 tangimur:
810 1956 951 1981 omnes
969 1945 1145 1980 laetitiae
1162 1950 1203 1980 et
1216 1943 1479 1979 amoenitates
1493 1943 1784 1997 cogitationum

285 2001 431 2037 mentis
447 2001 617 2040 illorum,
632 2006 673 2035 et
690 1999 826 2035 omnia
838 1998 985 2045 gaudia
1002 2004 1043 2033 et
1059 1997 1237 2043 jucunda
1253 1996 1375 2032 animi
1394 1996 1563 2036 illorum,
1577 2006 1623 2031 ac
1642 1995 1786 2031 festiva

285 2061 327 2091 et
348 2053 489 2089 hilaria
510 2052 682 2099 pectoris
704 2052 874 2091 illorum,
892 2052 941 2086 ab
968 2051 1044 2086 illis
1070 2056 1279 2085 transeunt
1305 2049 1344 2084 in
1367 2060 1451 2089 nos,
1473 2056 1514 2084 et
1535 2048 1711 2084 formant
1731 2058 1785 2088 se,

286 2114 327 2143 et
346 2107 447 2142 fiunt
465 2105 750 2152 perceptibilia,
766 2104 979 2144 sensibilia,
998 2102 1171 2143 taftiliaz
1197 2110 1238 2138 et
1255 2102 1516 2138 discernimus
1535 2101 1602 2136 illa
1617 2107 1700 2136 tam
1719 2111 1786 2136 ex-

286 2160 432 2206 quisite
461 2165 501 2194 et
525 2157 724 2197 distincte.
743 2157 847 2193 sicut
873 2157 978 2192 auris
1004 2156 1195 2192 discernit
1223 2155 1408 2190 modulos
1435 2161 1587 2195 cantus,
1613 2161 1654 2189 et
1683 2154 1787 2189 sicut

286 2213 423 2259 lingua
448 2222 610 2257 sapores
636 2211 904 2246 lautitiarum:
936 2210 1070 2249 verbo,
1092 2208 1317 2255 spirituales
1343 2207 1577 2243 maritorum
1602 2206 1786 2252 jucundi-

285 2272 390 2301 tates
421 2265 593 2300 induunt
623 2264 844 2299 naturalem
875 2263 989 2308 quasi
1021 2269 1321 2308 corporaturam
1352 2260 1456 2306 apud
1488 2271 1582 2301 nos:
1617 2269 1737 2307 quare
1763 2270 1787 2294 a

288 2318 441 2353 maritis
459 2317 607 2353 nostris
624 2327 815 2352 vocamur
832 2326 982 2361 organa
1002 2315 1179 2351 sensoria
1199 2315 1345 2349 amoris
1362 2316 1460 2349 casti
1479 2312 1726 2358 coniugialis.
1744 2318 1786 2347 et
1804 2348 1806 2350 ,

288 2372 380 2407 inde
399 2371 564 2406 deliciae
581 2380 687 2406 suae.
738 2370 794 2404 At
812 2369 878 2404 hic
895 2379 1034 2404 sensus
1052 2368 1178 2403 nostri
1196 2378 1312 2402 sexus
1330 2358 1477 2405 existit,
1492 2365 1684 2404 subsistit,
1698 2375 1787 2410 per-

287 2424 402 2464 sistit,
423 2430 463 2458 et
491 2423 689 2458 exaltatur
718 2422 757 2457 in
784 2433 833 2457 eo
859 2422 995 2468 gradu,
1015 2422 1055 2455 in
1083 2431 1163 2466 quo
1191 2419 1323 2455 mariti
1351 2430 1425 2454 nos
1451 2429 1500 2454 ex
1524 2417 1721 2463 sapientia
1745 2423 1787 2452 et

286 2476 439 2522 judicio
458 2485 604 2515 amant,
620 2482 660 2510 et
678 2486 751 2510 nos
768 2474 944 2510 vicissim
965 2475 1052 2509 illos
1074 2484 1122 2508 ex
1144 2473 1284 2508 iisdem
1312 2473 1350 2507 in
1374 2472 1450 2506 illis
1470 2481 1661 2506 amamus.
1714 2468 1786 2505 Ille

289 2540 429 2564 sensus
445 2528 570 2564 nostri
586 2539 702 2564 sexus
716 2534 884 2563 vocatur
897 2527 936 2562 in
950 2526 1070 2562 caelis
1084 2526 1200 2561 ludus
1214 2524 1433 2571 sapientiae
1447 2534 1537 2559 cum
1551 2533 1627 2559 suo
1640 2533 1786 2562 amore,

289 2588 330 2618 et
347 2581 495 2617 amoris
514 2592 604 2616 cum
624 2591 695 2616 sua
709 2580 939 2627 sapientia.”

363 2634 421 2670 Ex
439 2634 502 2670 his
520 2633 718 2670 excitatus
736 2645 826 2669 sum
848 2632 1047 2669 desiderio
1065 2629 1295 2668 sciscitandi
1317 2629 1440 2676 plura,
1459 2635 1503 2664 ut
1524 2628 1575 2664 de
1592 2627 1787 2664 varietate

289 2687 533 2723 deliciarum.

365 2740 415 2776 Et
436 2740 632 2779 dixerunt,
652 2743 672 2757 “
687 2738 757 2774 Est
776 2738 842 2773 illa
861 2737 1034 2778 infinita:
1060 2736 1130 2772 sed
1149 2736 1261 2782 plura
1278 2735 1408 2770 dicere
1431 2745 1511 2770 non
1532 2733 1728 2773 volumus,
1747 2738 1787 2768 et

292 2793 383 2829 ideo
401 2803 475 2828 nec
494 2802 717 2838 possumus,
733 2791 826 2837 quia
839 2791 1024 2827 columba
1041 2789 1239 2826 fenestrae
1254 2794 1414 2824 nostrae
1427 2798 1518 2822 cum
1533 2796 1644 2821 ramo
1657 2785 1787 2822 olivae

291 2846 367 2882 sub
385 2845 553 2891 pedibus
570 2844 780 2880 avolavit.”

366 2898 416 2934 Et
436 2896 661 2943 exspectavi
684 2897 869 2936 reditum,
887 2896 957 2932 sed
980 2896 1189 2931 incassum.
1241 2892 1398 2929 Interea
1415 2891 1592 2939 quaesivi
1611 2890 1786 2930 maritos,

293 2956 314 2971 ‘¹
328 2951 452 2987 Estne
469 2950 583 2986 vobis
602 2949 745 2985 similis
759 2949 905 2984 amoris
921 2947 1159 2994 'conjugialiS
1178 2957 1316 2983 sensus
1328 2945 1371 2981 ?”

367 3004 417 3040 Et
435 3003 735 3050 responderunt,
755 3007 775 3020 ⁴‘
791 3002 860 3037 Est
882 3002 946 3037 ille
968 3001 1084 3037 nobis
1106 3000 1145 3035 in
1163 2998 1376 3040 communi,
1395 3004 1435 3034 et
1453 3008 1533 3033 non
1556 2996 1596 3032 in
1615 2995 1786 3043 particu-
