<?xml version="1.0" encoding="UTF-8"?>
<!DOCTYPE html PUBLIC "-//W3C//DTD XHTML 1.0 Transitional//EN"
    "http://www.w3.org/TR/xhtml1/DTD/xhtml1-transitional.dtd">
<html xmlns="http://www.w3.org/1999/xhtml" xml:lang="en" lang="en">
 <head>
  <title>
</title>
<meta http-equiv="Content-Type" content="text/html;charset=utf-8" />
  <meta name='ocr-system' content='tesseract 3.04.00' />
  <meta name='ocr-capabilities' content='ocr_page ocr_carea ocr_par ocr_line ocrx_word'/>
</head>
<body>
  <div class='ocr_page' id='page_1' title='image "./deliciaesapienti00sweduoft_0410.png"; bbox 0 0 2014 3386; ppageno 0'>
   <div class='ocr_carea' id='block_1_1' title="bbox 337 351 1375 394">
    <p class='ocr_par' dir='ltr' id='par_1_1' title="bbox 337 351 1375 394">
     <span class='ocr_line' id='line_1_1' title="bbox 337 351 1375 394; baseline 0.002 -12"><span class='ocrx_word' id='word_1_1' title='bbox 337 351 419 394; x_wconf 88' lang='lat'>404</span> <span class='ocrx_word' id='word_1_2' title='bbox 512 361 515 364; x_wconf 61' lang='lat'><strong>⁴</strong></span> <span class='ocrx_word' id='word_1_3' title='bbox 771 354 1100 388; x_wconf 87' lang='lat' dir='ltr'><strong>VOLUPTATES</strong></span> <span class='ocrx_word' id='word_1_4' title='bbox 1132 353 1375 387; x_wconf 81' lang='lat' dir='ltr'>INSANIAE</span> 
     </span>
    </p>
   </div>
   <div class='ocr_carea' id='block_1_2' title="bbox 325 463 1828 3061">
    <p class='ocr_par' dir='ltr' id='par_1_2' title="bbox 334 463 1825 651">
     <span class='ocr_line' id='line_1_2' title="bbox 334 463 1825 519; baseline 0.005 -15"><span class='ocrx_word' id='word_1_5' title='bbox 334 463 522 513; x_wconf 72' lang='lat' dir='ltr'>urticae,</span> <span class='ocrx_word' id='word_1_6' title='bbox 555 465 676 519; x_wconf 88' lang='lat' dir='ltr'>prius</span> <span class='ocrx_word' id='word_1_7' title='bbox 715 467 1008 509; x_wconf 90' lang='lat' dir='ltr'>auferendum</span> <span class='ocrx_word' id='word_1_8' title='bbox 1041 474 1126 517; x_wconf 87' lang='lat' dir='ltr'>est,</span> <span class='ocrx_word' id='word_1_9' title='bbox 1156 474 1202 510; x_wconf 91' lang='lat' dir='ltr'>et</span> <span class='ocrx_word' id='word_1_10' title='bbox 1242 470 1305 510; x_wconf 92' lang='lat' dir='ltr'>sic</span> <span class='ocrx_word' id='word_1_11' title='bbox 1341 481 1446 510; x_wconf 88' lang='lat' dir='ltr'>vere</span> <span class='ocrx_word' id='word_1_12' title='bbox 1486 466 1733 511; x_wconf 87' lang='lat' dir='ltr'>humanum</span> <span class='ocrx_word' id='word_1_13' title='bbox 1775 475 1825 512; x_wconf 85' lang='lat' dir='ltr'>et</span> 
     </span>
     <span class='ocr_line' id='line_1_3' title="bbox 334 527 1823 586; baseline 0.005 -18"><span class='ocrx_word' id='word_1_14' title='bbox 334 527 579 570; x_wconf 92' lang='lat' dir='ltr'>innocuum</span> <span class='ocrx_word' id='word_1_15' title='bbox 611 530 977 584; x_wconf 89' lang='lat' dir='ltr'>implantandum</span> <span class='ocrx_word' id='word_1_16' title='bbox 1010 532 1112 574; x_wconf 88' lang='lat' dir='ltr'>est?</span> <span class='ocrx_word' id='word_1_17' title='bbox 1173 531 1419 586; x_wconf 82' lang='lat' dir='ltr'>Quomodo</span> <span class='ocrx_word' id='word_1_18' title='bbox 1451 533 1540 575; x_wconf 86' lang='lat' dir='ltr'>hoc</span> <span class='ocrx_word' id='word_1_19' title='bbox 1585 533 1636 576; x_wconf 91' lang='lat' dir='ltr'>fit</span> <span class='ocrx_word' id='word_1_20' title='bbox 1683 533 1823 576; x_wconf 88' lang='lat' dir='ltr'>etiam</span> 
     </span>
     <span class='ocr_line' id='line_1_4' title="bbox 334 592 1540 651; baseline 0.005 -18"><span class='ocrx_word' id='word_1_21' title='bbox 334 592 473 634; x_wconf 88' lang='lat' dir='ltr'>docet</span> <span class='ocrx_word' id='word_1_22' title='bbox 500 593 723 636; x_wconf 90' lang='lat' dir='ltr'>Dominus</span> <span class='ocrx_word' id='word_1_23' title='bbox 749 596 868 650; x_wconf 91' lang='lat' dir='ltr'>apud</span> <span class='ocrx_word' id='word_1_24' title='bbox 893 596 1148 645; x_wconf 73' lang='lat' dir='ltr'>Johannem</span> <span class='ocrx_word' id='word_1_25' title='bbox 1175 596 1295 651; x_wconf 90' lang='lat' dir='ltr'>(cap.</span> <span class='ocrx_word' id='word_1_26' title='bbox 1320 611 1396 638; x_wconf 87' lang='lat' dir='ltr'>xv.</span> <span class='ocrx_word' id='word_1_27' title='bbox 1428 596 1540 651; x_wconf 90' lang='lat'>1—7).</span> 
     </span>
    </p>

    <p class='ocr_par' dir='ltr' id='par_1_3' title="bbox 325 656 1828 3061">
     <span class='ocr_line' id='line_1_5' title="bbox 417 656 1826 714; baseline 0.002 -16"><span class='ocrx_word' id='word_1_28' title='bbox 417 667 543 711; x_wconf 77' lang='lat'><strong>527.</strong></span> <span class='ocrx_word' id='word_1_29' title='bbox 577 656 675 712; x_wconf 91' lang='lat' dir='ltr'>(iv.)</span> <span class='ocrx_word' id='word_1_30' title='bbox 713 658 842 709; x_wconf 78' lang='lat' dir='ltr'>Quod</span> <span class='ocrx_word' id='word_1_31' title='bbox 852 659 1018 700; x_wconf 88' lang='lat' dir='ltr'>malum</span> <span class='ocrx_word' id='word_1_32' title='bbox 1033 659 1175 701; x_wconf 80' lang='lat' dir='ltr'>cuivis</span> <span class='ocrx_word' id='word_1_33' title='bbox 1192 659 1434 712; x_wconf 82' lang='lat' dir='ltr'>imputetur</span> <span class='ocrx_word' id='word_1_34' title='bbox 1447 659 1680 701; x_wconf 84' lang='lat' dir='ltr'>secundum</span> <span class='ocrx_word' id='word_1_35' title='bbox 1695 659 1826 714; x_wconf 81' lang='lat' dir='ltr'>quale</span> 
     </span>
     <span class='ocr_line' id='line_1_6' title="bbox 333 719 1824 778; baseline 0.002 -17"><span class='ocrx_word' id='word_1_36' title='bbox 333 719 592 770; x_wconf 82' lang='lat' dir='ltr'>voluntatis,</span> <span class='ocrx_word' id='word_1_37' title='bbox 629 727 671 762; x_wconf 87' lang='lat' dir='ltr'>et</span> <span class='ocrx_word' id='word_1_38' title='bbox 701 722 935 763; x_wconf 84' lang='lat' dir='ltr'>secundum</span> <span class='ocrx_word' id='word_1_39' title='bbox 966 721 1096 776; x_wconf 86' lang='lat' dir='ltr'>quale</span> <span class='ocrx_word' id='word_1_40' title='bbox 1124 722 1367 764; x_wconf 66' lang='lat' dir='ltr'>intellec‘Zus</span> <span class='ocrx_word' id='word_1_41' title='bbox 1396 722 1535 778; x_wconf 70' lang='lat' dir='ltr'>ejusL·</span> <span class='ocrx_word' id='word_1_42' title='bbox 1576 721 1824 765; x_wconf 70' lang='lat' dir='ltr'>¹¹¹similiter</span> 
     </span>
     <span class='ocr_line' id='line_1_7' title="bbox 334 781 1822 840; baseline 0.004 -17"><span class='ocrx_word' id='word_1_43' title='bbox 334 781 761 836; x_wconf 79' lang='lat' dir='ltr'>bonum].—Notum</span> <span class='ocrx_word' id='word_1_44' title='bbox 792 791 877 834; x_wconf 92' lang='lat' dir='ltr'>est,</span> <span class='ocrx_word' id='word_1_45' title='bbox 910 785 1031 839; x_wconf 92' lang='lat' dir='ltr'>quod</span> <span class='ocrx_word' id='word_1_46' title='bbox 1072 785 1163 826; x_wconf 93' lang='lat' dir='ltr'>duo</span> <span class='ocrx_word' id='word_1_47' title='bbox 1194 786 1300 835; x_wconf 90' lang='lat' dir='ltr'>sint,</span> <span class='ocrx_word' id='word_1_48' title='bbox 1333 800 1448 840; x_wconf 90' lang='lat' dir='ltr'>quae</span> <span class='ocrx_word' id='word_1_49' title='bbox 1478 787 1648 829; x_wconf 87' lang='lat' dir='ltr'>faciunt</span> <span class='ocrx_word' id='word_1_50' title='bbox 1678 788 1822 829; x_wconf 83' lang='lat' dir='ltr'>vitam</span> 
     </span>
     <span class='ocr_line' id='line_1_8' title="bbox 333 845 1824 904; baseline 0.005 -19"><span class='ocrx_word' id='word_1_51' title='bbox 333 845 544 895; x_wconf 84' lang='lat' dir='ltr'>hominis,</span> <span class='ocrx_word' id='word_1_52' title='bbox 576 847 790 889; x_wconf 90' lang='lat' dir='ltr'>voluntas</span> <span class='ocrx_word' id='word_1_53' title='bbox 830 856 877 890; x_wconf 93' lang='lat' dir='ltr'>et</span> <span class='ocrx_word' id='word_1_54' title='bbox 921 847 1212 901; x_wconf 61' lang='lat' dir='ltr'>intellthus;</span> <span class='ocrx_word' id='word_1_55' title='bbox 1255 856 1303 891; x_wconf 90' lang='lat' dir='ltr'>et</span> <span class='ocrx_word' id='word_1_56' title='bbox 1343 850 1463 904; x_wconf 91' lang='lat' dir='ltr'>quod</span> <span class='ocrx_word' id='word_1_57' title='bbox 1503 851 1668 900; x_wconf 90' lang='lat' dir='ltr'>omnia,</span> <span class='ocrx_word' id='word_1_58' title='bbox 1709 864 1824 904; x_wconf 89' lang='lat' dir='ltr'>quae</span> 
     </span>
     <span class='ocr_line' id='line_1_9' title="bbox 333 909 1823 968; baseline 0.003 -18"><span class='ocrx_word' id='word_1_59' title='bbox 333 909 445 951; x_wconf 90' lang='lat' dir='ltr'>fiunt</span> <span class='ocrx_word' id='word_1_60' title='bbox 477 911 535 951; x_wconf 91' lang='lat' dir='ltr'>ab</span> <span class='ocrx_word' id='word_1_61' title='bbox 564 910 763 962; x_wconf 90' lang='lat' dir='ltr'>homine,</span> <span class='ocrx_word' id='word_1_62' title='bbox 790 911 901 954; x_wconf 87' lang='lat' dir='ltr'>fiant</span> <span class='ocrx_word' id='word_1_63' title='bbox 932 926 958 953; x_wconf 89' lang='lat' dir='ltr'>a</span> <span class='ocrx_word' id='word_1_64' title='bbox 993 911 1233 954; x_wconf 87' lang='lat' dir='ltr'>voluntate</span> <span class='ocrx_word' id='word_1_65' title='bbox 1263 919 1310 955; x_wconf 88' lang='lat' dir='ltr'>et</span> <span class='ocrx_word' id='word_1_66' title='bbox 1349 913 1407 954; x_wconf 92' lang='lat' dir='ltr'>ab</span> <span class='ocrx_word' id='word_1_67' title='bbox 1437 912 1673 955; x_wconf 65' lang='lat' dir='ltr'>intellectu</span> <span class='ocrx_word' id='word_1_68' title='bbox 1703 913 1823 968; x_wconf 87' lang='lat' dir='ltr'>ejus;</span> 
     </span>
     <span class='ocr_line' id='line_1_10' title="bbox 333 974 1824 1029; baseline 0.003 -15"><span class='ocrx_word' id='word_1_69' title='bbox 333 980 381 1015; x_wconf 91' lang='lat' dir='ltr'>et</span> <span class='ocrx_word' id='word_1_70' title='bbox 413 974 533 1027; x_wconf 89' lang='lat' dir='ltr'>quod</span> <span class='ocrx_word' id='word_1_71' title='bbox 559 974 729 1029; x_wconf 85' lang='lat' dir='ltr'>absque</span> <span class='ocrx_word' id='word_1_72' title='bbox 760 975 828 1016; x_wconf 91' lang='lat' dir='ltr'>his</span> <span class='ocrx_word' id='word_1_73' title='bbox 859 976 1101 1029; x_wconf 86' lang='lat' dir='ltr'>agentibus</span> <span class='ocrx_word' id='word_1_74' title='bbox 1132 988 1224 1016; x_wconf 88' lang='lat' dir='ltr'>non</span> <span class='ocrx_word' id='word_1_75' title='bbox 1254 975 1371 1017; x_wconf 88' lang='lat' dir='ltr'>soret</span> <span class='ocrx_word' id='word_1_76' title='bbox 1396 975 1568 1017; x_wconf 90' lang='lat' dir='ltr'>homini</span> <span class='ocrx_word' id='word_1_77' title='bbox 1592 975 1711 1018; x_wconf 68' lang='lat' dir='ltr'>actio</span> <span class='ocrx_word' id='word_1_78' title='bbox 1740 989 1824 1018; x_wconf 91' lang='lat' dir='ltr'>nec</span> 
     </span>
     <span class='ocr_line' id='line_1_11' title="bbox 334 1036 1823 1094; baseline 0.003 -17"><span class='ocrx_word' id='word_1_79' title='bbox 334 1036 531 1091; x_wconf 86' lang='lat' dir='ltr'>loquela,</span> <span class='ocrx_word' id='word_1_80' title='bbox 550 1038 639 1079; x_wconf 89' lang='lat' dir='ltr'>alia</span> <span class='ocrx_word' id='word_1_81' title='bbox 660 1052 794 1092; x_wconf 89' lang='lat' dir='ltr'>quam</span> <span class='ocrx_word' id='word_1_82' title='bbox 813 1039 1075 1080; x_wconf 85' lang='lat' dir='ltr'>machinae:</span> <span class='ocrx_word' id='word_1_83' title='bbox 1109 1038 1214 1080; x_wconf 91' lang='lat' dir='ltr'>inde</span> <span class='ocrx_word' id='word_1_84' title='bbox 1235 1045 1379 1092; x_wconf 88' lang='lat' dir='ltr'>patet,</span> <span class='ocrx_word' id='word_1_85' title='bbox 1398 1039 1519 1094; x_wconf 93' lang='lat' dir='ltr'>quod</span> <span class='ocrx_word' id='word_1_86' title='bbox 1541 1039 1694 1089; x_wconf 90' lang='lat' dir='ltr'>homo,</span> <span class='ocrx_word' id='word_1_87' title='bbox 1713 1053 1823 1094; x_wconf 89' lang='lat' dir='ltr'>qua-</span> 
     </span>
     <span class='ocr_line' id='line_1_12' title="bbox 333 1099 1825 1154; baseline 0.003 -13"><span class='ocrx_word' id='word_1_88' title='bbox 333 1099 388 1140; x_wconf 92' lang='lat' dir='ltr'>lis</span> <span class='ocrx_word' id='word_1_89' title='bbox 419 1107 490 1142; x_wconf 91' lang='lat' dir='ltr'>est</span> <span class='ocrx_word' id='word_1_90' title='bbox 523 1100 615 1154; x_wconf 90' lang='lat' dir='ltr'>ejus</span> <span class='ocrx_word' id='word_1_91' title='bbox 646 1101 860 1143; x_wconf 91' lang='lat' dir='ltr'>voluntas</span> <span class='ocrx_word' id='word_1_92' title='bbox 895 1108 943 1143; x_wconf 91' lang='lat' dir='ltr'>et</span> <span class='ocrx_word' id='word_1_93' title='bbox 983 1100 1256 1151; x_wconf 61' lang='lat' dir='ltr'>intellectus,</span> <span class='ocrx_word' id='word_1_94' title='bbox 1289 1102 1395 1143; x_wconf 91' lang='lat' dir='ltr'>talis</span> <span class='ocrx_word' id='word_1_95' title='bbox 1426 1102 1566 1144; x_wconf 91' lang='lat' dir='ltr'>homo</span> <span class='ocrx_word' id='word_1_96' title='bbox 1596 1103 1685 1154; x_wconf 83' lang='lat' dir='ltr'>sit3</span> <span class='ocrx_word' id='word_1_97' title='bbox 1726 1109 1825 1145; x_wconf 91' lang='lat' dir='ltr'>tum</span> 
     </span>
     <span class='ocr_line' id='line_1_13' title="bbox 333 1163 1824 1220; baseline 0.002 -16"><span class='ocrx_word' id='word_1_98' title='bbox 333 1164 487 1212; x_wconf 89' lang='lat' dir='ltr'>etiam,</span> <span class='ocrx_word' id='word_1_99' title='bbox 521 1164 639 1218; x_wconf 93' lang='lat' dir='ltr'>quod</span> <span class='ocrx_word' id='word_1_100' title='bbox 673 1165 778 1205; x_wconf 86' lang='lat' dir='ltr'>talis</span> <span class='ocrx_word' id='word_1_101' title='bbox 809 1166 868 1216; x_wconf 86' lang='lat' dir='ltr'>sit</span> <span class='ocrx_word' id='word_1_102' title='bbox 905 1165 1101 1206; x_wconf 90' lang='lat' dir='ltr'>hominis</span> <span class='ocrx_word' id='word_1_103' title='bbox 1132 1163 1252 1206; x_wconf 66' lang='lat' dir='ltr'>actio</span> <span class='ocrx_word' id='word_1_104' title='bbox 1282 1165 1326 1206; x_wconf 89' lang='lat' dir='ltr'>in</span> <span class='ocrx_word' id='word_1_105' title='bbox 1357 1179 1420 1215; x_wconf 91' lang='lat' dir='ltr'>se,</span> <span class='ocrx_word' id='word_1_106' title='bbox 1453 1165 1598 1220; x_wconf 85' lang='lat' dir='ltr'>qualis</span> <span class='ocrx_word' id='word_1_107' title='bbox 1629 1172 1700 1207; x_wconf 91' lang='lat' dir='ltr'>est</span> <span class='ocrx_word' id='word_1_108' title='bbox 1731 1164 1824 1219; x_wconf 90' lang='lat' dir='ltr'>ejus</span> 
     </span>
     <span class='ocr_line' id='line_1_14' title="bbox 331 1226 1826 1283; baseline 0.002 -16"><span class='ocrx_word' id='word_1_109' title='bbox 331 1226 583 1268; x_wconf 89' lang='lat' dir='ltr'>voluntatis</span> <span class='ocrx_word' id='word_1_110' title='bbox 615 1227 807 1277; x_wconf 64' lang='lat' dir='ltr'>affectio,</span> <span class='ocrx_word' id='word_1_111' title='bbox 835 1243 948 1283; x_wconf 89' lang='lat' dir='ltr'>quae</span> <span class='ocrx_word' id='word_1_112' title='bbox 975 1230 1184 1283; x_wconf 83' lang='lat' dir='ltr'>producit</span> <span class='ocrx_word' id='word_1_113' title='bbox 1207 1229 1359 1280; x_wconf 83' lang='lat' dir='ltr'>illam3</span> <span class='ocrx_word' id='word_1_114' title='bbox 1400 1235 1447 1270; x_wconf 89' lang='lat' dir='ltr'>et</span> <span class='ocrx_word' id='word_1_115' title='bbox 1478 1229 1599 1283; x_wconf 91' lang='lat' dir='ltr'>quod</span> <span class='ocrx_word' id='word_1_116' title='bbox 1630 1228 1736 1270; x_wconf 89' lang='lat' dir='ltr'>talis</span> <span class='ocrx_word' id='word_1_117' title='bbox 1766 1229 1826 1271; x_wconf 91' lang='lat' dir='ltr'>sit</span> 
     </span>
     <span class='ocr_line' id='line_1_15' title="bbox 331 1290 1824 1346; baseline 0.001 -14"><span class='ocrx_word' id='word_1_118' title='bbox 331 1290 527 1332; x_wconf 91' lang='lat' dir='ltr'>hominis</span> <span class='ocrx_word' id='word_1_119' title='bbox 552 1305 705 1333; x_wconf 88' lang='lat' dir='ltr'>sermo</span> <span class='ocrx_word' id='word_1_120' title='bbox 736 1293 780 1333; x_wconf 88' lang='lat' dir='ltr'>in</span> <span class='ocrx_word' id='word_1_121' title='bbox 813 1306 874 1342; x_wconf 91' lang='lat' dir='ltr'>se,</span> <span class='ocrx_word' id='word_1_122' title='bbox 903 1293 1046 1346; x_wconf 90' lang='lat' dir='ltr'>qualis</span> <span class='ocrx_word' id='word_1_123' title='bbox 1071 1299 1141 1334; x_wconf 89' lang='lat' dir='ltr'>est</span> <span class='ocrx_word' id='word_1_124' title='bbox 1173 1292 1266 1346; x_wconf 84' lang='lat' dir='ltr'>ejus</span> <span class='ocrx_word' id='word_1_125' title='bbox 1297 1291 1556 1334; x_wconf 64' lang='lat' dir='ltr'>intellectus</span> <span class='ocrx_word' id='word_1_126' title='bbox 1587 1291 1824 1346; x_wconf 84' lang='lat' dir='ltr'>cogitatio,</span> 
     </span>
     <span class='ocr_line' id='line_1_16' title="bbox 332 1355 1825 1410; baseline 0.001 -15"><span class='ocrx_word' id='word_1_127' title='bbox 332 1368 447 1408; x_wconf 90' lang='lat' dir='ltr'>quae</span> <span class='ocrx_word' id='word_1_128' title='bbox 474 1355 683 1408; x_wconf 86' lang='lat' dir='ltr'>producit</span> <span class='ocrx_word' id='word_1_129' title='bbox 709 1355 863 1407; x_wconf 91' lang='lat' dir='ltr'>illum;</span> <span class='ocrx_word' id='word_1_130' title='bbox 901 1369 1037 1409; x_wconf 89' lang='lat' dir='ltr'>quare</span> <span class='ocrx_word' id='word_1_131' title='bbox 1069 1363 1260 1409; x_wconf 83' lang='lat' dir='ltr'>possunt</span> <span class='ocrx_word' id='word_1_132' title='bbox 1293 1356 1443 1410; x_wconf 89' lang='lat' dir='ltr'>plures</span> <span class='ocrx_word' id='word_1_133' title='bbox 1469 1356 1677 1397; x_wconf 90' lang='lat' dir='ltr'>homines</span> <span class='ocrx_word' id='word_1_134' title='bbox 1703 1355 1825 1397; x_wconf 88' lang='lat' dir='ltr'>simi-</span> 
     </span>
     <span class='ocr_line' id='line_1_17' title="bbox 331 1418 1826 1472; baseline 0.001 -13"><span class='ocrx_word' id='word_1_135' title='bbox 331 1418 435 1459; x_wconf 90' lang='lat' dir='ltr'>liter</span> <span class='ocrx_word' id='word_1_136' title='bbox 456 1432 591 1471; x_wconf 89' lang='lat' dir='ltr'>agere</span> <span class='ocrx_word' id='word_1_137' title='bbox 614 1425 662 1460; x_wconf 91' lang='lat' dir='ltr'>et</span> <span class='ocrx_word' id='word_1_138' title='bbox 687 1418 823 1472; x_wconf 88' lang='lat' dir='ltr'>loqui,</span> <span class='ocrx_word' id='word_1_139' title='bbox 848 1425 894 1460; x_wconf 92' lang='lat' dir='ltr'>et</span> <span class='ocrx_word' id='word_1_140' title='bbox 921 1427 1075 1460; x_wconf 87' lang='lat' dir='ltr'>tamen</span> <span class='ocrx_word' id='word_1_141' title='bbox 1098 1419 1374 1461; x_wconf 86' lang='lat' dir='ltr'>dissimiliter</span> <span class='ocrx_word' id='word_1_142' title='bbox 1395 1426 1539 1472; x_wconf 86' lang='lat' dir='ltr'>agunt</span> <span class='ocrx_word' id='word_1_143' title='bbox 1561 1425 1607 1460; x_wconf 90' lang='lat' dir='ltr'>et</span> <span class='ocrx_word' id='word_1_144' title='bbox 1633 1418 1826 1472; x_wconf 86' lang='lat' dir='ltr'>loquun-</span> 
     </span>
     <span class='ocr_line' id='line_1_18' title="bbox 330 1481 1826 1536; baseline 0 -14"><span class='ocrx_word' id='word_1_145' title='bbox 330 1488 417 1531; x_wconf 88' lang='lat' dir='ltr'>tur,</span> <span class='ocrx_word' id='word_1_146' title='bbox 437 1496 548 1522; x_wconf 93' lang='lat' dir='ltr'>unus</span> <span class='ocrx_word' id='word_1_147' title='bbox 566 1496 625 1523; x_wconf 87' lang='lat' dir='ltr'>ex</span> <span class='ocrx_word' id='word_1_148' title='bbox 647 1482 886 1524; x_wconf 88' lang='lat' dir='ltr'>voluntate</span> <span class='ocrx_word' id='word_1_149' title='bbox 901 1489 948 1523; x_wconf 93' lang='lat' dir='ltr'>et</span> <span class='ocrx_word' id='word_1_150' title='bbox 971 1483 1253 1536; x_wconf 87' lang='lat' dir='ltr'>cogitatione</span> <span class='ocrx_word' id='word_1_151' title='bbox 1271 1495 1423 1535; x_wconf 86' lang='lat' dir='ltr'>prava,</span> <span class='ocrx_word' id='word_1_152' title='bbox 1443 1483 1561 1524; x_wconf 86' lang='lat' dir='ltr'>alter</span> <span class='ocrx_word' id='word_1_153' title='bbox 1582 1496 1642 1523; x_wconf 88' lang='lat' dir='ltr'>ex</span> <span class='ocrx_word' id='word_1_154' title='bbox 1663 1481 1826 1523; x_wconf 90' lang='lat' dir='ltr'>volun-</span> 
     </span>
     <span class='ocr_line' id='line_1_19' title="bbox 330 1543 1828 1600; baseline 0.001 -14"><span class='ocrx_word' id='word_1_155' title='bbox 330 1551 429 1586; x_wconf 89' lang='lat' dir='ltr'>tate</span> <span class='ocrx_word' id='word_1_156' title='bbox 454 1552 500 1586; x_wconf 93' lang='lat' dir='ltr'>et</span> <span class='ocrx_word' id='word_1_157' title='bbox 527 1547 809 1599; x_wconf 85' lang='lat' dir='ltr'>cogitatione</span> <span class='ocrx_word' id='word_1_158' title='bbox 836 1547 992 1600; x_wconf 89' lang='lat' dir='ltr'>proba.</span> <span class='ocrx_word' id='word_1_159' title='bbox 1054 1546 1129 1586; x_wconf 86' lang='lat' dir='ltr'>Ex</span> <span class='ocrx_word' id='word_1_160' title='bbox 1155 1546 1223 1587; x_wconf 89' lang='lat' dir='ltr'>his</span> <span class='ocrx_word' id='word_1_161' title='bbox 1246 1552 1445 1595; x_wconf 91' lang='lat' dir='ltr'>constat,</span> <span class='ocrx_word' id='word_1_162' title='bbox 1471 1546 1578 1600; x_wconf 93' lang='lat' dir='ltr'>quid</span> <span class='ocrx_word' id='word_1_163' title='bbox 1604 1559 1684 1599; x_wconf 90' lang='lat' dir='ltr'>per</span> <span class='ocrx_word' id='word_1_164' title='bbox 1707 1543 1828 1586; x_wconf 66' lang='lat' dir='ltr'>faeta</span> 
     </span>
     <span class='ocr_line' id='line_1_20' title="bbox 330 1608 1825 1664; baseline 0 -15"><span class='ocrx_word' id='word_1_165' title='bbox 330 1622 409 1650; x_wconf 91' lang='lat' dir='ltr'>seu</span> <span class='ocrx_word' id='word_1_166' title='bbox 435 1622 586 1662; x_wconf 88' lang='lat' dir='ltr'>opera,</span> <span class='ocrx_word' id='word_1_167' title='bbox 611 1610 859 1651; x_wconf 90' lang='lat' dir='ltr'>secundum</span> <span class='ocrx_word' id='word_1_168' title='bbox 882 1624 996 1664; x_wconf 90' lang='lat' dir='ltr'>quae</span> <span class='ocrx_word' id='word_1_169' title='bbox 1023 1611 1326 1663; x_wconf 86' lang='lat' dir='ltr'>unusquisque</span> <span class='ocrx_word' id='word_1_170' title='bbox 1348 1608 1635 1661; x_wconf 86' lang='lat' dir='ltr'>judicabitur,</span> <span class='ocrx_word' id='word_1_171' title='bbox 1654 1608 1825 1650; x_wconf 89' lang='lat' dir='ltr'>intelli-</span> 
     </span>
     <span class='ocr_line' id='line_1_21' title="bbox 329 1672 1828 1727; baseline -0.001 -14"><span class='ocrx_word' id='word_1_172' title='bbox 329 1673 466 1725; x_wconf 89' lang='lat' dir='ltr'>gitur,</span> <span class='ocrx_word' id='word_1_173' title='bbox 491 1674 699 1713; x_wconf 90' lang='lat' dir='ltr'>nimirum</span> <span class='ocrx_word' id='word_1_174' title='bbox 722 1674 842 1727; x_wconf 93' lang='lat' dir='ltr'>quod</span> <span class='ocrx_word' id='word_1_175' title='bbox 865 1673 1077 1714; x_wconf 88' lang='lat' dir='ltr'>voluntas</span> <span class='ocrx_word' id='word_1_176' title='bbox 1100 1680 1148 1714; x_wconf 90' lang='lat' dir='ltr'>et</span> <span class='ocrx_word' id='word_1_177' title='bbox 1173 1672 1460 1725; x_wconf 48' lang='lat' dir='ltr'>intellectum</span> <span class='ocrx_word' id='word_1_178' title='bbox 1493 1678 1828 1726; x_wconf 88' lang='lat' dir='ltr'>consequenter</span> 
     </span>
     <span class='ocr_line' id='line_1_22' title="bbox 330 1734 1824 1790; baseline 0 -14"><span class='ocrx_word' id='word_1_179' title='bbox 330 1736 452 1789; x_wconf 91' lang='lat' dir='ltr'>quod</span> <span class='ocrx_word' id='word_1_180' title='bbox 478 1750 558 1789; x_wconf 87' lang='lat' dir='ltr'>per</span> <span class='ocrx_word' id='word_1_181' title='bbox 583 1750 722 1790; x_wconf 87' lang='lat' dir='ltr'>opera</span> <span class='ocrx_word' id='word_1_182' title='bbox 747 1736 867 1777; x_wconf 90' lang='lat' dir='ltr'>mala</span> <span class='ocrx_word' id='word_1_183' title='bbox 891 1736 1208 1790; x_wconf 90' lang='lat' dir='ltr'>intelligantur</span> <span class='ocrx_word' id='word_1_184' title='bbox 1230 1750 1367 1790; x_wconf 91' lang='lat' dir='ltr'>opera</span> <span class='ocrx_word' id='word_1_185' title='bbox 1388 1736 1638 1778; x_wconf 87' lang='lat' dir='ltr'>voluntatis</span> <span class='ocrx_word' id='word_1_186' title='bbox 1661 1734 1824 1783; x_wconf 88' lang='lat' dir='ltr'>malae,</span> 
     </span>
     <span class='ocr_line' id='line_1_23' title="bbox 330 1799 1826 1853; baseline -0.001 -13"><span class='ocrx_word' id='word_1_187' title='bbox 330 1799 658 1853; x_wconf 91' lang='lat' dir='ltr'>qualiacunque</span> <span class='ocrx_word' id='word_1_188' title='bbox 684 1801 974 1853; x_wconf 88' lang='lat' dir='ltr'>apparuerint</span> <span class='ocrx_word' id='word_1_189' title='bbox 1006 1801 1049 1841; x_wconf 93' lang='lat' dir='ltr'>in</span> <span class='ocrx_word' id='word_1_190' title='bbox 1076 1801 1309 1851; x_wconf 88' lang='lat' dir='ltr'>externis;</span> <span class='ocrx_word' id='word_1_191' title='bbox 1347 1806 1393 1841; x_wconf 89' lang='lat' dir='ltr'>et</span> <span class='ocrx_word' id='word_1_192' title='bbox 1425 1799 1545 1853; x_wconf 91' lang='lat' dir='ltr'>quod</span> <span class='ocrx_word' id='word_1_193' title='bbox 1576 1812 1656 1852; x_wconf 90' lang='lat' dir='ltr'>per</span> <span class='ocrx_word' id='word_1_194' title='bbox 1687 1811 1826 1851; x_wconf 90' lang='lat' dir='ltr'>opera</span> 
     </span>
     <span class='ocr_line' id='line_1_24' title="bbox 329 1862 1824 1917; baseline -0.001 -14"><span class='ocrx_word' id='word_1_195' title='bbox 329 1863 451 1904; x_wconf 88' lang='lat' dir='ltr'>bona</span> <span class='ocrx_word' id='word_1_196' title='bbox 476 1864 794 1916; x_wconf 89' lang='lat' dir='ltr'>intelligantur</span> <span class='ocrx_word' id='word_1_197' title='bbox 819 1878 957 1917; x_wconf 92' lang='lat' dir='ltr'>opera</span> <span class='ocrx_word' id='word_1_198' title='bbox 982 1863 1234 1905; x_wconf 90' lang='lat' dir='ltr'>voluntatis</span> <span class='ocrx_word' id='word_1_199' title='bbox 1265 1864 1431 1912; x_wconf 75' lang='lat' dir='ltr'>bonae,</span> <span class='ocrx_word' id='word_1_200' title='bbox 1457 1862 1642 1904; x_wconf 91' lang='lat' dir='ltr'>tametsi</span> <span class='ocrx_word' id='word_1_201' title='bbox 1669 1862 1714 1902; x_wconf 92' lang='lat' dir='ltr'>in</span> <span class='ocrx_word' id='word_1_202' title='bbox 1740 1875 1824 1902; x_wconf 89' lang='lat' dir='ltr'>ex-</span> 
     </span>
     <span class='ocr_line' id='line_1_25' title="bbox 329 1924 1823 1981; baseline -0.001 -14"><span class='ocrx_word' id='word_1_203' title='bbox 329 1927 469 1967; x_wconf 91' lang='lat' dir='ltr'>ternis</span> <span class='ocrx_word' id='word_1_204' title='bbox 501 1927 663 1968; x_wconf 88' lang='lat' dir='ltr'>similia</span> <span class='ocrx_word' id='word_1_205' title='bbox 694 1928 987 1979; x_wconf 89' lang='lat' dir='ltr'>apparuerint</span> <span class='ocrx_word' id='word_1_206' title='bbox 1019 1940 1120 1968; x_wconf 91' lang='lat' dir='ltr'>cum</span> <span class='ocrx_word' id='word_1_207' title='bbox 1147 1927 1357 1981; x_wconf 81' lang='lat' dir='ltr'>operibus</span> <span class='ocrx_word' id='word_1_208' title='bbox 1388 1940 1448 1967; x_wconf 88' lang='lat' dir='ltr'>ex</span> <span class='ocrx_word' id='word_1_209' title='bbox 1474 1925 1657 1966; x_wconf 90' lang='lat' dir='ltr'>homine</span> <span class='ocrx_word' id='word_1_210' title='bbox 1689 1924 1823 1966; x_wconf 89' lang='lat' dir='ltr'>malo.</span> 
     </span>
     <span class='ocr_line' id='line_1_26' title="bbox 329 1988 1823 2044; baseline -0.001 -14"><span class='ocrx_word' id='word_1_211' title='bbox 329 1989 496 2031; x_wconf 87' lang='lat' dir='ltr'>Omnia</span> <span class='ocrx_word' id='word_1_212' title='bbox 522 2005 636 2044; x_wconf 86' lang='lat' dir='ltr'>quae</span> <span class='ocrx_word' id='word_1_213' title='bbox 662 1991 775 2032; x_wconf 90' lang='lat' dir='ltr'>fiunt</span> <span class='ocrx_word' id='word_1_214' title='bbox 802 1992 859 2032; x_wconf 90' lang='lat' dir='ltr'>ab</span> <span class='ocrx_word' id='word_1_215' title='bbox 882 1992 1098 2032; x_wconf 90' lang='lat' dir='ltr'>interiore</span> <span class='ocrx_word' id='word_1_216' title='bbox 1124 1991 1364 2033; x_wconf 87' lang='lat' dir='ltr'>voluntate</span> <span class='ocrx_word' id='word_1_217' title='bbox 1389 1990 1599 2038; x_wconf 91' lang='lat' dir='ltr'>hominis,</span> <span class='ocrx_word' id='word_1_218' title='bbox 1624 1988 1737 2030; x_wconf 91' lang='lat' dir='ltr'>fiunt</span> <span class='ocrx_word' id='word_1_219' title='bbox 1763 2002 1823 2029; x_wconf 88' lang='lat' dir='ltr'>ex</span> 
     </span>
     <span class='ocr_line' id='line_1_27' title="bbox 328 2052 1824 2108; baseline -0.001 -14"><span class='ocrx_word' id='word_1_220' title='bbox 328 2055 576 2107; x_wconf 90' lang='lat' dir='ltr'>proposito,</span> <span class='ocrx_word' id='word_1_221' title='bbox 606 2055 818 2108; x_wconf 89' lang='lat' dir='ltr'>quoniam</span> <span class='ocrx_word' id='word_1_222' title='bbox 850 2054 929 2095; x_wconf 89' lang='lat' dir='ltr'>illa</span> <span class='ocrx_word' id='word_1_223' title='bbox 960 2054 1174 2095; x_wconf 88' lang='lat' dir='ltr'>voluntas</span> <span class='ocrx_word' id='word_1_224' title='bbox 1214 2054 1258 2095; x_wconf 89' lang='lat' dir='ltr'>id</span> <span class='ocrx_word' id='word_1_225' title='bbox 1299 2053 1420 2108; x_wconf 90' lang='lat' dir='ltr'>quod</span> <span class='ocrx_word' id='word_1_226' title='bbox 1453 2066 1533 2093; x_wconf 89' lang='lat' dir='ltr'>sua</span> <span class='ocrx_word' id='word_1_227' title='bbox 1564 2052 1824 2093; x_wconf 87' lang='lat' dir='ltr'>intentione</span> 
     </span>
     <span class='ocr_line' id='line_1_28' title="bbox 329 2114 1823 2172; baseline -0.001 -14"><span class='ocrx_word' id='word_1_228' title='bbox 329 2118 440 2170; x_wconf 89' lang='lat' dir='ltr'>agit,</span> <span class='ocrx_word' id='word_1_229' title='bbox 461 2118 676 2172; x_wconf 88' lang='lat' dir='ltr'>proponit</span> <span class='ocrx_word' id='word_1_230' title='bbox 699 2118 811 2168; x_wconf 89' lang='lat' dir='ltr'>sibi;</span> <span class='ocrx_word' id='word_1_231' title='bbox 845 2124 892 2159; x_wconf 90' lang='lat' dir='ltr'>et</span> <span class='ocrx_word' id='word_1_232' title='bbox 919 2118 1071 2158; x_wconf 90' lang='lat' dir='ltr'>omnia</span> <span class='ocrx_word' id='word_1_233' title='bbox 1093 2131 1207 2171; x_wconf 88' lang='lat' dir='ltr'>quae</span> <span class='ocrx_word' id='word_1_234' title='bbox 1230 2116 1341 2158; x_wconf 86' lang='lat' dir='ltr'>fiunt</span> <span class='ocrx_word' id='word_1_235' title='bbox 1363 2117 1421 2157; x_wconf 91' lang='lat' dir='ltr'>ab</span> <span class='ocrx_word' id='word_1_236' title='bbox 1442 2114 1690 2164; x_wconf 64' lang='lat' dir='ltr'>intellectu,</span> <span class='ocrx_word' id='word_1_237' title='bbox 1710 2114 1823 2156; x_wconf 89' lang='lat' dir='ltr'>fiunt</span> 
     </span>
     <span class='ocr_line' id='line_1_29' title="bbox 328 2179 1823 2235; baseline -0.001 -15"><span class='ocrx_word' id='word_1_238' title='bbox 328 2194 387 2221; x_wconf 85' lang='lat' dir='ltr'>ex</span> <span class='ocrx_word' id='word_1_239' title='bbox 411 2180 695 2230; x_wconf 87' lang='lat' dir='ltr'>confirmato,</span> <span class='ocrx_word' id='word_1_240' title='bbox 720 2182 932 2235; x_wconf 86' lang='lat' dir='ltr'>quoniam</span> <span class='ocrx_word' id='word_1_241' title='bbox 955 2179 1216 2222; x_wconf 63' lang='lat' dir='ltr'>intellectus</span> <span class='ocrx_word' id='word_1_242' title='bbox 1238 2179 1502 2222; x_wconf 88' lang='lat' dir='ltr'>confirmat:</span> <span class='ocrx_word' id='word_1_243' title='bbox 1536 2193 1597 2220; x_wconf 88' lang='lat' dir='ltr'>ex</span> <span class='ocrx_word' id='word_1_244' title='bbox 1622 2179 1692 2220; x_wconf 91' lang='lat' dir='ltr'>his</span> <span class='ocrx_word' id='word_1_245' title='bbox 1714 2191 1823 2219; x_wconf 90' lang='lat' dir='ltr'>con-</span> 
     </span>
     <span class='ocr_line' id='line_1_30' title="bbox 329 2242 1823 2298; baseline -0.003 -12"><span class='ocrx_word' id='word_1_246' title='bbox 329 2252 450 2286; x_wconf 89' lang='lat' dir='ltr'>stare</span> <span class='ocrx_word' id='word_1_247' title='bbox 491 2251 661 2298; x_wconf 88' lang='lat' dir='ltr'>potest‚</span> <span class='ocrx_word' id='word_1_248' title='bbox 697 2245 818 2298; x_wconf 90' lang='lat' dir='ltr'>quod</span> <span class='ocrx_word' id='word_1_249' title='bbox 860 2245 1000 2286; x_wconf 92' lang='lat' dir='ltr'>cuivis</span> <span class='ocrx_word' id='word_1_250' title='bbox 1041 2245 1290 2297; x_wconf 90' lang='lat' dir='ltr'>imputetur</span> <span class='ocrx_word' id='word_1_251' title='bbox 1327 2243 1494 2284; x_wconf 90' lang='lat' dir='ltr'>malum</span> <span class='ocrx_word' id='word_1_252' title='bbox 1535 2248 1613 2284; x_wconf 93' lang='lat' dir='ltr'>aut</span> <span class='ocrx_word' id='word_1_253' title='bbox 1652 2242 1823 2283; x_wconf 89' lang='lat' dir='ltr'>bonum</span> 
     </span>
     <span class='ocr_line' id='line_1_31' title="bbox 327 2304 1823 2362; baseline -0.003 -13"><span class='ocrx_word' id='word_1_254' title='bbox 327 2309 576 2350; x_wconf 88' lang='lat' dir='ltr'>secundum</span> <span class='ocrx_word' id='word_1_255' title='bbox 599 2308 733 2362; x_wconf 88' lang='lat' dir='ltr'>quale</span> <span class='ocrx_word' id='word_1_256' title='bbox 757 2308 1007 2350; x_wconf 88' lang='lat' dir='ltr'>voluntatis</span> <span class='ocrx_word' id='word_1_257' title='bbox 1033 2307 1126 2361; x_wconf 89' lang='lat' dir='ltr'>ejus</span> <span class='ocrx_word' id='word_1_258' title='bbox 1151 2309 1196 2348; x_wconf 91' lang='lat' dir='ltr'>in</span> <span class='ocrx_word' id='word_1_259' title='bbox 1223 2307 1325 2356; x_wconf 91' lang='lat' dir='ltr'>illis,</span> <span class='ocrx_word' id='word_1_260' title='bbox 1351 2314 1397 2348; x_wconf 89' lang='lat' dir='ltr'>et</span> <span class='ocrx_word' id='word_1_261' title='bbox 1423 2306 1669 2347; x_wconf 91' lang='lat' dir='ltr'>secundum</span> <span class='ocrx_word' id='word_1_262' title='bbox 1692 2304 1823 2359; x_wconf 87' lang='lat' dir='ltr'>quale</span> 
     </span>
     <span class='ocr_line' id='line_1_32' title="bbox 327 2368 1820 2425; baseline -0.003 -11"><span class='ocrx_word' id='word_1_263' title='bbox 327 2372 591 2415; x_wconf 62' lang='lat' dir='ltr'>intellectus</span> <span class='ocrx_word' id='word_1_264' title='bbox 618 2372 712 2425; x_wconf 88' lang='lat' dir='ltr'>ejus</span> <span class='ocrx_word' id='word_1_265' title='bbox 744 2373 801 2413; x_wconf 93' lang='lat' dir='ltr'>de</span> <span class='ocrx_word' id='word_1_266' title='bbox 832 2372 934 2413; x_wconf 87' lang='lat' dir='ltr'>illis.</span> <span class='ocrx_word' id='word_1_267' title='bbox 996 2371 1125 2413; x_wconf 91' lang='lat' dir='ltr'>Haec</span> <span class='ocrx_word' id='word_1_268' title='bbox 1158 2371 1428 2412; x_wconf 86' lang='lat' dir='ltr'>confirmare</span> <span class='ocrx_word' id='word_1_269' title='bbox 1455 2370 1564 2411; x_wconf 92' lang='lat' dir='ltr'>licet</span> <span class='ocrx_word' id='word_1_270' title='bbox 1596 2382 1676 2423; x_wconf 91' lang='lat' dir='ltr'>per</span> <span class='ocrx_word' id='word_1_271' title='bbox 1706 2368 1820 2409; x_wconf 90' lang='lat' dir='ltr'>hoc:</span> 
     </span>
     <span class='ocr_line' id='line_1_33' title="bbox 326 2430 1823 2490; baseline -0.004 -13"><span class='ocrx_word' id='word_1_272' title='bbox 326 2438 371 2477; x_wconf 90' lang='lat' dir='ltr'>in</span> <span class='ocrx_word' id='word_1_273' title='bbox 404 2437 575 2477; x_wconf 85' lang='lat' dir='ltr'>mundo</span> <span class='ocrx_word' id='word_1_274' title='bbox 608 2436 827 2490; x_wconf 90' lang='lat' dir='ltr'>spirituali</span> <span class='ocrx_word' id='word_1_275' title='bbox 860 2435 1027 2477; x_wconf 84' lang='lat' dir='ltr'>offendi</span> <span class='ocrx_word' id='word_1_276' title='bbox 1059 2435 1211 2488; x_wconf 89' lang='lat' dir='ltr'>plures</span> <span class='ocrx_word' id='word_1_277' title='bbox 1243 2435 1317 2488; x_wconf 91' lang='lat' dir='ltr'>qui</span> <span class='ocrx_word' id='word_1_278' title='bbox 1348 2434 1392 2474; x_wconf 90' lang='lat' dir='ltr'>in</span> <span class='ocrx_word' id='word_1_279' title='bbox 1425 2433 1595 2474; x_wconf 89' lang='lat' dir='ltr'>mundo</span> <span class='ocrx_word' id='word_1_280' title='bbox 1627 2430 1823 2472; x_wconf 90' lang='lat' dir='ltr'>naturali</span> 
     </span>
     <span class='ocr_line' id='line_1_34' title="bbox 326 2495 1822 2552; baseline -0.003 -12"><span class='ocrx_word' id='word_1_281' title='bbox 326 2500 498 2540; x_wconf 90' lang='lat' dir='ltr'>similes</span> <span class='ocrx_word' id='word_1_282' title='bbox 529 2500 629 2540; x_wconf 91' lang='lat' dir='ltr'>aliis</span> <span class='ocrx_word' id='word_1_283' title='bbox 659 2500 886 2547; x_wconf 86' lang='lat' dir='ltr'>vixerant,</span> <span class='ocrx_word' id='word_1_284' title='bbox 915 2498 1156 2552; x_wconf 90' lang='lat' dir='ltr'>splendide</span> <span class='ocrx_word' id='word_1_285' title='bbox 1187 2511 1235 2538; x_wconf 90' lang='lat' dir='ltr'>se</span> <span class='ocrx_word' id='word_1_286' title='bbox 1267 2497 1527 2545; x_wconf 90' lang='lat' dir='ltr'>vestiendo,</span> <span class='ocrx_word' id='word_1_287' title='bbox 1555 2495 1681 2536; x_wconf 90' lang='lat' dir='ltr'>laute</span> <span class='ocrx_word' id='word_1_288' title='bbox 1712 2507 1822 2548; x_wconf 90' lang='lat' dir='ltr'>epu-</span> 
     </span>
     <span class='ocr_line' id='line_1_35' title="bbox 327 2558 1823 2614; baseline -0.004 -10"><span class='ocrx_word' id='word_1_289' title='bbox 327 2563 480 2612; x_wconf 89' lang='lat' dir='ltr'>lando,</span> <span class='ocrx_word' id='word_1_290' title='bbox 515 2576 616 2604; x_wconf 93' lang='lat' dir='ltr'>cum</span> <span class='ocrx_word' id='word_1_291' title='bbox 648 2563 832 2604; x_wconf 89' lang='lat' dir='ltr'>faenore</span> <span class='ocrx_word' id='word_1_292' title='bbox 864 2563 980 2603; x_wconf 91' lang='lat' dir='ltr'>sicut</span> <span class='ocrx_word' id='word_1_293' title='bbox 1014 2561 1090 2602; x_wconf 92' lang='lat' dir='ltr'>alii</span> <span class='ocrx_word' id='word_1_294' title='bbox 1122 2561 1419 2614; x_wconf 89' lang='lat' dir='ltr'>negotiando,</span> <span class='ocrx_word' id='word_1_295' title='bbox 1453 2559 1584 2600; x_wconf 91' lang='lat' dir='ltr'>ludos</span> <span class='ocrx_word' id='word_1_296' title='bbox 1616 2558 1823 2599; x_wconf 90' lang='lat' dir='ltr'>scenicos</span> 
     </span>
     <span class='ocr_line' id='line_1_36' title="bbox 325 2622 1824 2681; baseline -0.004 -13"><span class='ocrx_word' id='word_1_297' title='bbox 325 2626 593 2681; x_wconf 67' lang='lat' dir='ltr'>spectando,</span> <span class='ocrx_word' id='word_1_298' title='bbox 621 2627 678 2667; x_wconf 89' lang='lat' dir='ltr'>de</span> <span class='ocrx_word' id='word_1_299' title='bbox 704 2626 938 2667; x_wconf 87' lang='lat' dir='ltr'>amatoriis</span> <span class='ocrx_word' id='word_1_300' title='bbox 964 2626 1080 2666; x_wconf 91' lang='lat' dir='ltr'>sicut</span> <span class='ocrx_word' id='word_1_301' title='bbox 1106 2638 1165 2665; x_wconf 88' lang='lat' dir='ltr'>ex</span> <span class='ocrx_word' id='word_1_302' title='bbox 1198 2624 1383 2665; x_wconf 86' lang='lat' dir='ltr'>libidine</span> <span class='ocrx_word' id='word_1_303' title='bbox 1404 2622 1617 2676; x_wconf 91' lang='lat' dir='ltr'>jocando,</span> <span class='ocrx_word' id='word_1_304' title='bbox 1642 2626 1824 2674; x_wconf 89' lang='lat' dir='ltr'>praeter</span> 
     </span>
     <span class='ocr_line' id='line_1_37' title="bbox 326 2684 1822 2741; baseline -0.005 -9"><span class='ocrx_word' id='word_1_305' title='bbox 326 2691 581 2732; x_wconf 89' lang='lat' dir='ltr'>consimilia</span> <span class='ocrx_word' id='word_1_306' title='bbox 618 2690 721 2739; x_wconf 90' lang='lat' dir='ltr'>alia,</span> <span class='ocrx_word' id='word_1_307' title='bbox 755 2695 804 2731; x_wconf 94' lang='lat' dir='ltr'>et</span> <span class='ocrx_word' id='word_1_308' title='bbox 845 2696 1001 2731; x_wconf 88' lang='lat' dir='ltr'>tamen</span> <span class='ocrx_word' id='word_1_309' title='bbox 1037 2687 1191 2741; x_wconf 87' lang='lat' dir='ltr'>angeli</span> <span class='ocrx_word' id='word_1_310' title='bbox 1224 2687 1492 2741; x_wconf 90' lang='lat' dir='ltr'>quibusdam</span> <span class='ocrx_word' id='word_1_311' title='bbox 1524 2684 1822 2739; x_wconf 90' lang='lat' dir='ltr'>inculpabant</span> 
     </span>
     <span class='ocr_line' id='line_1_38' title="bbox 326 2747 1823 2807; baseline -0.005 -12"><span class='ocrx_word' id='word_1_312' title='bbox 326 2754 405 2795; x_wconf 90' lang='lat' dir='ltr'>illa</span> <span class='ocrx_word' id='word_1_313' title='bbox 431 2761 480 2796; x_wconf 94' lang='lat' dir='ltr'>ut</span> <span class='ocrx_word' id='word_1_314' title='bbox 507 2753 629 2795; x_wconf 91' lang='lat' dir='ltr'>mala</span> <span class='ocrx_word' id='word_1_315' title='bbox 654 2753 850 2807; x_wconf 89' lang='lat' dir='ltr'>peccati,</span> <span class='ocrx_word' id='word_1_316' title='bbox 870 2759 917 2794; x_wconf 92' lang='lat' dir='ltr'>et</span> <span class='ocrx_word' id='word_1_317' title='bbox 942 2751 1211 2806; x_wconf 90' lang='lat' dir='ltr'>quibusdam</span> <span class='ocrx_word' id='word_1_318' title='bbox 1234 2764 1325 2791; x_wconf 89' lang='lat' dir='ltr'>non</span> <span class='ocrx_word' id='word_1_319' title='bbox 1352 2749 1642 2803; x_wconf 87' lang='lat' dir='ltr'>imputabant</span> <span class='ocrx_word' id='word_1_320' title='bbox 1667 2747 1746 2788; x_wconf 90' lang='lat' dir='ltr'>illa</span> <span class='ocrx_word' id='word_1_321' title='bbox 1771 2752 1823 2788; x_wconf 90' lang='lat' dir='ltr'>ut</span> 
     </span>
     <span class='ocr_line' id='line_1_39' title="bbox 327 2813 1822 2867; baseline -0.005 -8"><span class='ocrx_word' id='word_1_322' title='bbox 327 2818 462 2867; x_wconf 89' lang='lat' dir='ltr'>mala,</span> <span class='ocrx_word' id='word_1_323' title='bbox 495 2824 542 2859; x_wconf 87' lang='lat' dir='ltr'>et</span> <span class='ocrx_word' id='word_1_324' title='bbox 582 2816 666 2858; x_wconf 92' lang='lat' dir='ltr'>hos</span> <span class='ocrx_word' id='word_1_325' title='bbox 708 2815 1009 2857; x_wconf 88' lang='lat' dir='ltr'>declarabant</span> <span class='ocrx_word' id='word_1_326' title='bbox 1047 2815 1270 2863; x_wconf 89' lang='lat' dir='ltr'>insontes,</span> <span class='ocrx_word' id='word_1_327' title='bbox 1311 2813 1414 2854; x_wconf 92' lang='lat' dir='ltr'>illos</span> <span class='ocrx_word' id='word_1_328' title='bbox 1454 2819 1608 2854; x_wconf 90' lang='lat' dir='ltr'>autem</span> <span class='ocrx_word' id='word_1_329' title='bbox 1649 2816 1822 2852; x_wconf 88' lang='lat' dir='ltr'>sontes.</span> 
     </span>
     <span class='ocr_line' id='line_1_40' title="bbox 326 2874 1820 2933; baseline -0.007 -10"><span class='ocrx_word' id='word_1_330' title='bbox 326 2881 405 2923; x_wconf 93' lang='lat' dir='ltr'>Ad</span> <span class='ocrx_word' id='word_1_331' title='bbox 436 2880 849 2933; x_wconf 88' lang='lat' dir='ltr'>interrogationem</span> <span class='ocrx_word' id='word_1_332' title='bbox 882 2893 960 2920; x_wconf 88' lang='lat' dir='ltr'>cur</span> <span class='ocrx_word' id='word_1_333' title='bbox 989 2879 1069 2926; x_wconf 90' lang='lat' dir='ltr'>ita,</span> <span class='ocrx_word' id='word_1_334' title='bbox 1097 2890 1199 2918; x_wconf 91' lang='lat' dir='ltr'>cum</span> <span class='ocrx_word' id='word_1_335' title='bbox 1230 2883 1384 2918; x_wconf 85' lang='lat' dir='ltr'>tamen</span> <span class='ocrx_word' id='word_1_336' title='bbox 1410 2875 1570 2929; x_wconf 88' lang='lat' dir='ltr'>parilia</span> <span class='ocrx_word' id='word_1_337' title='bbox 1601 2874 1820 2921; x_wconf 89' lang='lat' dir='ltr'>fecerant,</span> 
     </span>
     <span class='ocr_line' id='line_1_41' title="bbox 326 2937 1822 2997; baseline -0.006 -12"><span class='ocrx_word' id='word_1_338' title='bbox 326 2944 685 2997; x_wconf 88' lang='lat' dir='ltr'>respondebant,</span> <span class='ocrx_word' id='word_1_339' title='bbox 702 2943 824 2996; x_wconf 91' lang='lat' dir='ltr'>quod</span> <span class='ocrx_word' id='word_1_340' title='bbox 843 2956 901 2983; x_wconf 88' lang='lat' dir='ltr'>ex</span> <span class='ocrx_word' id='word_1_341' title='bbox 917 2941 1167 2995; x_wconf 90' lang='lat' dir='ltr'>proposito,</span> <span class='ocrx_word' id='word_1_342' title='bbox 1184 2940 1438 2981; x_wconf 90' lang='lat' dir='ltr'>intentione</span> <span class='ocrx_word' id='word_1_343' title='bbox 1453 2952 1531 2979; x_wconf 88' lang='lat' dir='ltr'>seu</span> <span class='ocrx_word' id='word_1_344' title='bbox 1548 2937 1649 2986; x_wconf 90' lang='lat' dir='ltr'>fine,</span> <span class='ocrx_word' id='word_1_345' title='bbox 1663 2948 1822 2978; x_wconf 88' lang='lat' dir='ltr'>omnes</span> 
     </span>
     <span class='ocr_line' id='line_1_42' title="bbox 329 2998 1820 3061; baseline -0.006 -12"><span class='ocrx_word' id='word_1_346' title='bbox 329 3006 716 3061; x_wconf 88' lang='lat' dir='ltr'>contemplentur,</span> <span class='ocrx_word' id='word_1_347' title='bbox 751 3010 801 3047; x_wconf 88' lang='lat' dir='ltr'>et</span> <span class='ocrx_word' id='word_1_348' title='bbox 843 3005 1093 3047; x_wconf 89' lang='lat' dir='ltr'>secundum</span> <span class='ocrx_word' id='word_1_349' title='bbox 1133 3003 1212 3045; x_wconf 89' lang='lat' dir='ltr'>illa</span> <span class='ocrx_word' id='word_1_350' title='bbox 1252 3003 1567 3056; x_wconf 86' lang='lat' dir='ltr'>distinguant;</span> <span class='ocrx_word' id='word_1_351' title='bbox 1612 3006 1659 3042; x_wconf 91' lang='lat' dir='ltr'>et</span> <span class='ocrx_word' id='word_1_352' title='bbox 1699 2998 1820 3054; x_wconf 91' lang='lat' dir='ltr'>quod</span> 
     </span>
    </p>
   </div>
  </div>
 </body>
</html>
