2014 3386
296 317 328 359 ,6
767 326 1010 359 DELICIAE
1043 325 1345 358 SAPIENTIAE

299 439 539 480 eruditione,
560 439 922 486 perspicacissimos
941 437 1112 486 ingenio,
1131 448 1177 474 ac
1199 436 1537 474 eminentissimos
1556 436 1718 472 nomine
1739 446 1802 472 sa-

300 493 485 539 pientiae,
504 494 572 540 qui
603 503 625 529 e
655 493 787 539 regnis
814 492 1029 529 Christiani
1056 491 1163 527 orbis
1188 502 1307 537 super
1331 491 1565 526 continente
1592 491 1666 525 hac
1693 497 1801 525 terra

299 553 404 588 sunt,
426 553 471 582 ut
493 546 532 581 in
554 546 662 582 hunc
682 546 836 586 collem,
858 546 926 581 ubi
944 552 988 580 tu
1010 545 1282 585 commoraris,
1305 544 1558 585 conveniant,
1576 550 1618 579 et
1638 554 1687 579 ex
1709 554 1800 589 pec-

297 606 387 635 tore
408 606 646 646 expromant
666 606 831 639 mentes,
850 598 946 645 quid
969 598 1008 633 in
1031 598 1184 633 mundo
1201 597 1489 644 cogitaverant,
1509 597 1799 637 intellexerant,

298 660 340 688 et
363 659 578 698 sapuerant
603 653 653 688 de
679 652 836 688 Gaudio
857 651 1040 692 Caelesti,
1063 658 1104 686 et
1129 651 1179 687 de
1202 651 1408 686 Felicitate
1429 651 1616 686 Aeterna.
1667 649 1801 685 Causa

298 706 509 752 legationis
524 717 635 741 meae
649 705 724 740 fuit
742 705 850 745 haec,
865 705 972 751 quod
991 704 1113 750 aliqui
1129 704 1222 739 novi
1237 704 1414 739 advenae
1432 714 1454 739 e
1472 703 1635 743 mundo,
1652 702 1691 737 in
1710 713 1799 738 cae-

297 759 438 795 lestem
461 765 637 795 nostram
659 758 902 798 societatem,
925 768 1027 803 quae
1054 758 1093 792 in
1121 757 1275 792 oriente
1296 763 1368 797 est,
1390 756 1554 792 admissi
1576 755 1796 795 retulerint,

298 812 405 858 quod
427 823 477 848 ne
498 812 660 858 quidem
681 822 786 846 unus
812 811 852 845 in
878 811 1065 845 universo
1087 809 1317 846 Christiano
1338 810 1433 845 orbe
1454 810 1554 845 sciat
1575 809 1672 855 quid
1690 809 1799 844 Gau-

299 866 407 900 dium
431 864 622 905 Caeleste,
641 870 683 900 et
706 864 890 900 Felicitas
913 864 1101 904 Aeterna,
1122 864 1177 898 ita
1197 863 1294 909 quid
1317 862 1492 899 Caelum.
1544 862 1635 898 Hoc
1657 861 1799 897 fratres

295 924 338 954 et
354 918 530 954 consocii
545 918 623 953 mei
641 917 758 953 valde
776 917 907 952 mirati
926 923 1029 956 sunt,
1049 923 1090 952 et
1108 916 1206 951 mihi
1225 916 1421 956 dixerunt,
1441 921 1450 934 ‘
1464 915 1683 955 Descende,
1702 925 1799 950 con-

295 972 424 1007 clama
445 978 486 1007 et
507 981 685 1006 convoca
705 970 1023 1016 sapientissimos
1046 970 1085 1004 in
1109 969 1260 1004 mundo
1281 969 1503 1014 spirituum,
1523 968 1562 1003 in
1582 979 1701 1014 quem
1720 968 1800 1014 pri-

297 1036 404 1060 mum
427 1024 671 1071 colliguntur
684 1034 824 1059 omnes
846 1023 1034 1058 mortales
1057 1018 1149 1068 pest
1171 1033 1375 1057 excessum
1398 1032 1419 1057 e
1442 1022 1593 1056 mundo
1615 1020 1798 1062 naturali,

295 1079 348 1114 ob
375 1077 505 1118 finem,
526 1084 571 1112 ut
596 1088 645 1112 ex
671 1077 845 1122 plurium
867 1087 935 1111 ore
961 1076 1058 1111 certi
1081 1076 1304 1115 reddamur,
1326 1085 1421 1109 num
1443 1074 1590 1110 veritas
1611 1074 1673 1114 sit,
1688 1074 1798 1120 quod

294 1131 385 1167 talis
403 1131 532 1177 caligo
551 1142 620 1166 seu
639 1131 854 1165 tenebrosa
872 1129 1097 1175 ignorantia
1116 1129 1168 1164 sit
1186 1127 1424 1164 Christianis
1443 1127 1493 1163 de
1507 1127 1641 1162 futura
1656 1126 1764 1162 vita.'
1777 1126 1797 1139 ”

368 1184 418 1219 Et
443 1184 555 1224 dixit,
575 1188 595 1202 ‘⁴
610 1182 806 1229 Exspecta
824 1183 996 1228 paulum,
1016 1189 1056 1217 et
1082 1181 1235 1217 videbis
1253 1181 1440 1216 cohortes
1462 1180 1688 1226 sapientum
1715 1180 1797 1215 huc

293 1237 507 1278 alluentes;
530 1237 726 1272 Dominus
740 1235 987 1282 praeparabit
1003 1246 1074 1280 pro
1090 1235 1166 1270 illis
1180 1235 1319 1270 aedem
1335 1230 1593 1269 conventus.”

367 1289 614 1336 Exspectavi‚
630 1296 670 1324 et
687 1300 779 1324 ecce
797 1295 889 1334 post
902 1288 1142 1323 semihoram
1157 1287 1239 1322 vidi
1258 1287 1357 1322 duas
1373 1293 1524 1321 turmas
1542 1297 1566 1321 a
1583 1285 1797 1332 septentri-

293 1353 381 1383 one,
401 1344 500 1379 duas
518 1343 567 1378 ab
585 1342 805 1383 occidente,
823 1348 864 1377 et
882 1341 981 1376 duas
999 1352 1022 1376 a
1041 1340 1226 1381 meridie;
1253 1347 1293 1375 et
1311 1340 1415 1375 sicut
1432 1346 1638 1379 venerunt,
1657 1339 1707 1374 ab
1725 1350 1796 1374 an-

292 1396 384 1442 gelo
401 1397 522 1431 tubae
541 1394 757 1430 introducti
776 1401 880 1430 sunt.
892 1395 931 1429 in
949 1394 1087 1429 aedem
1107 1399 1394 1439 praeparatam,
1413 1399 1454 1428 et
1473 1393 1525 1427 ibi
1545 1393 1796 1438 occupabant

293 1450 383 1485 loca
403 1449 479 1484 illis
497 1449 706 1495 designata
719 1448 942 1483 secundum
962 1447 1107 1493 plagas.
1161 1446 1283 1481 Erant
1303 1457 1373 1481 sex
1391 1452 1544 1481 turmae
1563 1456 1633 1481 seu
1651 1445 1795 1481 cohor-

292 1510 375 1543 tes;
409 1502 581 1548 septima
606 1508 691 1537 erat
716 1502 765 1536 ab
791 1501 956 1540 oriente,
979 1511 1080 1546 quae
1103 1510 1196 1545 prae
1223 1499 1309 1534 luce
1331 1499 1491 1544 reliquis
1513 1509 1593 1533 non
1615 1498 1701 1533 visa
1721 1501 1812 1533 est.>

295 1556 394 1591 Post
409 1555 760 1601 congregationem
773 1554 927 1600 aperuit
941 1553 1104 1599 angelus
1119 1563 1277 1588 causam
1292 1551 1604 1591 convocationis,
1620 1557 1661 1586 et
1679 1561 1795 1597 roga-

292 1610 350 1644 vit
372 1615 416 1644 ut
438 1609 625 1644 cohortes
649 1608 687 1642 in
709 1607 850 1642 ordine
868 1613 1148 1652 expromerent
1166 1616 1276 1641 suam
1296 1605 1531 1650 sapientiam
1558 1604 1608 1639 de
1635 1603 1793 1640 Gaudio

293 1662 475 1702 Caelesti,
502 1668 543 1697 et
569 1661 618 1696 de
646 1660 853 1696 Felicitate
880 1660 1077 1695 Aeterna:
1114 1665 1155 1694 et
1188 1665 1285 1693 tunc
1311 1657 1555 1703 unaquaevis
1581 1657 1726 1692 cohors
1750 1667 1795 1693 se

294 1714 531 1761 glomeravit
558 1714 597 1749 in
619 1714 767 1754 orbem,
790 1713 965 1748 faciebus
987 1713 1036 1747 ad
1063 1711 1184 1747 facies
1206 1711 1420 1751 conversis,
1443 1718 1487 1745 ut
1510 1710 1616 1745 illam
1639 1721 1723 1745 rem
1743 1721 1794 1745 ex

294 1768 391 1804 ideis
410 1768 449 1802 in
465 1767 586 1813 priori
602 1767 752 1802 mundo
765 1766 892 1812 captis
907 1771 1149 1805 revocarent,
1165 1771 1206 1800 et
1224 1775 1331 1799 nunc
1345 1763 1569 1803 lustrarent,
1584 1773 1631 1798 ac
1648 1763 1792 1799 lustra-

291 1828 374 1856 tam
395 1827 486 1866 post
505 1819 840 1855 consultationem
860 1824 1150 1865 expromerent.

363 1882 411 1920 3.
449 1873 546 1908 Post
560 1873 897 1908 consultationem
919 1872 1053 1907 Prima
1067 1870 1233 1910 Cohors,
1248 1880 1350 1916 quae
1368 1880 1389 1904 e
1408 1868 1680 1914 septentrione
1694 1874 1790 1908 erat,

292 1927 404 1967 dixit,
424 1927 531 1972 quod
549 1926 739 1972 gaudium
754 1926 924 1961 caeleste
943 1932 983 1960 et
1001 1924 1169 1960 felicitas
1184 1930 1345 1958 aeterna
1358 1922 1439 1958 sint
1457 1933 1578 1956 unum
1595 1932 1685 1956 cum
1706 1921 1792 1967 ipsa

291 1980 374 2014 vita
387 1980 485 2014 caeli
498 1991 505 2020 ;
521 1984 540 1998 ‘⁴
554 1990 674 2025 quare
689 1979 973 2025 unusquisque,
985 1978 1051 2024 qui
1068 1978 1188 2012 intrat
1201 1976 1366 2015 caelum,
1382 1975 1514 2021 quoad
1529 1975 1653 2010 vitam
1670 1974 1791 2009 intrat

293 2032 331 2067 in
359 2032 595 2068 festivitates
617 2033 713 2078 ejus,
734 2043 814 2067 non
837 2032 953 2066 aliter
970 2041 1088 2077 quam
1118 2030 1186 2076 qui
1208 2030 1331 2064 intrat
1354 2029 1393 2063 in
1416 2028 1584 2074 nuptias,
1604 2027 1727 2062 intrat
1749 2027 1789 2062 in

292 2086 432 2120 harum
450 2085 688 2120 festivitates
702 2097 709 2126 ;
737 2092 850 2120 estne
865 2084 1020 2119 caelum
1035 2094 1168 2119 coram
1184 2083 1269 2118 visu
1286 2089 1423 2117 nostro
1437 2092 1556 2126 supra
1570 2091 1654 2120 nos,
1672 2080 1728 2115 ita
1749 2080 1789 2114 in

292 2138 411 2173 loco?
438 2149 483 2173 ac
503 2138 555 2173 ibi
575 2145 615 2173 et
635 2149 714 2173 non
734 2138 827 2173 alibi
846 2144 940 2173 sunt
954 2137 1178 2172 faustitates
1197 2146 1315 2181 supra
1329 2135 1568 2174 faustitates‚
1584 2144 1630 2168 ac
1648 2133 1790 2178 volup—

290 2198 395 2226 tates
414 2202 531 2237 supra
547 2191 794 2236 voluptates;
822 2191 860 2226 in
881 2191 951 2226 has
971 2190 1139 2225 infertur
1157 2189 1279 2224 homo
1297 2188 1429 2234 quoad
1449 2197 1609 2222 omnem
1625 2197 1790 2232 percep-

291 2245 442 2279 tionem
458 2244 612 2284 mentis,
626 2251 666 2279 et
680 2244 810 2290 quoad
826 2255 986 2279 omnem
1000 2243 1267 2278 sensationem
1279 2241 1466 2286 corporis,
1478 2251 1525 2275 ex
1540 2239 1789 2285 plenitudine

291 2297 528 2344 gaudiorum
548 2297 624 2332 loci
645 2297 770 2336 istius,
786 2308 877 2332 cum
898 2297 936 2331 in
955 2297 1131 2331 caelum:
1157 2306 1278 2341 quare
1297 2294 1464 2329 felicitas
1478 2292 1670 2332 caelestis,
1685 2302 1788 2337 quae

291 2351 411 2386 etiam
431 2356 492 2385 est
510 2357 680 2389 aeterna.
701 2361 780 2385 non
800 2350 907 2385 aliud
926 2357 987 2385 est
1006 2360 1124 2395 quarn
1145 2347 1390 2383 intromissio
1413 2347 1451 2381 in
1470 2346 1636 2386 caelum,
1654 2355 1701 2380 ac
1727 2345 1789 2379 in-

291 2403 494 2438 tromissio
512 2414 560 2438 ex
581 2403 727 2437 Divina
744 2403 906 2449 gratia.”

365 2455 439 2491 His
460 2454 592 2496 distis,
612 2456 750 2491 Altera
772 2455 927 2491 Cohors
954 2466 1002 2491 ex
1032 2453 1304 2500 septentrione
1330 2463 1378 2488 ex
1405 2463 1475 2487 sua
1500 2450 1696 2497 sapientia
1720 2460 1788 2485 ex-

292 2509 487 2554 prompsit
506 2509 582 2543 hoc
599 2509 808 2555 augurium
824 2519 832 2544 :
859 2508 1089 2544 “Gaudium
1104 2508 1275 2542 caeleste
1289 2513 1330 2541 et
1349 2505 1515 2541 felicitas
1529 2511 1690 2539 aeterna
1703 2513 1784 2538 non

291 2562 398 2597 aliud
425 2568 528 2601 sunt,
551 2573 669 2607 quam
696 2562 912 2596 laetissima
937 2561 1137 2596 consortia
1162 2571 1251 2595 curn
1278 2558 1439 2605 angelis,
1459 2565 1500 2593 et
1529 2556 1786 2592 suavissimae

291 2614 633 2649 confabulationes
659 2625 749 2649 cum
777 2615 863 2654 illis,
891 2625 938 2649 ex
965 2614 1110 2660 quibus
1137 2613 1257 2648 facies
1283 2611 1474 2647 continue
1500 2620 1697 2656 expansae
1726 2615 1786 2644 te—

293 2674 438 2702 nentur
465 2667 502 2701 in
526 2667 698 2706 laetitiis,
719 2674 758 2702 et
779 2678 849 2702 ora
869 2667 994 2702 totius
1013 2666 1204 2702 consortii
1232 2665 1269 2700 in
1293 2665 1434 2700 risibus
1456 2661 1710 2698 amoenitatis
1736 2672 1786 2696 ex

292 2719 573 2765 blandiloquiis
595 2726 635 2754 et
658 2719 821 2755 facetiis.
872 2719 979 2766 Quid
998 2719 1143 2766 gaudia
1160 2718 1348 2754 caelestia
1364 2727 1482 2763 quam
1500 2715 1640 2751 talium
1657 2714 1786 2750 varia-

292 2772 422 2807 tiones
441 2772 479 2806 in
499 2779 705 2806 aeternum
719 2772 758 2807 ?'’

364 2825 499 2860 Tertia
517 2824 681 2864 Cohors,
701 2835 802 2870 quae
820 2831 905 2860 erat
922 2825 1050 2871 prima
1071 2836 1119 2860 ex
1145 2823 1390 2870 sapientibus
1416 2833 1438 2857 e
1465 2821 1582 2867 plaga
1599 2820 1785 2856 occiden-

292 2877 374 2917 tali,
393 2888 440 2912 ex
462 2888 620 2912 suarum
639 2876 1225 2924 affectionumcogitationibus
1243 2876 1369 2912 edidit
1388 2875 1484 2910 hoc:
1529 2873 1667 2921 “Quid
1688 2884 1785 2920 gau-

294 2931 403 2965 dium
418 2931 588 2965 caeleste
602 2937 642 2965 et
660 2930 828 2965 felicitas
842 2938 1001 2966 aeterna
1020 2931 1139 2971 aliud,
1155 2941 1272 2976 quam
1288 2928 1536 2974 epulationes
1550 2938 1640 2962 cum
1657 2927 1784 2962 Abra-

295 2985 425 3025 hamo,
446 2983 568 3024 Isaeo,
587 2990 627 3019 et
646 2982 808 3031 Jacobo,
830 2995 947 3030 super
968 2995 1137 3030 quorum
1158 2982 1304 3018 mensis
1325 2987 1441 3017 erunt
1462 2980 1593 3016 edulia
1612 2979 1784 3015 delicata
