2014 3386
253 342 307 395 78
719 350 961 384 DELICIAE
993 350 1296 384 SAPIENTIAE

250 464 405 500 derium
426 464 589 500 vivendi
610 475 699 500 cum
722 476 802 501 una
821 465 908 501 sola
927 475 1062 505 uxore,
1084 471 1126 501 et
1150 465 1229 501 hoc
1250 464 1491 501 desiderium
1513 471 1576 501 est
1596 463 1750 501 homini

252 517 484 554 Christiano
502 518 720 553 secundum
739 518 826 564 ejus
843 517 1115 564 religionem.''
1176 516 1178 518 ’

326 570 474 606 Postea
503 571 657 606 indolui
687 571 841 617 spiritu,
869 571 978 617 quod
1008 570 1207 617 conjugia,
1233 581 1336 617 quae
1365 570 1406 606 in
1436 570 1613 617 antiquis
1641 571 1750 606 aevis

251 623 503 659 sanctissima
520 623 689 665 fuerant,
706 631 789 659 tam
809 624 965 670 perdite
982 634 1176 659 conversa
1193 623 1274 659 sint
1292 623 1332 658 in
1350 623 1561 659 adulteria.

325 676 376 712 Et
401 677 503 712 dixit
528 678 706 724 angelus,
734 676 905 713 “Simile
926 683 988 712 est
1017 687 1108 712 cum
1134 676 1326 723 religione
1352 676 1494 718 hodie3
1529 687 1622 712 nam
1649 676 1748 712 dicit

254 727 463 771 Dominus,

313 804 412 842 Quod
436 804 469 832 in
491 804 767 833 consummatione
788 803 906 833 saeculi
928 803 1034 832 sutura
1054 803 1094 832 sit
1114 803 1310 832 abominatio
1325 803 1529 833 desolationis
1545 802 1710 841 praedieta
1733 811 1754 832 a

415 845 648 924 &gaitellexxgt
662 845 752 922 (ξὲοὲ
757 844 871 923 11'31tura
883 844 922 873 sit
935 844 1066 873 afflictio
1078 852 1205 882 magna,
1217 844 1321 882 qualis
1334 853 1402 874 non
1412 844 1470 874 fuit
1483 843 1526 874 ab
1540 843 1629 873 initio
1641 843 1753 873 mundi

543 908 550 915 .
643 907 650 915 .
710 908 716 920 ,
799 907 807 915 .

254 957 524 994 ‘abominatio
549 957 831 993 desolationis’
857 957 1056 1004 significat
1081 956 1402 993 falsificationem
1436 963 1477 993 et
1508 957 1751 1003 deprivatio·

252 1022 344 1047 nem
370 1011 502 1046 omnis
522 1011 628 1052 veri;
655 1016 663 1029 ⁸
675 1010 837 1046 afflictio
850 1010 858 1023 '
876 1010 1076 1057 significat
1093 1017 1241 1046 statum
1260 1010 1450 1046 ecclesiae
1469 1010 1701 1046 infestatum
1727 1021 1752 1046 a

253 1064 367 1100 malis
384 1071 425 1099 et
443 1063 572 1104 falsis;
599 1071 640 1099 et
654 1069 663 1082 ‘
675 1064 969 1099 consummatio
988 1063 1160 1104 saeculi‚’
1176 1063 1226 1099 de
1244 1074 1325 1109 quo
1343 1063 1410 1098 illa
1427 1062 1534 1098 dicta
1552 1070 1657 1103 sunt.
1673 1063 1752 1110 sig-

253 1117 389 1152 nificat
403 1117 589 1152 ultimum
603 1123 763 1162 tempus
777 1127 846 1152 seu
862 1116 980 1152 finem
995 1116 1198 1152 ecclesiae.
1250 1116 1321 1152 Est
1334 1127 1440 1151 nunc
1454 1116 1554 1156 finis,
1566 1116 1659 1162 quia
1671 1127 1752 1152 non

252 1177 433 1216 superest
458 1181 610 1210 verum,
632 1170 741 1215 quod
768 1180 848 1204 non
875 1169 1127 1204 falsificatum
1154 1175 1227 1210 est,
1251 1180 1299 1204 ac
1332 1168 1558 1204 falsificatio
1582 1169 1665 1204 veri
1691 1176 1753 1204 est

252 1223 444 1258 scortatio
463 1223 690 1268 spiritualis,
709 1233 811 1269 quae
831 1233 956 1257 unum
978 1222 1060 1269 agit
1081 1233 1171 1258 cum
1193 1222 1437 1258 scortatione
1459 1221 1640 1263 naturali,
1658 1221 1754 1269 quia

252 1275 505 1311 cohaerent.”

326 1329 404 1366 81.
431 1328 532 1364 Cum
552 1329 601 1364 de
620 1328 683 1364 his
702 1328 818 1364 nobis
837 1339 969 1364 sermo
987 1334 1029 1363 et
1047 1328 1165 1364 dolor
1183 1327 1271 1368 fuit,
1285 1327 1420 1364 subito
1435 1327 1620 1374 apparuit
1636 1327 1753 1374 jubar

252 1382 352 1417 lucis
374 1381 532 1417 fortiter
549 1381 748 1428 stringens
767 1381 907 1416 oculos
925 1392 1057 1422 meos;
1083 1392 1207 1427 quare
1224 1381 1383 1427 suspexi
1399 1386 1414 1416 τ’
1436 1387 1477 1416 et
1502 1391 1595 1416 ecce
1620 1387 1753 1416 totum

253 1435 406 1470 caelum
422 1446 540 1480 super
553 1435 667 1470 nobis
682 1434 866 1480 apparuit
881 1434 1135 1475 luminosum,
1151 1441 1192 1470 et
1208 1435 1259 1470 ab
1276 1434 1432 1470 oriente
1450 1434 1490 1469 in
1502 1433 1752 1469 occidentem

255 1487 307 1523 ibi
335 1487 375 1523 in
401 1488 521 1534 longa
542 1488 642 1523 serie
660 1488 798 1523 audita
814 1494 877 1522 est
897 1487 1148 1532 Glorificatz'o.

327 1541 378 1576 Et
403 1540 505 1576 dixit
531 1540 628 1576 mihi
650 1541 826 1587 angelus,
850 1545 870 1559 ‘¹
885 1540 1134 1576 Glorificatio
1156 1540 1223 1575 illa
1248 1546 1309 1576 est
1329 1539 1567 1587 glorificatio
1589 1538 1755 1574 Domini

254 1600 418 1640 propter
430 1593 648 1629 adventum
670 1593 810 1640 Ipsius,
825 1604 926 1640 quae
944 1593 990 1629 fit
1007 1594 1058 1628 ab
1081 1593 1234 1640 angelis
1250 1593 1349 1628 caeli
1368 1592 1574 1628 orientalis
1592 1598 1633 1628 et
1650 1591 1755 1628 occi·

255 1647 464 1682 dentalis.''

255 1746 270 1782 f
329 1700 359 1735 E
385 1700 496 1735 caelo
516 1699 766 1735 meridionali
792 1705 834 1735 et
859 1699 1164 1746 septentrionali
1182 1709 1263 1734 non
1282 1698 1519 1734 audiebatur
1535 1697 1611 1733 nisi
1632 1707 1753 1744 quam

271 1754 430 1782 acetum
450 1758 638 1783 murmur.

327 1800 376 1835 Et
394 1800 488 1846 quia
505 1800 670 1846 angelus
689 1799 887 1835 intellexit
904 1798 1051 1839 omnia,
1070 1798 1173 1834 dixit
1192 1798 1290 1833 mihi
1305 1797 1490 1844 primum,
1505 1797 1614 1843 quod
1628 1789 1754 1844 glori-⁹

255 1852 462 1888 ficationes
477 1859 518 1888 et
536 1853 826 1888 celebrationes
843 1852 1007 1888 Domini
1023 1851 1122 1887 fiant
1138 1863 1187 1887 ex
1202 1851 1347 1891 Verbo,
1362 1851 1457 1897 quia
1472 1857 1571 1885 tunc
1584 1850 1687 1885 fiunt
1705 1860 1755 1885 ex

257 1905 444 1944 Domino.
462 1905 659 1941 Dominus
672 1906 778 1941 enim
794 1913 855 1941 est
869 1905 1058 1945 Verbum,
1074 1905 1152 1940 hoc
1165 1911 1236 1945 est,
1252 1904 1380 1950 ipsum
1398 1903 1589 1939 Divinum
1605 1902 1755 1938 Verum

257 1959 322 1994 ibi.
367 1958 417 1993 Et
435 1958 547 1999 dixit,
563 1964 583 1977 “
598 1959 714 1994 Nunc
733 1959 772 1993 in
791 1958 923 2005 specie
936 1958 1162 2005 glorificant
1180 1964 1220 1993 et
1237 1957 1440 1993 celebrant
1456 1956 1673 1992 Dominum
1688 1966 1756 2002 per

255 2012 365 2052 haec,
383 2022 485 2058 quae
504 2022 575 2057 per
594 2011 804 2047 Danielem
827 2011 1065 2058 prophetam
1084 2009 1191 2046 dicta
1207 2017 1323 2046 sunt:

316 2088 324 2101 ¹
335 2085 449 2116 Vidisti
465 2085 581 2115 sermm
597 2086 732 2115 mixtum
747 2095 821 2116 cum
833 2086 944 2124 argilla
957 2085 1025 2120 luti,
1036 2085 1289 2115 commiscebant
1300 2093 1334 2114 se
1347 2093 1406 2122 per
1418 2092 1528 2113 semen
1541 2083 1688 2117 hominis,
1701 2083 1756 2112 sed

418 2135 484 2155 non
506 2126 722 2155 cohaerebunt
735 2149 828 2157 .....
867 2127 989 2156 Verum
1011 2127 1045 2155 in
1067 2126 1180 2155 diebus
1196 2126 1257 2154 illis
1267 2148 1274 2155 .
1289 2148 1296 2156 .
1311 2148 1318 2155 .
1330 2119 1459 2162 surge‘re
1473 2124 1566 2153 saciet
1581 2124 1671 2153 Deus
1687 2132 1755 2152 cae—

417 2167 521 2196 lorum
532 2175 676 2204 regnum,
687 2168 776 2204 quod
788 2167 820 2195 in
831 2167 959 2196 saecula
967 2175 1033 2195 non
1044 2166 1158 2204 peribit
1169 2175 1177 2201 3
1195 2189 1202 2196 .
1216 2188 1223 2196 .
1237 2188 1244 2195 .
1259 2189 1266 2196 .
1280 2169 1421 2195 conteret
1431 2169 1462 2194 et
1472 2169 1640 2194 consumet
1650 2164 1755 2194 omnia

417 2207 472 2237 illa
485 2216 587 2245 regna
601 2207 715 2245 ipsum,
731 2212 839 2237 autem
853 2207 948 2236 stabit
962 2208 995 2236 in
1010 2205 1154 2236 saecula'
1168 2205 1186 2217 ''
1204 2206 1307 2244 (Dan.
1323 2206 1354 2235 ii.
1370 2215 1420 2243 43,
1435 2206 1502 2243 44).

330 2279 429 2315 Post
446 2279 546 2315 haec
564 2279 697 2314 audivi
722 2279 826 2315 sicut
842 2290 982 2315 vocem
1001 2285 1154 2319 cantus,
1172 2285 1214 2314 et
1239 2277 1414 2324 penitius
1439 2277 1479 2312 in
1502 2276 1657 2312 oriente
1673 2275 1755 2311 vidi

256 2343 465 2368 coruscum
491 2332 590 2368 lucis
617 2332 738 2378 priori
765 2332 1055 2378 splendentius,
1080 2339 1122 2368 et
1155 2331 1333 2378 quaesivi
1359 2330 1546 2378 angelum
1572 2329 1668 2376 quid
1703 2328 1755 2364 ibi

256 2385 495 2433 glorificant.

331 2438 443 2474 Dixit
460 2437 569 2484 quod
588 2442 609 2456 “
624 2437 700 2473 Per
717 2437 815 2473 haec
834 2437 939 2483 apud
961 2436 1181 2478 Danielem,

319 2513 461 2543 ‘Videns
475 2512 520 2541 sui
545 2512 578 2541 in
599 2512 773 2541 visionibus
785 2511 898 2546 noctis,
911 2515 942 2540 et
963 2520 1039 2542 ecce
1060 2520 1134 2541 cum
1149 2511 1287 2540 nubibus
1302 2509 1381 2540 caeli
1403 2509 1485 2539 sicut
1498 2508 1605 2538 Filius
1620 2507 1756 2537 hominis

419 2553 495 2588 suit:
512 2575 520 2583 .
532 2575 539 2582 .
554 2575 561 2582 .
575 2575 583 2582 .
596 2557 627 2581 et
641 2552 727 2581 Huic
739 2553 849 2581 datum
862 2556 908 2580 est
920 2551 1098 2581 dominium
1111 2574 1118 2582 .
1132 2574 1139 2581 .
1152 2556 1183 2580 et
1194 2559 1338 2589 regnum,
1348 2555 1380 2580 et
1394 2558 1506 2580 omnes
1515 2549 1626 2586 populi
1639 2553 1670 2577 et
1681 2557 1756 2586 gen-

419 2598 466 2622 tes
479 2616 485 2623 .
498 2615 505 2623 .
520 2593 629 2630 Ipsum
645 2593 767 2627 colent:
791 2592 968 2621 dominium
983 2592 1086 2629 Ipsius
1097 2592 1274 2620 dominium
1289 2590 1416 2625 saeculi.
1428 2590 1517 2627 quod
1527 2597 1593 2618 non
1605 2589 1757 2624 transibit,

420 2638 453 2663 et
466 2642 600 2671 regnum
619 2633 723 2671 Ipsius
737 2633 826 2670 quod
840 2641 906 2661 non
920 2630 1050 2670 peribit'
1065 2631 1170 2670 (Dan.
1185 2631 1237 2662 vii.
1254 2638 1303 2669 13,
1320 2633 1384 2669 14).

262 2708 426 2744 Praeter
443 2706 519 2747 illa,
534 2705 736 2742 celebrant
751 2704 971 2740 Dominum
990 2715 1039 2740 ex
1058 2703 1119 2739 his
1134 2703 1174 2739 in
1191 2702 1433 2749 Apocalypsi,

330 2775 410 2816 Jesu
436 2773 563 2804 Christo
575 2775 581 2787 ¹
594 2773 633 2802 sit
657 2771 758 2810 gloria
780 2775 811 2801 et
831 2771 930 2800 robur
943 2793 950 2801 .
964 2793 971 2801 .
985 2794 992 2801 .
1007 2780 1014 2805 ;
1037 2779 1112 2800 ecce
1129 2769 1215 2799 venit
1239 2778 1312 2799 cum
1330 2769 1470 2798 nubibus
1480 2767 1499 2804 ;’
1515 2769 1590 2807 Ipse
1614 2772 1661 2798 est
1676 2771 1683 2783 ⁸
1696 2768 1756 2798 Al-

421 2814 488 2853 pha
507 2818 539 2843 et
564 2813 699 2850 Omega‚
719 2811 911 2849 Principium
937 2815 969 2840 et
997 2811 1091 2845 Finis.
1109 2810 1233 2840 Primus
1257 2814 1289 2838 et
1315 2809 1485 2844 Ultimus..
1499 2831 1507 2839 .
1521 2832 1528 2839 .
1541 2809 1597 2846 qui
1623 2813 1679 2843 est.
1698 2809 1754 2846 qui

422 2855 490 2889 suit,
506 2858 537 2883 et
561 2853 615 2891 qui
641 2857 793 2882 venturus
810 2856 866 2886 est,
882 2851 1095 2889 omnipotens.
1139 2851 1210 2888 Ego
1223 2850 1390 2890 johannes
1413 2871 1420 2879 .
1434 2871 1442 2880 .
1458 2871 1466 2879 .
1481 2872 1488 2879 .
1503 2850 1609 2879 audivi
1631 2849 1694 2879 hoc
1715 2858 1756 2879 ex

424 2895 505 2924 Filio
519 2893 656 2923 hominis
671 2902 688 2922 e
704 2892 810 2921 medio
823 2897 945 2929 septem
961 2891 1226 2920 candelabrorum
1237 2890 1252 2900 “”
1270 2890 1382 2930 (Apoc.
1399 2890 1421 2919 i.
1437 2896 1512 2926 5-7,
1525 2889 1569 2928 [8,
1580 2889 1626 2928 9].
1641 2898 1735 2927 10-13
1749 2898 1757 2925 ;

425 2945 494 2973 cap.
512 2934 585 2964 xxii.
605 2942 661 2972 13:
688 2938 757 2962 tum
772 2941 812 2961 ex
828 2933 946 2962 Matth.
964 2932 1047 2962 xxiv.
1064 2940 1113 2969 30,
1126 2930 1192 2969 31).

336 3007 521 3056 Spectavi
541 3007 682 3043 iterum
703 3006 742 3041 in
760 3005 914 3042 caelum
929 3004 1133 3046 orientale,
1151 3010 1192 3040 et
1211 3003 1340 3039 illuxit
1357 3014 1381 3039 a
1397 3003 1519 3040 latere
1538 3003 1691 3045 dextro,
1709 3012 1756 3039 ac
