2014 3386
503 325 572 359 DE
603 324 784 358 AMORE
816 323 1242 367 CONJUGIAL1.—N.
1268 314 1337 370 77‘.
1643 316 1701 370 69

270 441 321 478 Et
339 439 440 477 dixit
458 440 625 475 maritus
642 438 692 473 ad
711 449 786 479 me,
806 442 826 456 ‘⁶
839 437 1035 485 Intelligis
1053 436 1155 474 illa.”

272 495 323 531 Et
339 494 538 540 respondi,
558 498 578 512 “
591 491 783 528 Instrue.''
1586 533 1589 536 Ι

269 548 321 584 Et
345 547 500 593 inquiit,
524 545 681 582 “Color
706 555 930 592 purpureus
954 555 1004 580 ex
1030 555 1101 580 sua
1125 543 1479 591 correspondentia
1503 544 1704 592 significatv

198 611 376 637 amorem
401 599 671 646 conjugialem
697 599 843 640 uxoris,
865 598 978 634 color
1002 597 1197 634 candidus
1223 597 1528 644 intelligentiam
1556 598 1699 639 mariti,

198 654 310 690 color
326 653 608 700 hyacinthinus
626 652 954 688 inchoamentum
968 651 1116 687 amoris
1129 650 1366 698 conjugialis
1384 651 1424 686 in
1443 652 1700 697 perceptione

198 707 329 743 mariti
350 707 400 742 ab
421 717 556 747 uxore,
574 712 615 742 et
634 706 747 741 color
766 716 947 752 cyaneus,
967 715 1048 751 quo
1068 703 1218 740 tinetas
1238 710 1323 740 erat
1343 704 1503 745 candor,
1521 715 1699 740 amorem

196 759 459 806 conjugialem
477 766 574 795 tunc
592 758 632 794 in
651 758 814 800 marit0;
841 759 950 804 quod
969 758 1034 793 hic
1051 758 1163 793 color
1179 768 1251 804 per
1267 757 1570 804 hyacinthinum
1585 758 1702 793 reflu-

197 819 282 848 eret
307 812 347 848 in
370 824 624 859 purpureum,
643 819 684 848 et
710 812 818 847 hunc
836 812 1010 847 elevaret
1030 811 1133 847 sicut
1160 811 1200 846 in
1225 811 1344 858 jubar
1363 811 1604 852 flammeum,
1622 811 1701 857 sig-

197 866 333 902 nificat
361 877 538 901 amorem
568 865 834 911 conjugialem
873 865 1004 900 mariti
1030 865 1264 900 refluentem
1298 865 1349 899 ad
1384 875 1570 905 uxorem3
1607 864 1703 900 talia

197 926 542 966 repraesentantur
570 918 610 954 in
642 919 858 965 parietibus
879 918 966 959 illis,
989 918 1085 953 dum
1112 929 1161 953 ex
1192 917 1453 953 meditatione
1484 918 1534 952 de
1564 928 1701 953 amore

197 972 424 1019 conjugiali,
445 973 533 1018 ejus
558 978 706 1013 mutua,
734 971 957 1007 successiva
981 978 1022 1007 et
1047 971 1289 1007 simultanea
1311 970 1472 1012 unione,
1495 970 1621 1017 pictas
1647 970 1701 1006 ibi

198 1026 318 1061 irides
333 1025 500 1061 intensis
514 1025 641 1060 oculis
657 1024 894 1060 intuemur.¹'

269 1079 334 1115 Ad
361 1079 461 1114 haec
482 1078 576 1119 dixi,
595 1083 616 1096 ‘¹
629 1077 741 1113 Haec
767 1078 855 1124 plus
875 1088 995 1124 quam
1019 1076 1187 1124 mystica
1207 1077 1328 1112 hodie
1350 1083 1454 1118 sunt,
1473 1082 1567 1112 sunt
1593 1076 1700 1112 enim

198 1132 350 1178 species
379 1131 741 1177 repraesentativae
771 1142 1006 1167 arcanorum
1033 1131 1181 1166 amoris
1210 1130 1448 1177 conjugialis
1479 1130 1597 1166 unius
1625 1130 1701 1166 viri

198 1196 288 1221 curn
308 1196 388 1220 una
404 1185 563 1220 uxore.”

271 1237 321 1273 Et
335 1237 554 1282 respondit,
570 1241 590 1256 ‘⁸
603 1235 706 1272 Sunt
725 1236 790 1278 ita,
805 1243 847 1272 at
866 1236 932 1272 illa
950 1236 1065 1272 nobis
1085 1235 1151 1271 hic
1169 1247 1250 1272 non
1265 1246 1410 1271 arcana
1427 1241 1531 1277 sunt,
1546 1241 1588 1271 et
1606 1235 1701 1271 inde

198 1301 273 1327 nec
290 1290 493 1337 mystica.''

272 1343 348 1379 His
369 1343 497 1384 dietis,
519 1342 703 1389 apparuit
728 1354 750 1379 e
775 1343 997 1389 longinquo
1018 1353 1156 1378 currus
1177 1341 1329 1378 tractus
1354 1353 1378 1378 a
1402 1342 1559 1378 mannis
1580 1342 1702 1382 albis:

198 1407 280 1443 quo
296 1397 396 1438 viso,
415 1396 517 1432 dixit
534 1397 710 1443 angelus,
730 1396 835 1431 “Ille
856 1407 994 1431 currus
1015 1402 1076 1431 est
1095 1396 1209 1431 nobis
1228 1395 1386 1442 signum
1409 1402 1454 1430 ut
1475 1395 1702 1431 abeamus.”

199 1450 314 1485 Tunc
334 1461 425 1485 cum
447 1450 728 1485 descendimus
747 1461 817 1495 per
837 1450 995 1495 gradus,
1017 1449 1129 1484 dedit
1150 1448 1297 1494 hospes
1320 1448 1434 1484 nobis
1461 1449 1622 1484 botrum
1653 1459 1703 1484 ex

197 1503 286 1539 uvis
306 1503 487 1538 candidis
509 1503 794 1538 adhaerentem
814 1502 919 1538 foliis
940 1513 989 1538 ex
1008 1502 1102 1542 vite,
1121 1508 1162 1537 et
1182 1513 1274 1537 ecce
1292 1501 1388 1537 folia
1404 1501 1510 1536 facta
1526 1508 1621 1537 sunt
1642 1513 1703 1536 ar·

196 1562 364 1603 gentea:
389 1563 430 1591 et
451 1556 752 1602 deportavimus
778 1556 845 1591 illa
871 1555 911 1591 in
937 1555 1108 1602 signum,
1130 1555 1238 1602 quod
1259 1565 1351 1591 cum
1373 1555 1532 1602 populis
1552 1555 1701 1591 saeculi

200 1609 377 1656 argentei
396 1609 519 1645 locuti
537 1609 697 1645 simus.''

199 1731 286 1778 77.
325 1723 535 1765 Tertium
561 1723 859 1765 Memorabile
875 1736 948 1764 :—

271 1824 371 1861 Post
395 1825 502 1861 diem
523 1825 655 1861 adhuc
675 1825 786 1861 venit
807 1825 971 1872 angelus
993 1823 1137 1861 duC'tor
1156 1830 1198 1861 et
1218 1835 1364 1866 comes,
1386 1830 1427 1861 et
1448 1824 1562 1865 dixit,
1585 1824 1695 1860 “Ac—

198 1878 314 1925 cinge
330 1885 383 1919 te,
403 1885 444 1914 et
461 1879 650 1914 abeamus
667 1879 717 1913 ad
735 1879 944 1914 caelicolas
960 1878 999 1913 in
1018 1878 1241 1918 occidente,
1260 1878 1328 1924 qui
1347 1885 1443 1913 sunt
1460 1889 1509 1913 ex
1527 1875 1701 1913 homini—

199 1932 275 1967 bus
292 1932 360 1978 qui
379 1931 418 1966 in
436 1939 570 1967 aetate
587 1932 706 1967 tertia
723 1943 792 1967 seu
812 1932 851 1966 in
866 1932 1027 1967 saeculo
1040 1942 1188 1977 cupreo
1201 1931 1405 1972 vixerant:
1431 1931 1702 1966 habitationes

200 1984 357 2020 illorum
375 1992 469 2020 sunt
486 1995 511 2020 a
527 1985 692 2020 meridie
706 1996 824 2031 super
841 1985 1092 2020 occidentem
1110 1985 1162 2020 ad
1183 1985 1512 2031 septentrionem,
1531 1984 1601 2020 sed
1621 1995 1701 2020 non

200 2037 241 2072 in
259 2037 397 2073 hanc.''
1473 2065 1477 2068 -

273 2090 323 2126 Et
340 2089 543 2126 accinftus
563 2090 672 2126 illum
691 2090 910 2127 comitatus
930 2102 1030 2131 sum,
1049 2101 1095 2126 ac
1118 2090 1352 2126 intravimus
1370 2090 1523 2126 caelum
1543 2090 1701 2126 illorum

199 2143 358 2179 alatere
377 2144 646 2185 meridionali;
672 2151 713 2179 et
732 2144 784 2179 ibi
798 2150 884 2180 erat
903 2143 1158 2190 magnificum
1175 2155 1314 2179 nemus
1332 2155 1381 2179 ex
1399 2144 1541 2190 palmis
1559 2150 1600 2179 et
1618 2144 1703 2179 lau—

201 2196 318 2232 ribus.
370 2196 475 2232 Illud
490 2197 827 2242 pertransivimus,
840 2204 881 2232 et
898 2203 997 2232 tunc
1015 2196 1054 2232 in
1070 2196 1159 2242 ipso
1172 2196 1348 2232 confinio
1363 2197 1586 2233 occidentis
1599 2196 1702 2233 vidi-

201 2260 288 2285 mus
305 2249 487 2296 gigantes
505 2250 755 2296 proceritatis
774 2250 918 2296 duplae
937 2261 1058 2296 supra
1075 2250 1292 2285 humanam
1310 2261 1578 2286 communem.

273 2301 327 2338 Hi
347 2313 420 2338 nos
439 2303 796 2350 interrogaverunt,
815 2302 948 2350 “Quis
966 2314 1039 2339 vos
1057 2314 1128 2349 per
1145 2314 1286 2339 nemus
1306 2302 1573 2339 intromisit?''

272 2354 386 2390 Dixit
403 2356 579 2402 angelus,
601 2361 620 2374 ‘⁴
637 2356 744 2392 Deus
763 2356 897 2392 caeli.'’

272 2407 323 2444 Et
352 2409 655 2454 responderunt,
675 2414 695 2428 ‘⁴
709 2408 793 2444 Nos
821 2420 960 2445 sumus
988 2409 1195 2445 custodiae
1224 2409 1276 2445 ad
1305 2409 1462 2445 caelum
1491 2408 1701 2456 antiquum

201 2461 458 2502 occidentale,
480 2462 550 2498 sed
568 2473 641 2498 vos
658 2462 862 2498 transite.'’

274 2513 324 2549 Et
341 2515 609 2556 transivimus,
628 2522 669 2550 et
686 2526 708 2551 e
726 2515 890 2561 specula
902 2515 1077 2551 vidimus
1095 2521 1274 2551 montem
1289 2515 1491 2551 elevatum
1506 2526 1632 2561 usque
1650 2515 1701 2550 ad

202 2566 338 2607 nubes,
355 2578 402 2603 ac
419 2567 523 2603 inter
540 2579 613 2604 nos
635 2568 674 2603 in
697 2568 857 2614 specula
877 2575 917 2604 et
939 2568 1051 2604 illum
1073 2575 1252 2604 montem
1271 2569 1385 2604 villas
1407 2574 1448 2604 et
1467 2569 1591 2609 villas,
1610 2579 1701 2603 cum

203 2619 450 2656 intermediis
467 2621 606 2662 hortis,
624 2621 724 2657 lucis
742 2628 783 2657 et
800 2621 963 2668 campis.
1016 2622 1065 2657 Et
1091 2622 1421 2668 pertransivimus
1439 2621 1554 2656 villas
1576 2631 1702 2666 usque

202 2672 252 2706 ad
280 2679 470 2714 montem,
489 2680 530 2709 et
550 2675 822 2716 ascendimus;
849 2682 890 2710 et
915 2685 1007 2710 ecce
1033 2675 1192 2710 culmen
1214 2675 1300 2721 ejus
1322 2686 1404 2710 non
1426 2681 1511 2710 erat
1531 2675 1701 2713 culmen,

203 2724 273 2759 sed
291 2725 487 2770 planities,
505 2733 545 2762 et
563 2738 682 2773 super
699 2727 773 2763 hac
790 2727 931 2763 civitas
949 2735 1114 2763 extensa
1131 2734 1172 2764 et
1189 2727 1388 2773 spatiosa,
1414 2734 1455 2763 et
1473 2737 1612 2762 omnes
1631 2727 1702 2760 do-

206 2788 293 2812 mus
313 2778 400 2823 ejus
417 2786 529 2814 erant
552 2790 603 2815 ex
628 2780 746 2827 lignis
767 2782 954 2816 arborum
976 2781 1139 2822 resinae,
1154 2787 1195 2817 et
1214 2781 1354 2816 harum
1372 2779 1480 2816 tecta
1495 2791 1544 2815 ex
1561 2779 1702 2815 asseri-

204 2830 290 2865 bus.

279 2882 330 2918 Et
348 2884 537 2929 quaesivi,
556 2885 668 2922 “Cur
685 2886 830 2923 domus
847 2887 913 2922 hic
931 2887 1088 2933 ligneae
1106 2893 1200 2922 sunt
1210 2886 1251 2923 ?’'

279 2935 502 2981 Respondit
522 2939 697 2984 angelus,
719 2939 855 2986 “Quia
876 2940 1028 2986 lignum
1050 2940 1249 2986 significat
1275 2940 1425 2975 bonum
1448 2937 1638 2978 naturale,
1661 2943 1702 2973 et

207 2986 247 3023 in
265 2987 341 3024 hoc
358 2989 465 3025 bono
482 2990 639 3027 fuerant
657 2992 839 3028 homines
857 2993 1000 3028 aetatis
1017 2993 1158 3028 tertiae
1170 2993 1343 3034 telluris;
1369 2999 1410 3028 et
1427 2992 1522 3038 quia
1535 3002 1700 3038 cuprum
