2014 3386
348 325 402 369 32
805 324 1048 358 DELICIAE
1079 323 1385 359 SAPIENTIAE

345 437 584 493 sapientia,
610 451 688 480 seu
710 439 831 493 quod
853 439 988 489 idem,
1013 439 1133 494 quod
1159 439 1220 481 sit
1245 452 1374 482 amor
1394 439 1635 483 obvelatus
1660 441 1843 498 sapien-

345 502 438 555 tia;
471 516 523 544 ac
549 503 670 557 quod
697 503 907 544 intimum
932 503 975 544 in
1001 503 1169 544 femina
1197 503 1256 544 sit
1282 503 1361 544 illa
1386 505 1610 559 sapientia
1635 506 1840 556 masculi,

344 578 398 607 ac
420 565 632 607 velamen
654 565 784 619 hujus
806 579 933 607 amor
954 566 1059 609 inde
1077 580 1086 617 3
1119 566 1202 607 sed
1228 565 1301 607 hic
1324 580 1451 608 amor
1472 574 1543 609 est
1565 582 1693 610 amor
1713 569 1841 610 femi-

344 629 490 678 ninus,
518 642 571 670 ae
598 628 734 670 datur
758 642 785 669 a
810 628 1010 670 Domino
1036 629 1169 669 uxori
1195 642 1275 683 per
1299 630 1570 684 sapientiam
1596 633 1759 680 mariti,
1787 645 1840 674 ac

343 692 465 747 prior
490 705 618 733 amor
643 698 715 733 est
746 705 874 733 amor
899 692 1178 733 masculinus
1210 698 1258 734 et
1283 699 1355 734 est
1387 706 1515 735 amor
1539 695 1759 749 sapiendi,
1786 708 1840 736 ac

343 755 476 796 datur
497 769 523 796 a
546 755 746 796 Domino
768 756 930 796 marito
952 755 1202 796 secundum
1224 757 1536 810 receptionem
1560 758 1838 812 sapientiae:

343 831 404 860 ex
441 832 497 860 eo
533 825 604 860 est
630 819 752 873 quod
789 818 1017 860 masculus
1055 819 1114 860 sit
1154 819 1380 873 sapientia
1418 822 1598 870 amoris,
1634 827 1681 863 et
1718 821 1840 876 quod

341 881 510 923 semina
532 883 591 923 sit
612 895 741 923 arnor
758 882 1008 935 sapientiae
1030 882 1160 923 istius
1181 896 1191 933 ;
1218 896 1355 936 quare
1378 897 1404 924 a
1426 885 1656 926 creatione
1677 885 1841 926 insitus

341 951 414 986 est
436 946 614 999 utrique
635 958 764 986 amor
785 943 1114 998 conjunfflonis
1140 946 1185 986 in
1212 959 1347 987 unum
1366 960 1376 998 ;
1410 947 1489 988 sed
1513 948 1570 988 de
1591 947 1660 988 his
1682 948 1838 989 dicen·

341 1014 416 1050 tur
440 1008 568 1063 plura
593 1009 638 1049 in
665 1009 973 1062 sequentibus.
1035 1008 1172 1062 Quod
1198 1009 1462 1051 femininum
1487 1011 1547 1052 sit
1573 1025 1633 1051 ex
1659 1024 1838 1053 mascu-

340 1071 449 1121 lino,
482 1086 562 1113 seu
593 1072 715 1126 quod
747 1070 911 1113 Mulier
942 1072 1187 1126 desumpta
1218 1072 1277 1114 sit
1308 1087 1369 1114 ex
1401 1073 1529 1124 Viro,
1558 1080 1744 1116 constat
1776 1088 1837 1117 ex

340 1135 412 1176 his
437 1135 483 1176 in
512 1134 701 1176 Genesi:

409 1234 599 1278 “Jehovah
614 1235 727 1268 Deus.
742 1260 750 1268 .
763 1260 771 1268 .
786 1236 1002 1277 .desumpsit
1017 1246 1126 1268 unam
1141 1236 1184 1268 de
1197 1237 1305 1269 costis
1317 1236 1395 1275 viri,
1412 1242 1447 1269 et
1459 1237 1602 1269 inclusit
1615 1247 1758 1270 carnem
1772 1247 1838 1279 pro

516 1289 579 1318 ea;
603 1286 639 1311 et
654 1279 871 1312 aedificavit.
885 1305 893 1312 .
907 1287 1074 1318 ,costam,
1095 1290 1200 1322 quam
1218 1286 1421 1321 sumpserat
1439 1281 1483 1313 de
1506 1282 1663 1319 homine,
1681 1282 1717 1313 in
1735 1282 1838 1313 muli·

515 1333 635 1361 e1·em;
659 1329 695 1355 et
714 1324 861 1356 adduxit
881 1334 960 1356 eam
984 1324 1030 1356 ad
1054 1325 1258 1363 hominem;
1282 1331 1318 1356 et
1336 1325 1426 1356 dixit
1448 1325 1569 1363 homo,
1593 1325 1692 1356 Haec
1716 1331 1772 1357 est
1794 1335 1837 1357 os

515 1367 560 1399 de
584 1367 728 1399 ossibus
752 1368 853 1406 meis,
881 1373 917 1399 et
940 1377 1024 1399 caro
1047 1368 1092 1400 de
1115 1377 1222 1400 carne
1251 1377 1352 1407 mea;
1383 1368 1467 1400 hinc
1494 1369 1682 1400 vocabitur
1707 1368 1836 1401 Ischah

514 1412 722 1450 [neuen-iaul,
740 1411 823 1453 quia
838 1412 882 1443 de
899 1412 977 1443 viro
994 1417 1139 1453 sumpta
1154 1411 1237 1444 est”
1254 1411 1343 1453 (cap.
1360 1412 1396 1445 ii.
1416 1412 1559 1453 21-23);

339 1516 445 1571 quid
472 1514 701 1570 significat
730 1515 935 1557 “costa''
960 1521 1006 1558 et
1033 1516 1140 1571 quid
1170 1515 1355 1566 “car0,''
1380 1515 1487 1558 alibi
1513 1517 1705 1559 dicetur.

423 1589 518 1632 33·
560 1579 636 1620 Ex
662 1579 892 1634 primitiva
917 1579 1002 1621 hac
1025 1579 1299 1621 formatione
1325 1579 1437 1628 fluit,
1461 1580 1583 1634 quod
1608 1577 1836 1621 masculus

340 1650 555 1685 nascatur
575 1641 915 1692 intellectualis,
936 1649 983 1684 et
1000 1643 1121 1697 quod
1143 1643 1310 1684 femina
1331 1650 1546 1684 nascatur
1562 1643 1834 1692 voluntaria,

339 1720 417 1748 seu
449 1707 571 1761 quod
612 1707 748 1756 idem,
782 1707 904 1760 quod
945 1706 1173 1747 masculus
1214 1713 1429 1748 nascatur
1463 1707 1508 1748 in
1549 1704 1835 1748 affectionem

339 1771 524 1819 sciendi,
553 1770 858 1823 intelligendi,
887 1776 934 1811 et
960 1770 1180 1823 sapiendi,
1210 1776 1256 1811 et
1283 1770 1404 1823 quod
1430 1770 1595 1811 femina
1621 1775 1837 1811 nascatur

338 1834 383 1874 in
410 1846 612 1874 amorem
640 1832 948 1885 conjungendi
974 1846 1022 1874 se
1048 1845 1150 1873 cum
1181 1832 1261 1873 illa
1282 1831 1519 1874 affectione
1544 1833 1588 1873 in
1615 1832 1834 1874 masculo.

338 1896 402 1938 Et
425 1897 528 1950 quia
545 1897 760 1937 interiora
778 1896 835 1936 ad
853 1895 1196 1937 similitudinem
1219 1908 1345 1936 suam
1367 1895 1565 1937 formant
1588 1895 1832 1945 exteriora,

335 1950 386 2001 'et
417 1959 562 2000 forma
592 1959 843 2000 masculina
875 1965 945 2000 est
975 1959 1118 2000 forma
1148 1957 1425 2008 intellectus,
1453 1971 1505 1999 ac
1537 1958 1680 1999 forma
1704 1958 1833 2000 semi-

338 2023 445 2064 nina
470 2029 540 2064 est
566 2022 711 2063 forma
732 2023 898 2063 amoris
921 2021 1028 2075 ejus,
1048 2022 1153 2063 inde
1175 2027 1245 2062 est
1270 2022 1390 2075 quod
1413 2021 1641 2063 masculus
1663 2022 1722 2063 sit
1744 2021 1834 2064 alia

336 2086 464 2136 facie,
503 2085 593 2126 alio
631 2099 760 2134 sono,
800 2091 846 2126 et
884 2085 975 2126 alio
1012 2098 1215 2138 corpore,
1251 2097 1386 2138 quam
1425 2084 1593 2126 femina
1613 2099 1623 2136 ;
1667 2097 1833 2138 nempe

336 2149 450 2191 facie
473 2150 664 2198 duriore,
685 2163 798 2190 sono
823 2149 1065 2203 asperiore,
1085 2155 1132 2190 et
1155 2162 1345 2203 corpore
1367 2149 1554 2198 fortiori,
1573 2163 1626 2190 ac
1649 2149 1833 2203 insuper

338 2221 497 2255 mento
514 2213 722 2262 barbato,
740 2213 784 2253 in
803 2226 969 2266 genere
986 2211 1129 2253 forma
1143 2211 1475 2266 impulchriore,
1492 2225 1627 2266 quam
1645 2212 1830 2264 semina3

338 2276 549 2318 differunt
575 2277 711 2317 etiam
738 2276 943 2329 gestibus
969 2281 1016 2316 et
1043 2275 1243 2316 moribus
1265 2288 1274 2316 :
1309 2276 1463 2325 verbo,
1492 2289 1583 2316 non
1607 2282 1676 2316 est
1703 2275 1830 2330 quic-

337 2353 473 2395 quam
495 2339 654 2389 simile,
675 2339 755 2380 sed
779 2352 917 2393 usque
939 2345 1009 2379 est
1028 2336 1362 2391 conjunffivum
1385 2339 1429 2379 in
1447 2338 1664 2391 singulis;
1691 2339 1831 2378 immo

337 2410 408 2445 est
427 2402 726 2444 masculinum
748 2403 792 2443 in
811 2401 1027 2451 masculo,
1046 2402 1091 2442 in
1113 2402 1236 2442 omni
1258 2407 1401 2455 parte,
1422 2402 1560 2442 etiam
1584 2402 1627 2442 in
1645 2402 1832 2442 minima

337 2467 538 2520 corporis
561 2465 669 2519 ejus,
693 2465 1009 2514 masculinum,
1033 2470 1081 2506 et
1102 2478 1280 2518 quoque
1306 2465 1350 2505 in
1377 2465 1499 2505 omni
1524 2465 1627 2505 idea
1649 2464 1829 2517 cogita-

337 2530 489 2578 tionis,
510 2536 556 2571 et
579 2531 623 2570 in
641 2530 764 2571 omni
786 2530 903 2570 mica
920 2527 1170 2570 affee’tionis
1192 2527 1284 2581 ejus
1305 2542 1314 2579 ;
1341 2528 1549 2569 similiter
1565 2527 1828 2569 femininum

336 2592 381 2634 in
403 2593 570 2633 femina
590 2606 599 2633 :
628 2599 675 2634 et
697 2593 801 2646 quia
823 2593 886 2633 sic
909 2604 1046 2632 unum
1069 2604 1160 2632 non
1183 2591 1347 2632 mutari
1370 2597 1526 2644 potest
1548 2591 1591 2631 in
1614 2590 1826 2640 alterum,

336 2657 540 2710 sequitur
557 2657 678 2710 quod
703 2662 808 2710 post
830 2661 1024 2697 mortem
1048 2653 1273 2696 masculus
1295 2654 1353 2695 sit
1377 2653 1617 2703 masculus,
1638 2660 1683 2695 et
1706 2654 1828 2709 quod

335 2719 502 2760 femina
527 2720 586 2760 sit
611 2720 790 2760 femina.

419 2792 515 2837 34.
559 2782 657 2837 (iii.)
706 2783 836 2834 Quod
866 2796 973 2824 suus
1008 2781 1155 2823 Amor
1192 2780 1319 2834 apud
1356 2780 1688 2834 unumquemvis
1722 2786 1830 2834 post

336 2853 519 2888 mortem
559 2846 964 2887 maneat.—H0m0
1005 2846 1133 2887 novit
1173 2845 1293 2899 quod
1333 2857 1460 2885 amor
1498 2845 1570 2893 sit,
1613 2844 1693 2884 sed
1734 2857 1827 2885 non

338 2911 466 2951 novit
498 2910 603 2964 quid
642 2923 770 2951 amor
801 2916 900 2961 est3
927 2910 1066 2951 ,novit
1097 2909 1216 2964 quod
1250 2921 1376 2949 amor
1407 2908 1465 2949 sit
1503 2921 1562 2948 ex
1595 2906 1826 2948 communi

337 2972 545 3028 loquela3
587 2979 637 3016 ut
668 2973 789 3028 quod
821 2974 998 3015 dicatur
1029 2972 1149 3028 quod
1185 2971 1262 3014 ille
1298 2984 1370 3013 me
1409 2977 1547 3021 amet,
1581 2970 1702 3025 quod
1741 2983 1826 3012 rex
