2014 3386
537 365 603 397 DE
635 363 814 397 AMORE
845 363 1271 406 CONJUGIAL1.—-—N.
1300 355 1393 407 368.
1643 358 1727 409 289

315 478 456 533 36¹7.·
479 476 577 532 (vi.)
615 477 745 528 Quod
768 477 890 519 zelus
922 476 1090 519 amoris
1121 476 1385 532 conjztgz'alz’s
1410 476 1723 519 dicaturzelo·

229 541 563 596 typza—Zelus
585 555 666 595 pro
688 554 841 582 amore
863 555 968 582 vere
992 539 1247 594 conjugiali,
1272 546 1343 582 est
1367 540 1488 582 zelus
1510 541 1725 591 zelorum,

228 606 332 659 quia
358 604 433 646 ille
459 618 586 646 amor
611 611 682 646 est
707 617 836 645 amor
857 617 1074 653 amorum,
1099 610 1146 646 et
1170 603 1263 657 ejus
1284 603 1498 658 jucunda,
1523 617 1604 657 pro
1629 604 1727 658 qui-

227 669 312 710 bus
333 669 472 710 etiarn
499 667 685 717 zelatur,
713 674 819 709 sunt
841 667 1040 721 jucunda
1061 666 1377 721 jucundorum,
1406 674 1477 708 est
1504 668 1623 708 enim
1650 667 1726 708 ille
1764 659 1767 664 ’

228 745 368 781 amor,
410 738 459 774 ut
499 744 633 784 supra
673 738 909 772 ostensum
949 738 1035 780 est,
1074 737 1211 784 caput
1252 731 1453 771 omnium
1494 744 1726 782 amorum;

228 808 364 836 causa
386 801 472 844 est,
499 795 604 848 quia
634 794 711 835 ille
742 807 869 835 amor
894 794 1065 835 inducit
1090 794 1221 835 uxori
1247 793 1437 835 sormam
1464 795 1645 843 amoris,
1673 807 1727 835 ac

228 859 394 900 marito
414 858 604 899 formam
628 858 893 911 sapientiae,
918 864 965 899 et
991 871 1050 898 ex
1077 857 1145 898 his
1170 857 1324 898 formis
1346 858 1482 898 unitis
1507 859 1550 898 in
1575 871 1726 906 unam,

227 935 319 964 non
345 927 500 975 potest
525 921 645 962 aliud
672 921 935 974 procedere,
962 933 1098 975 quam
1124 920 1245 975 quod
1272 922 1392 974 sapit
1419 935 1478 962 ex
1505 922 1728 974 sapientia

228 992 276 1027 et
313 984 444 1026 simul
486 998 652 1026 amore.
717 983 946 1038 Quoniam
984 984 1106 1025 zelus
1145 985 1312 1025 amoris
1353 983 1619 1038 conjugialis
1657 990 1728 1024 est

229 1048 350 1091 zelus
395 1048 610 1097 zelorum,
652 1048 757 1090 ideo
801 1062 921 1090 novo
961 1049 1143 1089 nomine
1182 1047 1438 1102 appellatur
1482 1048 1727 1101 zelotypia,

228 1113 349 1167 quod
375 1119 446 1154 est
473 1113 568 1165 ipse
595 1119 731 1165 typus
758 1111 855 1152 zeli.

311 1177 452 1231 368.
487 1174 601 1229 (vii.)
638 1174 767 1226 Quod
787 1174 1005 1228 zelotypia
1030 1175 1092 1216 sit
1115 1175 1230 1217 sicut
1242 1174 1459 1230 flagrans
1484 1175 1604 1229 zssgnis
1630 1189 1728 1216 con-

228 1245 305 1281 tra
329 1239 595 1291 infestantes
617 1253 810 1279 amorem
831 1252 925 1279 cum
946 1239 1137 1293 conjuge,
1161 1244 1204 1279 et
1226 1239 1346 1292 quod
1362 1238 1425 1280 sit
1444 1239 1557 1280 sicut
1577 1238 1728 1279 lzorrz'-

227 1303 312 1344 dus
329 1302 463 1343 timor
474 1308 561 1355 pro
562 1301 751 1356 jablura
768 1301 890 1342 illius
907 1301 1323 1355 amorz·s.—-Agitur
1336 1302 1408 1343 hic
1425 1302 1481 1343 de
1499 1302 1727 1355 zelotypia

227 1366 407 1409 illorum
439 1366 512 1419 qui
543 1366 588 1406 in
620 1365 840 1418 spirituali
867 1378 1020 1406 amore
1053 1379 1154 1406 curn
1187 1365 1380 1419 conjuge
1413 1372 1547 1417 sunt;
1579 1367 1624 1407 in
1656 1380 1728 1407 se-

228 1435 397 1483 quente
418 1428 610 1470 articulo
632 1429 687 1470 de
711 1429 940 1482 zelotypia
962 1428 1140 1470 illorum
1163 1430 1237 1482 qui
1262 1430 1306 1470 in
1330 1429 1523 1471 naturali
1546 1442 1728 1481 amore;

228 1500 276 1535 et
302 1499 406 1547 post
432 1492 550 1534 hunc
578 1493 635 1533 de
662 1493 892 1545 zelotypia
918 1492 1098 1533 illorum
1125 1493 1198 1546 qui
1229 1493 1273 1533 in
1305 1506 1459 1534 amore
1485 1507 1591 1534 vere
1618 1507 1728 1534 con-

224 1554 394 1609 jugiali.
454 1556 594 1610 Apud
620 1556 723 1597 illos
749 1557 822 1609 qui
854 1557 898 1596 in
930 1556 1150 1609 spirituali
1181 1569 1334 1597 amore
1361 1563 1481 1605 sunt,
1509 1563 1579 1598 est
1606 1556 1728 1598 zelo-

228 1621 357 1674 typia
386 1621 524 1670 varia,
553 1621 656 1674 quia
696 1633 823 1660 amor
859 1619 1037 1660 illorum
1070 1627 1139 1661 est
1180 1621 1340 1669 varim,
1370 1634 1475 1661 nam
1506 1634 1727 1674 nusquam

228 1684 364 1725 datur
388 1698 501 1725 unus
526 1697 666 1734 amor,
695 1685 788 1725 sive
815 1684 872 1725 sit
900 1684 1143 1737 spiritualis
1170 1685 1264 1725 sive
1287 1685 1519 1735 naturalis,
1547 1699 1729 1739 prorsus

230 1747 386 1789 similis
426 1747 546 1800 apud
587 1748 714 1796 duos,
749 1748 894 1788 minus
935 1748 1054 1801 apud
1096 1747 1259 1801 plures.
1321 1747 1456 1801 Quod
1498 1748 1729 1801 zelotypia

229 1811 488 1864 spiritualis,
523 1825 601 1852 seu
633 1810 751 1865 apud
785 1810 1056 1863 spirituales,
1090 1811 1149 1852 sit
1187 1811 1303 1852 sicut
1335 1812 1452 1864 ignis
1483 1811 1727 1864 efflagrans

230 1881 391 1916 contra
421 1874 692 1916 infestantes
723 1887 925 1915 amorem
958 1873 1261 1927 conjugialem
1293 1874 1487 1924 illorum,
1521 1882 1592 1916 est
1625 1875 1729 1930 quia

230 1938 496 1991 principium
523 1938 688 1979 amoris
714 1938 833 1991 apud
865 1937 982 1987 illos,
1010 1944 1081 1979 est
1113 1938 1157 1978 in
1190 1938 1420 1992 utriusque
1446 1939 1650 1988 internis,
1679 1945 1726 1980 et

230 2014 356 2042 amor
381 2001 558 2042 illorum
584 2015 611 2042 a
636 2002 856 2054 principio
881 2015 963 2042 suo
989 2001 1190 2055 sequitur
1214 2002 1483 2055 principiata
1505 2015 1643 2055 usque
1669 2002 1727 2043 ad

231 2064 391 2106 ultima
416 2078 510 2114 sua,
537 2079 597 2105 ex
624 2065 783 2118 quibus
809 2071 856 2106 et
883 2064 1014 2105 simul
1041 2078 1100 2105 ex
1123 2065 1277 2118 primis
1303 2065 1587 2114 intermedia,
1612 2079 1727 2119 quae

231 2129 398 2169 mentis
439 2134 485 2169 et
525 2129 728 2181 corporis
759 2134 879 2178 sunt,
913 2129 957 2168 in
994 2141 1118 2168 nexu
1157 2128 1341 2169 amabili
1372 2135 1601 2170 tenentur.
1665 2128 1726 2170 Hi

232 2192 334 2245 quia
369 2191 625 2245 spirituales
666 2198 785 2240 sunt,
819 2193 864 2232 in
905 2190 1116 2244 conjugio
1148 2205 1229 2233 suo
1269 2205 1350 2245 pro
1387 2191 1474 2233 fine
1515 2191 1726 2246 spectant

232 2255 457 2303 unionem,
486 2261 532 2296 et
563 2255 606 2296 in
634 2254 712 2295 illa
742 2254 1020 2308 spiritualem
1047 2255 1260 2308 requiem,
1289 2268 1340 2296 ac
1367 2254 1496 2308 hujus
1523 2256 1725 2297 amoeni-

231 2322 352 2359 tates
369 2332 378 2369 ;
406 2331 523 2359 nunc
541 2319 645 2372 quia
662 2333 721 2359 ex
740 2319 900 2359 animis
923 2319 1013 2359 suis
1031 2318 1283 2371 rejecerunt
1301 2320 1601 2368 disunionem,
1620 2320 1725 2360 ideo

232 2386 302 2421 est
322 2380 554 2434 zelotypia
579 2381 658 2422 illa
682 2382 798 2422 sicut
825 2382 942 2434 ignis
968 2388 1149 2423 emotus
1172 2388 1218 2423 et
1243 2395 1291 2423 se
1313 2381 1540 2434 ejaculans
1563 2389 1726 2423 contra

232 2443 512 2486 infestantes.
574 2443 708 2498 Quod
731 2445 868 2486 etiam
895 2445 954 2486 sit
980 2445 1096 2486 sicut
1122 2445 1328 2486 horridus
1352 2446 1501 2495 timor,
1526 2452 1596 2487 est
1623 2446 1727 2499 quia

233 2506 477 2559 spiritualis
508 2507 687 2549 illorum
718 2521 845 2549 amor
875 2508 1072 2549 intendit
1105 2514 1154 2550 ut
1192 2521 1328 2549 unum
1360 2509 1477 2559 sint;
1520 2522 1656 2562 quare
1688 2509 1726 2549 si

235 2570 394 2612 existit
434 2584 581 2620 casuS,
622 2577 699 2612 aut
741 2572 968 2624 contingit
1008 2572 1276 2624 apparentia
1316 2572 1631 2625 separationis,
1673 2571 1724 2613 fit

235 2632 372 2674 timor
410 2634 484 2687 qui
523 2633 692 2683 horret,
727 2634 844 2676 sicut
885 2635 990 2675 dum
1024 2635 1157 2675 binae
1190 2640 1342 2687 partes
1375 2635 1527 2676 unitae
1559 2636 1724 2676 distra-

234 2693 461 2738 herentur.
524 2696 652 2739 Haec
693 2697 938 2751 descriptio
978 2697 1236 2751 zelotypiae
1277 2697 1384 2739 mihi
1429 2699 1539 2739 data
1584 2705 1654 2740 est
1699 2712 1725 2740 e

236 2757 363 2800 caelo
393 2759 450 2801 ab
480 2759 568 2800 illis
600 2760 674 2814 qui
705 2761 749 2801 in
781 2774 934 2802 amore
965 2760 1207 2814 conjugiali
1238 2755 1458 2814 spirituali
1490 2767 1621 2812 sunt;
1654 2767 1726 2803 est

236 2821 355 2862 enim
386 2835 512 2864 amor
537 2822 802 2876 conjugialis
833 2823 1068 2873 naturalis,
1101 2836 1230 2864 amor
1255 2823 1519 2877 conjugialis
1545 2825 1725 2877 spiritu·

238 2882 333 2933 alis,
360 2890 407 2926 et
430 2898 556 2926 amor
580 2885 847 2938 conjugialis
868 2886 1111 2937 caelestis;
1145 2886 1201 2927 de
1228 2887 1421 2928 naturali
1447 2893 1493 2927 et
1520 2887 1724 2936 caelesti,

237 2945 502 3002 illorumque
528 2948 771 3002 zelotypia,
799 2949 974 2991 dicetur
998 2950 1042 2991 in
1065 2949 1180 2991 binis
1206 2949 1405 2991 articulis
1431 2949 1503 3003 qui
1529 2963 1726 3003 sequun-

239 3013 324 3050 tur.
