2014 3386
495 330 563 364 DE
594 329 775 363 AMORE
807 325 1288 361 SCORTATOR10.——N.
1314 325 1411 370 445·
1615 327 1691 369 341

200 445 454 497 fornicatio,
482 445 701 487 lustretur
716 437 881 500 {quod
907 442 985 485 fiet
1011 443 1056 484 in
1081 442 1167 484 hac
1194 441 1309 483 serie
1325 454 1397 482 :—

439 548 496 593 (i.)
534 547 648 593 Quod
648 547 873 593 fornicatio
891 547 945 581 sit
960 546 1107 581 amoris
1122 555 1245 580 sexus.

425 595 495 641 (ἰί.)
532 595 646 641 Quod
661 595 726 629 hic
746 594 906 635 inchoet,
924 604 1010 628 cum
1030 592 1241 627 adolescens
1260 602 1309 626 ex
1320 591 1488 637 proprio
1508 590 1698 625 z'ntellec‘tu

621 642 766 687 incipit
774 643 946 687 cogitare
952 644 990 675 et
1002 651 1126 687 agere,
1138 650 1184 674 ac
1196 649 1272 674 vox
1285 639 1452 684 loquelae
1460 639 1543 685 ejus
1554 639 1699 683 incipit

611 689 713 734 fieri
723 689 951 723 masculina.

412 736 497 782 (iii.)
535 736 647 782 Quod
647 736 871 782 fornicatio
886 737 940 770 sit
955 734 1154 769 naturalis
1171 733 1350 768 hominis.

411 783 494 829 (iv.)
532 784 644 829 Quod
646 783 867 829 fornicatio
882 783 935 817 sit
950 782 1076 822 libido,
1093 781 1161 816 sed
1173 792 1248 816 non
1265 780 1382 815 libido
1399 779 1599 815 adulterii.

423 831 492 876 (v.)
528 831 643 876 Quod
663 841 774 864 amor
792 840 914 869 sexus,
936 830 1032 874 quin
1057 833 1168 863 exeat
1193 831 1237 863 in
1249 829 1570 875 fornicationem,
1592 828 1702 873 apud

619 878 802 922 quosdam
822 877 960 922 absque
977 876 1134 911 damnis
1152 887 1228 911 non
1240 877 1366 922 possit
1391 877 1435 909 in
1455 878 1576 910 totum
1597 886 1699 910 coer-

620 936 712 959 cert.

407 972 489 1017 (vi.)
529 972 642 1018 Quod
651 972 733 1006 ideo
746 972 789 1006 in
797 970 995 1017 populosis
1004 971 1231 1006 civitatibus
1243 970 1460 1015 lupanaria
1474 969 1698 1005 tolerentur,

398 1019 495 1064 (vii.)
534 1019 648 1066 Quod
668 1019 784 1053 libido
798 1018 1041 1065 fornicandi
1062 1018 1156 1052 levis·
1178 1019 1240 1058 sit,
1267 1021 1457 1062 quantum
1482 1017 1624 1062 spetlat
1647 1017 1702 1052 ad

620 1077 786 1100 amorem
804 1066 1075 1112 conjugialem,
1089 1068 1126 1099 et
1141 1064 1244 1099 hunc
1253 1065 1450 1111 praefert.

377 1114 490 1159 (viii.)
528 1113 642 1159 Quod
646 1113 774 1194 ffblish
779 1113 1023 1159 fornicandi
1029 1113 1177 1159 gravis
1194 1114 1257 1153 sit,
1276 1116 1466 1157 quantum
1486 1112 1628 1157 spetiat
1647 1111 1702 1146 ad

620 1172 644 1194 a
675 1172 699 1194 u
717 1161 872 1195 terium.

406 1208 488 1253 (ix.)
526 1208 640 1254 Quod
648 1208 766 1242 libido
766 1207 1011 1253 fornicandi
1010 1208 1185 1253 gravior
1196 1208 1258 1247 sit,
1272 1209 1373 1241 sicut
1381 1207 1514 1252 vergit
1526 1206 1583 1240 ad
1591 1207 1700 1251 cupi-

621 1255 748 1289 dinem
765 1256 1016 1294 varietatum,
1034 1258 1072 1289 et
1087 1255 1144 1289 ad
1156 1255 1375 1300 cupidinem
1394 1254 1671 1299 deflorationis.

425 1302 494 1348 (x.)
531 1302 645 1348 Quod
657 1302 824 1347 sphaera
843 1302 1020 1336 libidinis
1028 1302 1277 1348 fornicandi,
1295 1302 1426 1346 qualis
1445 1305 1499 1335 est
1524 1303 1566 1335 in
1581 1303 1700 1347 prin-

621 1351 732 1394 cipio,
750 1350 804 1383 sit
820 1349 947 1383 media
966 1350 1072 1383 inter
1087 1349 1295 1394 sphaeram
1313 1350 1460 1383 amoris
1475 1349 1703 1383 scortatorii

620 1400 656 1430 et
679 1396 889 1441 sphaeram
906 1397 1052 1431 amoris
1068 1396 1314 1443 conjugialis,
1333 1400 1369 1430 et
1375 1397 1516 1442 faciat
1533 1395 1699 1441 aequili—

622 1444 762 1479 brium.

411 1490 492 1536 (xi.)
531 1491 646 1537 Quod
647 1489 962 1535 prospiciendum
975 1492 1038 1530 sit,
1050 1501 1096 1525 ne
1112 1502 1222 1525 amor
1233 1490 1470 1536 conjugialis
1478 1492 1555 1535 per
1559 1490 1700 1536 sorni-

621 1540 787 1572 cationes
803 1538 1050 1572 inordinatas
1066 1542 1102 1572 et
1119 1538 1393 1572 immoderatas
1402 1538 1610 1583 perdatur.

397 1585 494 1630 (xii.)
533 1585 726 1631 Quoniam
743 1585 962 1631 conjugiale
980 1587 1096 1620 unius
1112 1587 1200 1619 viri
1212 1597 1298 1619 cum
1317 1596 1398 1619 una
1416 1596 1535 1619 uxore
1553 1588 1608 1619 est
1627 1584 1700 1619 cle-

621 1633 779 1666 nodium
804 1634 913 1666 vitae
932 1631 1138 1673 humanae,
1158 1635 1195 1667 et
1218 1633 1518 1667 reconditorium
1540 1632 1699 1678 religio-

622 1681 684 1714 nis
703 1679 961 1714 Christianae.

380 1726 491 1772 (xiii.)
529 1726 644 1773 Quod
656 1726 877 1772 conjugiale
893 1726 962 1760 hoc
974 1726 1086 1771 apud
1097 1726 1183 1762 illos
1198 1727 1272 1771 qui
1277 1729 1443 1772 propter
1457 1727 1597 1761 varias
1608 1737 1699 1761 cau-

308 1788 313 1805 «
620 1784 685 1808 sas
708 1774 875 1808 nondum
900 1775 1125 1819 conjugium
1152 1777 1314 1819 possunt
1339 1775 1452 1814 inire,
1477 1777 1514 1808 et
1534 1776 1699 1819 propter

620 1821 808 1856 salaciam
827 1831 901 1855 uon
911 1822 1075 1865 possunt
1091 1821 1266 1855 inhibere
1282 1821 1469 1861 libidines,
1482 1825 1598 1865 queat
1614 1832 1699 1856 con-

620 1869 785 1908 servari,
803 1869 843 1903 si
855 1879 966 1903 amor
979 1879 1093 1903 sexus
1107 1880 1234 1915 vagus
1239 1869 1321 1913 fiat
1335 1869 1493 1903 striatas
1509 1869 1566 1903 ad
1579 1880 1699 1903 unam

649 1916 803 1950 ellicem.

388 1962 496 2007 (xiv.)
533 1918 649 2008 Quod
673 1963 884 2008 pellicatus
919 1962 1082 1997 libidini
1111 1974 1237 2009 vagae
1264 1965 1448 2009 praestet,
1486 1963 1593 1997 modo
1625 1973 1699 1997 non

618 2012 827 2055 pangatur
845 2021 930 2044 cum
945 2010 1139 2055 pluribus,
1162 2022 1229 2045 nec
1247 2021 1332 2045 cum
1354 2012 1512 2056 virgine
1534 2021 1598 2044 seu
1618 2010 1699 2044 illi—

622 2057 723 2097 bata,
735 2068 854 2102 neque
865 2068 950 2092 cum
968 2059 1174 2098 maritata,
1189 2069 1235 2092 ac
1247 2061 1425 2092 teneatur
1436 2060 1640 2103 separatus
1652 2057 1700 2092 ab

623 2115 754 2139 amore
769 2104 997 2151 conjugiali.

205 2217 418 2274 Sequitur
443 2232 562 2260 nunc
588 2219 749 2260 horum
776 2219 1045 2274 explicatio.

277 2293 412 2337 445.
436 2281 504 2336 (i.)
532 2282 662 2334 Quod
658 2283 903 2335 fornicatio
915 2283 979 2325 sit
992 2283 1162 2325 amoris
1177 2283 1563 2325 sexus.———Dicitur
1577 2283 1698 2337 quod

200 2343 442 2386 fornicatio
474 2346 534 2387 sit
565 2347 732 2387 amoris
758 2360 912 2396 sexuS,
941 2348 1045 2401 quia
1075 2347 1316 2388 fornicatio
1343 2360 1435 2388 non
1467 2353 1539 2388 est
1570 2359 1699 2387 amor

201 2422 355 2458 sexus,
381 2409 461 2450 sed
483 2415 554 2450 est
575 2423 635 2451 ex
658 2409 761 2451 hoc.
821 2409 969 2452 Amor
989 2425 1130 2452 sexus
1152 2417 1224 2452 est
1247 2411 1363 2452 sicut
1386 2409 1502 2459 sons,
1527 2423 1586 2450 ex
1609 2423 1698 2463 quo

200 2479 248 2514 et
279 2485 407 2513 amor
433 2471 702 2526 conjugialis
733 2479 781 2515 et
811 2487 940 2515 amor
965 2474 1267 2516 scortatorius
1298 2480 1452 2528 potest
1478 2473 1696 2522 derivari;

202 2542 250 2577 et
282 2542 474 2589 possunt
502 2536 698 2577 derivari
723 2550 803 2590 per
828 2537 1194 2586 fornicationem,
1222 2544 1270 2579 et
1303 2543 1498 2592 possunt
1525 2536 1698 2590 absque

201 2598 309 2640 illa:
343 2611 449 2639 narn
476 2612 604 2639 amor
630 2612 771 2640 sexus
796 2600 915 2641 inest
939 2601 1080 2642 cuivis
1102 2600 1289 2650 homini,
1313 2607 1361 2642 et
1388 2614 1436 2642 se
1462 2599 1535 2640 vel
1561 2612 1697 2640 exse-

201 2662 274 2711 rit,
292 2661 367 2702 vel
387 2675 477 2702 non
495 2662 669 2703 exserit
686 2676 696 2714 ;
723 2663 759 2703 si
781 2670 891 2705 ante
909 2663 1169 2717 conjugium
1187 2677 1289 2705 cum
1306 2664 1474 2705 femina
1490 2662 1696 2710 moecha,

202 2730 394 2765 vocatur
415 2724 656 2766 fornicatio
676 2739 686 2776 ;
719 2725 756 2766 si
782 2739 873 2767 non
895 2727 1017 2780 prius
1040 2739 1175 2780 quam
1202 2740 1305 2768 cum
1328 2740 1487 2775 uxore,
1510 2730 1699 2766 vocatur

202 2786 489 2840 conjugium;
528 2788 565 2828 si
597 2794 702 2841 post
734 2788 993 2843 conjugium
1026 2803 1129 2831 cum
1160 2789 1251 2831 alia
1282 2789 1482 2837 muliere,
1509 2793 1699 2828 vocatur

202 2850 475 2892 adulterium
493 2865 502 2902 ;
529 2865 683 2905 quare,
700 2858 749 2893 ut
767 2851 938 2894 dictum
956 2859 1042 2902 est,
1057 2866 1186 2894 amor
1202 2867 1341 2894 sexus
1359 2859 1429 2894 est
1448 2852 1564 2893 sicut
1582 2850 1697 2899 fons,

202 2926 262 2953 ex
284 2927 372 2968 quo
395 2915 614 2955 scaturire
632 2921 788 2968 potest
811 2922 906 2957 tam
925 2930 1053 2958 amor
1074 2923 1228 2958 castus
1245 2929 1381 2970 quam
1404 2927 1532 2956 amor
1548 2914 1698 2954 incas-

202 2981 274 3016 tus
290 2990 300 3027 ;
331 2983 379 3018 at
399 2990 500 3018 cum
518 2991 607 3031 qua
628 2978 812 3020 cautela
828 2985 876 3020 et
894 2979 1135 3033 prudentia
1148 2992 1276 3020 amor
1292 2985 1446 3021 castus
1463 2975 1697 3029 conjugia-
