2014 3386
325 343 405 395 318
789 352 1032 385 DELICIAE
1064 352 1366 392 SAPIENTIAE

322 472 545 520 quantum
577 465 621 508 in
653 479 708 508 eo
734 472 805 508 est
832 466 1110 523 innocentia,
1138 472 1211 508 est
1243 466 1347 521 quia
1373 479 1508 508 omne
1539 466 1711 509 bonum
1742 472 1814 510 est

321 543 349 571 a
374 530 589 581 Domino,
618 543 670 572 ac
697 530 963 572 innocentia
988 537 1059 571 est
1085 530 1188 571 duci
1213 543 1240 572 a
1265 530 1478 572 Domino.

314 622 449 698 v415.
492 642 579 684 His
605 642 842 697 adjicietur
866 643 953 685 hoc
981 642 1281 685 Memorabile
1299 656 1369 684 :—

392 724 578 772 Quodam
605 719 732 765 mane,
760 736 851 761 cum
878 725 1087 772 evigilatus
1117 736 1139 761 e
1168 736 1321 766 somno,
1349 725 1390 760 in
1425 725 1515 761 luce
1550 725 1749 762 matutina
1777 732 1819 762 et

320 789 460 814 serena
484 785 577 814 ante
604 779 763 825 plenam
789 775 964 825 vigiliam
992 779 1202 819 meditans,
1227 779 1309 814 vidi
1338 785 1448 814 trans
1474 778 1688 815 fenestram
1714 779 1820 815 sicut

320 830 471 867 fulmen
490 832 652 873 micans,
667 839 708 867 et
726 843 819 867 mox
837 831 971 867 audivi
986 832 1088 867 sicut
1103 832 1255 867 tonitru
1271 842 1459 877 crepans:
1485 842 1531 867 ac
1545 843 1635 867 cum
1651 832 1818 868 miratus

320 895 408 919 sum
422 885 529 920 unde
544 885 632 926 hoc,
647 885 781 920 audivi
795 895 817 920 e
835 886 947 920 caelo
961 885 1079 920 haec:
1106 890 1126 903 ‘⁴
1139 883 1241 920 Sunt
1255 884 1376 930 aliqui
1395 895 1475 920 non
1490 885 1628 930 procul
1646 896 1669 920 a
1686 891 1738 926 te,
1750 884 1818 931 qui

320 938 465 973 acriter
486 938 776 973 ratiocinantur
795 939 845 974 de
868 938 955 973 Deo
976 945 1017 973 et
1043 938 1093 973 de
1115 944 1277 978 natura;
1307 937 1478 973 vibratio
1498 937 1598 973 lucis
1619 938 1723 973 sicut
1743 938 1818 973 ful-

319 991 439 1036 guris,
459 998 499 1026 et
524 1002 665 1037 crepor
689 991 791 1027 aeris
817 991 921 1027 sicut
946 991 1113 1031 tonitru,
1135 997 1230 1026 sunt
1255 990 1634 1036 correspondentiae
1658 998 1700 1026 et
1726 991 1819 1027 inde

319 1045 575 1090 apparentiae
593 1055 750 1091 pugnae
772 1051 812 1080 et
837 1044 1057 1080 collisionis
1078 1051 1416 1090 argumentorum,
1435 1044 1484 1079 ab
1512 1054 1592 1079 una
1612 1050 1724 1090 parte
1745 1054 1818 1090 pro

323 1097 421 1138 Deo,
440 1104 482 1133 et
499 1098 549 1133 ab
567 1098 692 1133 altera
710 1108 782 1143 pro
800 1097 978 1133 natura.n

392 1151 521 1187 Causa
539 1151 658 1197 hujus
676 1150 892 1196 spiritualis
910 1161 1067 1197 pugnae
1086 1149 1161 1185 fuit
1179 1150 1300 1185 haec.
1325 1156 1439 1186 erant
1456 1149 1578 1196 aliqui
1596 1155 1758 1185 satanae
1778 1149 1818 1185 in

320 1203 486 1244 inferno,
509 1204 577 1250 qui
603 1204 791 1239 dixerunt
819 1203 921 1239 inter
946 1215 1000 1244 se,
1023 1203 1224 1238 “Utinam
1252 1203 1388 1238 liceret
1414 1203 1529 1238 nobis
1554 1213 1645 1238 cum
1666 1203 1818 1249 angelis

319 1257 418 1293 caeli
444 1257 565 1303 loqui,
587 1268 633 1292 ac
663 1267 824 1303 prorsus
855 1264 895 1292 et
925 1257 1042 1302 plene
1069 1256 1445 1296 demonstrabimus,
1468 1257 1575 1302 quod
1598 1263 1742 1291 natura
1765 1256 1819 1292 sit

319 1317 437 1356 quam
458 1317 606 1346 vocant
629 1310 758 1345 Deum
784 1321 807 1345 a
832 1321 912 1356 quo
934 1317 1027 1345 sunt
1049 1310 1193 1350 omnia,
1213 1316 1254 1345 et
1278 1309 1335 1345 sic
1360 1309 1468 1355 quod
1493 1309 1602 1344 Deus
1623 1309 1674 1345 sit
1695 1309 1820 1345 modo

318 1375 398 1399 vox
419 1364 495 1399 nisi
516 1363 763 1409 intelligatur
780 1370 921 1398 natura
935 1363 966 1398 :’'
992 1370 1033 1398 et
1054 1363 1148 1409 quia
1165 1369 1328 1398 satanae
1347 1362 1404 1397 illi
1421 1369 1512 1398 toto
1531 1362 1651 1398 corde
1668 1368 1710 1398 et
1729 1368 1821 1398 tota

319 1417 453 1452 anima
470 1417 510 1451 id
528 1417 794 1456 crediderunt,
809 1423 850 1452 et
867 1427 1028 1462 quoque
1046 1416 1284 1462 cupiverunt
1301 1416 1411 1462 loqui
1429 1427 1520 1451 cum
1538 1415 1689 1462 angelis
1706 1414 1818 1456 caeli,

319 1470 457 1504 datum
477 1476 538 1505 est
557 1470 633 1505 illis
654 1481 702 1505 ex
723 1470 809 1504 luto
830 1480 876 1504 ac
902 1481 923 1505 e
949 1470 1125 1505 tenebris
1144 1469 1286 1505 inferni
1304 1470 1530 1518 ascendere,
1548 1475 1589 1504 et
1609 1479 1700 1504 curn
1718 1468 1820 1504 duo-

318 1524 391 1558 bus
409 1523 560 1569 angelis
578 1529 675 1558 tunc
688 1523 1024 1558 descendentibus
1045 1534 1067 1558 e
1088 1523 1199 1558 caelo
1217 1523 1349 1568 loqui;
1375 1529 1488 1558 erant
1509 1522 1548 1557 in
1570 1521 1722 1557 mundo
1739 1521 1820 1567 spi-

321 1576 482 1616 rituum,
502 1576 569 1621 qui
590 1576 694 1611 inter
711 1576 868 1611 caelum
888 1583 928 1611 et
947 1575 1148 1611 infernum
1165 1576 1318 1611 medius
1337 1581 1410 1611 est.
1461 1574 1632 1611 Satanae
1651 1574 1704 1610 ibi
1722 1574 1819 1610 visis

318 1629 471 1675 angelis
488 1630 682 1665 velociter
701 1636 970 1670 accurrerunt,
990 1636 1030 1664 et
1051 1629 1201 1665 furiosa
1217 1640 1316 1664 voce
1337 1629 1574 1669 clamabant,
1590 1632 1610 1646 “
1624 1627 1730 1663 Estis
1746 1637 1819 1663 vos

318 1683 449 1728 angeli
476 1683 585 1723 caeli,
608 1694 699 1718 cum
733 1683 878 1729 quibus
905 1683 1183 1718 ratiocinando
1210 1682 1259 1717 de
1291 1682 1378 1718 Deo
1408 1688 1449 1717 et
1483 1682 1532 1717 de
1558 1687 1699 1716 natura
1724 1680 1819 1716 licet

319 1735 540 1782 congredi?
566 1736 776 1771 Vocamini
795 1737 997 1782 sapientes
1015 1736 1108 1782 quia
1125 1735 1341 1782 agnoscitis
1362 1734 1511 1775 Deum;
1537 1734 1607 1770 sed
1626 1734 1679 1770 oh
1697 1744 1817 1780 quam

320 1788 523 1834 simplices
542 1789 658 1830 estis:
689 1790 777 1836 quis
802 1790 915 1825 videt
938 1788 1096 1824 Deum?
1123 1789 1212 1835 quis
1235 1788 1423 1835 intelligit
1443 1788 1539 1834 quid
1563 1786 1697 1823 Deus?
1727 1786 1818 1833 quis

319 1842 428 1887 capit
446 1843 555 1888 quod
580 1842 689 1877 Deus
708 1849 820 1888 regat
841 1849 882 1878 et
903 1853 1037 1889 regere
1056 1842 1184 1888 possit
1202 1842 1431 1877 universum
1453 1852 1499 1876 ac
1519 1840 1656 1876 omnia
1675 1846 1715 1875 et
1736 1839 1817 1875 sin-

318 1895 411 1941 gula
431 1895 546 1940 ejus?
601 1894 711 1941 Quis,
731 1895 807 1930 nisi
834 1896 944 1941 plebs
970 1902 1011 1931 et
1036 1895 1191 1941 vulgus,
1210 1894 1391 1941 agnoscit
1408 1894 1515 1940 quod
1543 1904 1623 1929 non
1641 1893 1753 1928 videt
1770 1902 1817 1928 ac

320 1948 534 1994 intelligit?
584 1947 691 1995 Quid
707 1949 929 1984 exstantius
944 1955 1004 1983 est
1019 1959 1138 1994 quam
1153 1949 1260 1994 quod
1277 1955 1416 1982 natura
1428 1947 1480 1982 sit
1493 1957 1612 1982 omne
1631 1946 1670 1981 in
1688 1945 1818 1982 omni-

318 2000 421 2036 bus?
471 2000 571 2048 Quis
584 2001 687 2036 vidit
701 2001 808 2036 aliud
827 2002 944 2037 oculo
958 2012 1076 2047 quam
1092 2000 1301 2036 naturam?
1327 2000 1415 2046 quis
1434 2000 1587 2035 audivit
1601 1999 1708 2035 aliud
1722 2009 1818 2035 aure

319 2066 436 2101 quam
458 2055 670 2091 naturam?
695 2055 784 2101 quis
803 2056 987 2090 odoravit
1005 2056 1112 2090 aliud
1133 2066 1226 2090 nare
1241 2065 1359 2100 quam
1376 2062 1560 2091 naturam
1575 2055 1591 2091 ?
1617 2055 1707 2102 quis
1723 2065 1818 2100 gus-

318 2109 419 2144 tavit
439 2109 546 2144 aliud
568 2109 704 2155 lingua
723 2120 842 2155 quam
865 2116 1045 2144 naturam
1063 2108 1078 2144 ?
1104 2109 1192 2155 quis
1213 2110 1347 2155 aliquo
1368 2108 1477 2144 taCtu
1500 2120 1643 2145 manus
1664 2116 1706 2145 et
1731 2120 1818 2145 cor-

319 2162 426 2208 poris
452 2162 577 2197 sensit
602 2162 709 2197 aliud
736 2173 855 2208 quam
883 2161 1094 2198 naturam?
1145 2161 1298 2197 Suntne
1320 2173 1460 2198 sensus
1487 2163 1665 2208 corporis
1692 2162 1816 2198 nostri

319 2215 394 2251 soli
416 2222 541 2250 testes
558 2214 799 2250 veritatum?
825 2215 913 2261 quis
936 2226 1015 2250 non
1039 2222 1173 2261 potest
1199 2226 1247 2250 ex
1270 2215 1347 2251 illis
1368 2216 1508 2261 jurare,
1528 2216 1636 2262 quod
1659 2216 1716 2251 ita
1735 2214 1816 2251 sit?

320 2268 475 2303 Suntne
493 2268 626 2314 capita
643 2274 776 2304 vestra
795 2268 833 2302 in
853 2267 1023 2303 natura?
1050 2269 1156 2303 unde
1176 2268 1348 2304 influxus
1367 2268 1406 2303 in
1425 2269 1691 2315 cogitationes
1708 2268 1815 2314 capi-

319 2329 405 2356 tum
426 2321 500 2357 nisi
519 2332 568 2356 ex
588 2321 682 2357 illa?
732 2320 901 2357 Auferte
924 2321 1041 2361 illam,
1056 2333 1150 2356 num
1170 2322 1339 2367 potestis
1357 2322 1533 2368 cogitare
1550 2321 1763 2368 quicquam
1776 2321 1817 2358 ?'’

322 2375 488 2410 Praeter
507 2375 619 2420 plura
637 2375 777 2410 similis
795 2374 944 2410 farinae
962 2374 1049 2410 alia.

393 2428 468 2464 His
492 2428 641 2463 auditis
663 2427 793 2474 angeli
821 2428 1126 2473 respondebant¹
1147 2427 1263 2463 “Vos
1290 2427 1346 2462 ita
1370 2427 1579 2473 loquimini
1601 2427 1696 2474 quia
1720 2427 1817 2463 estis

320 2492 427 2516 mere
445 2482 647 2516 sensuales
663 2493 670 2522 ;
697 2492 837 2516 omnes
859 2481 898 2516 in
919 2480 1081 2516 infernis
1101 2481 1209 2516 ideas
1227 2481 1517 2527 cogitationum
1532 2480 1713 2516 sensibus
1731 2490 1818 2515 cor-

320 2534 427 2580 poris
438 2534 588 2569 habent
603 2534 818 2574 immersas,
829 2545 903 2569 nec
917 2541 1084 2580 possunt
1099 2544 1218 2579 supra
1231 2534 1320 2569 illos
1333 2534 1486 2569 elevare
1499 2540 1675 2573 mentes:
1696 2543 1817 2579 quare

322 2598 394 2623 nos
414 2587 658 2633 ignoscimus
676 2587 811 2627 vobis:
836 2587 921 2622 vita
939 2587 1031 2622 mali
1050 2593 1090 2622 et
1110 2587 1200 2622 inde
1219 2586 1317 2622 fides
1336 2586 1424 2622 falsi
1442 2586 1610 2622 occlusit
1630 2586 1818 2621 interiora

321 2641 467 2676 mentis
480 2648 647 2681 vestrae.
665 2652 790 2687 usque
809 2647 854 2676 ut
871 2641 1043 2676 elevatio
1061 2651 1179 2686 supra
1193 2641 1391 2676 sensualia
1404 2641 1509 2686 apud
1525 2652 1596 2676 vos
1611 2651 1691 2675 non
1706 2639 1817 2675 dabi-

321 2694 369 2729 lis
387 2694 450 2734 sit,
470 2694 546 2729 nisi
566 2694 604 2729 in
624 2701 730 2729 statu
751 2701 906 2730 remoto
927 2705 951 2729 a
971 2694 1085 2729 malis
1102 2693 1207 2729 vitae
1229 2700 1269 2729 et
1291 2705 1314 2729 a
1334 2693 1445 2729 falsis
1463 2693 1576 2734 fidei:
1603 2703 1694 2728 nam
1712 2698 1816 2728 sata-

319 2758 390 2782 nas
407 2758 532 2793 aeque
550 2758 595 2782 ac
613 2747 777 2793 angelus
796 2753 931 2793 potest
950 2747 1172 2792 intelligere
1186 2757 1322 2782 verum
1337 2758 1427 2782 cum
1450 2747 1488 2781 id
1507 2746 1630 2786 audit,
1645 2745 1715 2781 sed
1735 2755 1816 2780 non

320 2800 477 2840 retinet,
497 2800 590 2845 quia
608 2801 756 2835 malum
775 2800 979 2836 oblitterat
992 2811 1142 2839 verum,
1156 2810 1202 2834 ac
1221 2800 1374 2835 inducit
1388 2799 1541 2836 falsum.
1593 2799 1671 2835 Sed
1691 2798 1817 2845 perci-

320 2854 451 2898 pimus
465 2854 572 2899 quod
592 2863 664 2888 vos
679 2864 784 2888 nunc
798 2853 885 2888 sitis
904 2853 943 2888 in
962 2859 1068 2888 statu
1083 2859 1250 2892 remoto,
1265 2860 1306 2888 et
1324 2854 1431 2899 quod
1450 2853 1506 2888 sic
1520 2852 1682 2899 possitis
1701 2851 1817 2887 intel-

321 2908 444 2953 ligere
457 2918 592 2942 verum
606 2907 713 2952 quod
729 2907 948 2952 loquimur;
970 2917 1091 2952 quare
1102 2907 1300 2942 attendite
1314 2907 1363 2942 ad
1379 2907 1476 2942 haec
1487 2917 1588 2952 quae
1601 2904 1817 2941 dicemus.''

394 2962 443 2997 Et
461 2962 668 2997 dixerunt:
696 2966 715 2979 ‘¹
729 2961 876 2996 Fuistis
895 2961 934 2995 in
954 2961 1104 2995 mundo
1123 2961 1303 3001 naturali,
1318 2968 1358 2996 et
1375 2960 1557 2996 obivistis
1573 2959 1636 3000 ibi,
1652 2965 1693 2995 et
1710 2968 1817 2994 nunc

321 3015 416 3050 estis
436 3015 473 3050 in
494 3015 644 3050 mundo
662 3014 858 3061 spirituali
876 3025 884 3050 z
911 3025 1004 3049 num
1024 3013 1130 3060 prius
1148 3024 1267 3060 quam
1286 3024 1391 3049 nunc
1409 3013 1580 3050 scivistis
1597 3012 1747 3059 aliquid
1767 3011 1817 3048 de
