2014 3386
535 352 602 385 DE
634 349 814 383 AMORE
845 347 1270 392 CONJUGIAL1.-—N.
1300 348 1394 378 222.
1631 346 1708 389 179

214 481 290 509 are
321 481 383 517 se,
412 471 459 508 et
490 465 610 520 quod
637 477 738 506 cum
770 462 856 504 hoc
889 461 953 511 fit,
981 461 1164 514 integra
1194 459 1346 500 anima
1376 459 1540 500 formet
1572 472 1634 507 se,
1662 466 1710 500 et

214 531 397 572 amiciat
424 543 486 578 se,
510 534 557 570 et
575 527 653 568 fiat
672 540 828 568 semen
852 540 861 578 ;
895 532 941 567 et
959 524 1080 579 quod
1102 523 1189 565 hoc
1208 523 1303 564 fieri
1320 523 1465 576 possit
1483 521 1645 563 millies
1662 527 1710 562 et

214 594 390 642 millies,
417 593 520 646 quia
550 591 701 632 anima
732 596 803 631 est
835 588 1093 630 substantia
1123 587 1385 640 spiritualis,
1413 586 1483 627 cui
1514 598 1605 626 non
1638 590 1710 626 est

214 656 426 698 extensio
443 654 522 695 sed
539 653 758 706 impletio,
773 659 820 694 et
838 667 862 693 e
879 665 967 706 qua
984 664 1074 692 non
1092 656 1163 691 est
1181 650 1443 702 exsumptio
1461 648 1614 702 partis,
1629 648 1710 689 sed

213 727 284 761 est
316 716 552 772 produffio
578 718 734 765 totius,
762 717 931 769 absque
963 714 1111 767 aliqua
1130 711 1306 766 jaetura
1335 712 1455 766 ejus;
1501 711 1606 752 inde
1638 718 1711 752 est

213 783 335 837 quod
366 782 444 823 illa
474 781 518 822 in
558 779 860 834 receptaculis
902 778 1111 826 minimis,
1139 791 1254 830 quae
1292 782 1397 817 sunt
1437 776 1625 832 semina,
1650 776 1710 817 sit

214 846 362 900 plene,
386 844 770 899 quemadmodum
789 850 859 884 est
881 843 925 883 in
943 840 1233 895 receptaculo
1256 841 1459 881 maximo
1477 854 1571 888 suo,
1588 840 1709 893 quod

214 916 286 951 est
312 922 488 962 corpus.
549 907 663 949 Cum
695 907 847 960 itaque
874 918 1029 946 verum
1055 904 1232 946 animae
1259 910 1330 945 est
1356 904 1485 956 origo
1511 903 1708 951 seminis,

216 973 430 1026 sequitur,
449 971 569 1026 quod
587 971 717 1023 copia
739 971 796 1011 sit
813 970 917 1010 viris
940 966 1189 1010 secundum
1209 979 1409 1007 amorem
1427 966 1711 1019 propagandi

214 1050 322 1078 vera
352 1036 603 1089 sapientiae
635 1047 766 1074 suae:
807 1033 927 1087 quod
968 1033 1106 1072 etiam
1139 1032 1197 1072 sit
1232 1030 1479 1071 secundum
1508 1042 1710 1070 amorem

213 1099 406 1141 faciendi
438 1113 555 1147 usuS‚
584 1104 655 1139 est
687 1097 791 1151 quia
822 1110 926 1136 usus
949 1101 1053 1136 sunt
1084 1095 1222 1143 bona,
1251 1107 1365 1148 quae
1397 1107 1502 1134 vera
1543 1093 1710 1147 produ-

215 1169 352 1213 cunt3
393 1163 437 1203 in
470 1161 639 1202 mundo
670 1161 809 1201 etiam
836 1159 1057 1213 aliquibus
1090 1164 1250 1199 notum
1283 1163 1369 1205 est,
1397 1157 1517 1211 quod
1544 1156 1711 1197 sedulis

215 1228 273 1267 sit
300 1226 443 1280 copia,
463 1232 509 1266 et
528 1237 618 1265 non
637 1224 808 1265 otiosis.
851 1221 1082 1276 Quaesivi,
1101 1221 1332 1275 quomodo
1347 1235 1409 1261 ex
1431 1222 1581 1261 anima
1598 1220 1711 1261 virili

215 1296 494 1342 propagatur
524 1288 812 1329 femininum:
846 1298 1114 1339 responsum
1141 1284 1238 1332 tuli,
1258 1284 1379 1338 quod
1406 1298 1465 1325 ex
1492 1284 1616 1325 bono
1642 1284 1710 1324 in-

174 1388 182 1399 .
214 1351 480 1400 telle6tuali,
500 1351 603 1405 quia
627 1350 714 1391 hoc
741 1350 785 1390 in
809 1363 888 1390 sua
914 1349 1116 1389 essentia
1137 1354 1208 1389 est
1227 1360 1383 1388 verum
1403 1361 1413 1398 ;
1441 1360 1545 1388 nam
1572 1346 1710 1388 intel-

214 1414 358 1458 leftus
380 1415 584 1468 cogitare
606 1419 760 1467 potest
783 1412 903 1466 quod
926 1412 1013 1453 hoc
1036 1412 1205 1452 bonum
1229 1412 1302 1459 sit,
1326 1411 1390 1451 ita
1411 1411 1531 1464 quod
1554 1423 1709 1451 verum

215 1481 274 1521 sit
296 1479 417 1533 quod
442 1477 486 1518 id
513 1478 571 1518 sit
603 1477 803 1526 bonum;
837 1476 971 1517 aliter
1001 1474 1245 1525 voluntas;
1278 1474 1391 1515 haec
1418 1487 1510 1515 non
1533 1474 1710 1527 cogitat

215 1543 385 1584 bonum
418 1547 464 1582 et
491 1553 661 1589 verum,
690 1539 769 1580 sed
801 1546 925 1580 amat
957 1544 1004 1580 et
1036 1538 1143 1579 facit
1175 1537 1280 1578 illa:
1313 1537 1434 1591 quod
1467 1535 1606 1578 ¹¹1ide0
1632 1550 1711 1590 per

217 1604 406 1646 “filios'’
431 1605 475 1645 in
508 1603 663 1644 Verbo
694 1602 1004 1656 significentur
1026 1615 1146 1650 vera,
1175 1608 1221 1642 et
1254 1614 1332 1654 per
1360 1600 1514 1641 “filias
1529 1600 1548 1616 ‘'
1574 1601 1709 1650 bona,

213 1670 421 1711 videatur
455 1680 589 1720 supra
623 1665 685 1720 (n.
719 1665 845 1719 120);
887 1672 933 1707 et
965 1665 1087 1718 quod
1119 1678 1198 1717 per
1227 1664 1451 1705 “semen’'
1483 1665 1526 1704 in
1551 1663 1708 1705 Verbo

214 1731 495 1786 significetur
519 1743 690 1778 verum,
718 1730 762 1770 in
789 1728 1069 1781 Apocalypsi
1085 1727 1303 1769 Revelata
1336 1727 1400 1780 (n.
1430 1726 1544 1781 565).

298 1804 417 1836 221.
465 1793 584 1848 (xii.)
627 1792 756 1844 Quod
791 1791 1176 1834 determinationes
1219 1791 1312 1831 sint
1347 1791 1393 1831 in
1429 1790 1711 1843 beneplacitis

213 1858 395 1909 mariti;
427 1871 564 1899 causa
586 1863 669 1904 est,
694 1857 798 1910 quia
824 1855 942 1908 apud
969 1855 1088 1896 viros
1114 1861 1185 1896 est
1207 1852 1467 1907 supradieta
1492 1854 1637 1907 copia,
1662 1863 1711 1896 et

212 1923 327 1964 haec
349 1921 548 1962 variatur
561 1920 679 1973 apud
702 1919 805 1960 illos
824 1925 918 1959 tam
938 1918 1187 1959 secundum
1206 1924 1354 1958 status
1372 1918 1554 1966 mentis,
1574 1929 1708 1971 quam

213 1985 462 2027 secundum
500 1989 648 2024 status
675 1983 881 2036 >corporis
913 1981 1119 2032 illorum;
1166 1979 1428 2022 intellefws
1460 1982 1581 2022 enirn
1618 1993 1708 2021 non

213 2050 280 2090 ita
310 2054 526 2089 constans
557 2052 628 2087 est
660 2046 704 2086 in
737 2046 826 2086 suis
853 2045 1224 2098 cogitationibus,
1252 2045 1367 2085 sicut
1400 2050 1470 2086 est
1496 2044 1710 2085 voluntas

213 2113 258 2153 in
295 2112 386 2153 suis
416 2108 754 2160 affectionibus;
802 2108 877 2149 ille
910 2109 1029 2149 enim
1062 2121 1179 2149 nunc
1212 2107 1352 2149 fertur
1383 2121 1557 2149 sursum
1590 2121 1708 2149 nunc

214 2174 439 2221 deorsum,
464 2187 582 2214 nunc
609 2173 653 2213 in
679 2178 803 2213 statu
830 2185 992 2212 sereno
1015 2178 1061 2212 et
1084 2171 1207 2212 claro
1233 2178 1320 2219 est,
1339 2184 1456 2212 nunc
1484 2172 1528 2212 in
1551 2171 1709 2212 turbu-

214 2237 342 2278 lento
368 2243 414 2278 et
440 2237 646 2284 obscuro,
676 2249 794 2276 nunc
817 2235 862 2276 in
889 2233 1077 2287 objthis
1103 2235 1246 2287 gratis
1275 2247 1392 2275 nunc
1419 2235 1463 2275 in
1486 2235 1709 2288 ingratis;

214 2307 263 2342 et
299 2301 402 2354 quia
437 2313 581 2347 mens,
614 2299 721 2339 dum
755 2299 867 2352 agit,
901 2299 1041 2340 etiam
1079 2305 1149 2339 est
1186 2299 1229 2338 in
1270 2311 1475 2351 corpore,
1504 2299 1710 2352 sequitur

216 2364 336 2417 quod
362 2363 464 2404 huic
486 2362 655 2403 similes
677 2369 822 2403 status
846 2362 962 2402 sint:
997 2361 1101 2402 inde
1123 2368 1208 2410 est,
1232 2362 1353 2415 quod
1377 2361 1563 2402 maritus
1590 2374 1709 2402 nunc

214 2426 400 2468 recedat
440 2426 498 2467 ab
529 2439 683 2467 amore
726 2424 982 2482 conjugialj„
1011 2437 1128 2465 nunc
1165 2425 1358 2466 accedat
1394 2425 1452 2465 ad
1493 2425 1634 2474 illum,
1661 2432 1708 2466 et

215 2489 335 2544 quod
359 2489 489 2542 copia
515 2489 559 2529 in
586 2502 674 2529 uno
701 2495 825 2529 statu
850 2487 1154 2535 abstrahatur,
1175 2494 1221 2528 et
1248 2488 1292 2528 in
1314 2487 1461 2529 altero
1483 2494 1708 2529 restaure-

215 2560 313 2594 tur:
346 2552 432 2594 hae
459 2566 622 2593 causae
649 2559 769 2600 sunt,
798 2551 918 2605 quod
946 2552 1354 2593 determinationes
1384 2551 1709 2605 relinquendae

214 2616 305 2656 sint
337 2614 634 2667 beneplacitis
666 2615 840 2665 mariti;
883 2615 987 2655 inde
1019 2620 1104 2662 est,
1132 2614 1252 2668 quod
1280 2628 1460 2663 uxores,
1487 2629 1547 2656 ex
1573 2615 1711 2655 insita

215 2678 304 2720 illis
325 2678 562 2732 sapientia,
587 2691 805 2732 nusquam
833 2677 999 2731 aliquid
1026 2678 1306 2718 admoneant
1332 2677 1389 2718 de
1415 2677 1594 2719 talibus.

300 2751 420 2784 222.
463 2740 596 2795 (κίἰί.)
634 2741 762 2792 Quod
796 2741 994 2794 splzaera
1023 2740 1285 2795 conjugialis
1316 2741 1391 2790 sit,
1418 2755 1530 2794 quae
1558 2755 1587 2781 a
1616 2740 1708 2781 Do-

218 2804 334 2845 mino
348 2810 435 2857 per
453 2804 619 2846 caelum
649 2804 798 2859 influit
825 2804 871 2845 in
897 2804 1047 2845 omnia
1070 2810 1114 2844 et
1137 2803 1320 2856 sing-ula
1346 2804 1549 2845 universi
1574 2817 1710 2856 usque

216 2867 283 2908 ad
302 2867 463 2908 ultima
482 2867 782 2921 ejus—Quod
805 2881 832 2908 a
859 2867 1057 2908 Domino
1083 2867 1337 2920 procedant
1368 2880 1494 2908 amor
1516 2873 1562 2908 et
1589 2868 1708 2920 sapi—

216 2930 355 2979 entia,
383 2943 461 2970 seu
492 2930 613 2983 quod
640 2931 759 2971 idem
792 2937 878 2978 est,
903 2931 1074 2971 bonum
1105 2936 1152 2971 et
1184 2943 1355 2978 verum,
1383 2943 1517 2983 supra
1549 2930 1593 2971 in
1626 2944 1709 2973 suo

218 2993 367 3046 capite
393 2998 627 3034 ostensum
653 2999 738 3035 est.
801 2993 886 3034 Illa
908 2993 998 3034 duo
1023 2993 1067 3034 in
1090 2992 1300 3046 conjugio
1323 2992 1574 3045 procedunt
1597 3004 1707 3032 con-
