2014 3386
325 347 403 378 102
782 346 1025 379 DELICIAE
1056 346 1359 380 SAPIENTIAE

319 472 399 512 per
415 457 527 499 haec
547 457 834 511 intelligitur,
854 459 976 513 quod
1000 459 1223 500 Dominus
1242 473 1333 501 non
1356 460 1598 514 agnoverit
1621 461 1812 503 Mariam

320 536 402 575 pro
435 521 599 571 Matre,
628 522 708 562 sed
741 521 1028 577 Ecclesiam;
1071 536 1207 576 quare
1239 523 1363 564 illam
1395 530 1533 566 vocat
1561 525 1811 572 mulierem,

320 592 368 626 et
407 592 602 626 matrem
634 585 872 639 discipuli;
915 586 1034 640 quod
1072 584 1202 638 hujus
1239 587 1446 641 discipuli
1483 601 1563 628 seu
1591 587 1814 641 Johannis

320 655 530 697 matrem,
565 655 662 690 erat
698 649 802 702 quia
846 649 922 690 ille
967 650 1345 703 repraesentabat
1383 650 1627 691 ecclesiam
1663 652 1814 705 quoad

319 712 441 753 bona
467 713 736 763 charitatis;
778 712 892 753 haec
924 720 1029 754 sunt
1056 713 1252 771 ecclesia
1282 714 1326 754 in
1358 714 1458 767 ipso
1484 713 1672 755 effectu:
1711 715 1815 756 ideo

319 776 484 816 dicitur
509 776 630 830 quod
656 775 733 817 ille
759 777 988 830 acceperit
1014 776 1139 817 illam
1166 777 1210 818 in
1236 779 1428 831 propria.
1492 777 1627 830 Quod
1655 778 1814 819 Petrus

317 840 733 892 repraesentaverit
764 840 1007 880 veritatem
1038 846 1086 881 et
1118 839 1267 889 fidem,
1293 841 1490 894 jacobus
1523 836 1812 885 charitatem.

318 908 366 943 et
412 902 647 955 Johannes
696 916 835 955 opera
884 902 1138 952 chaiitatis,
1189 904 1399 944 videatur
1447 905 1491 944 in
1538 903 1818 957 Apocalypsi

315 965 534 1006 Revelata
558 965 620 1020 (n.
653 975 688 1018 5,
716 966 756 1015 6,
785 975 881 1019 790,
906 968 1002 1019 798,
1027 965 1158 1020 879);
1192 973 1238 1007 et
1265 967 1386 1021 quod
1409 967 1650 1008 duodecim
1677 968 1812 1008 disci-

317 1029 410 1082 puli
450 1043 539 1070 una
575 1031 1020 1088 repraesentaverint
1052 1030 1295 1071 ecclesiam
1336 1031 1486 1085 quoad
1526 1031 1679 1072 omnia
1719 1030 1813 1086 ejus

320 1091 382 1146 (n.
411 1103 507 1144 233,
535 1102 632 1145 790,
659 1103 757 1145 903,
785 1092 905 1146 915)-

401 1165 529 1198 120.
564 1155 663 1209 (iii.)
702 1155 832 1206 Quod
846 1156 1000 1209 proles
1023 1170 1079 1197 ex
1108 1156 1295 1197 Domino
1319 1162 1370 1198 ut
1391 1156 1568 1198 Marito
1591 1163 1634 1198 et
1656 1157 1811 1205 Patre,

315 1225 359 1260 et
395 1233 453 1259 ex
480 1218 680 1260 Ecclesia
711 1226 759 1260 ut
795 1219 951 1261 Uxore-
971 1226 1014 1260 et
1042 1219 1208 1268 Matre,
1240 1219 1333 1260 sint
1362 1233 1507 1260 omnes
1538 1219 1811 1272 spirituales,

315 1289 358 1323 et
381 1283 430 1323 in
466 1282 602 1324 Verbi
621 1297 753 1323 sensu
773 1282 1011 1335 spirituali
1028 1282 1345 1335 intelligantur
1361 1290 1448 1336 per
1460 1282 1588 1338 filios
1611 1289 1655 1324 et
1664 1283 1812 1338 filias,

310 1347 490 1398 fratres
521 1352 563 1387 et
592 1360 780 1395 sorores,
809 1358 1000 1399 generos
1039 1351 1082 1386 et
1118 1359 1272 1394 nurus,
1305 1352 1347 1386 et
1379 1352 1465 1399 per
1494 1346 1588 1387 alia
1623 1345 1811 1395 nomina,

314 1423 427 1462 quae
450 1416 556 1450 sunt
574 1408 1092 1463 generationis—Quod
1119 1423 1210 1450 non
1238 1409 1353 1450 aliae
1385 1409 1536 1463 proles
1564 1415 1813 1451 nascantur

314 1487 395 1526 per
421 1473 678 1514 Ecclesiam
711 1487 737 1514 a
770 1473 982 1521 Domino,
1008 1486 1100 1513 non
1132 1473 1528 1514 demonstratione
1561 1479 1685 1526 eget,
1710 1473 1813 1527 quia

313 1537 432 1577 ratio
464 1537 635 1590 absque
667 1536 745 1577 illa
777 1536 864 1577 hoc
896 1537 1054 1587 videt;
1097 1542 1168 1577 est
1200 1537 1321 1576 enim
1354 1536 1577 1577 Dominus
1618 1550 1679 1577 ex
1719 1550 1809 1590 quo

314 1613 449 1641 omne
471 1600 641 1641 bonum
674 1606 721 1641 et
747 1613 901 1640 verum
934 1600 1155 1653 procedit,
1180 1605 1226 1640 et
1255 1599 1464 1640 Ecclesia
1485 1613 1601 1653 quae
1633 1599 1710 1640 illa
1740 1613 1810 1640 re·

313 1665 424 1716 cipit
456 1670 502 1704 et
534 1665 579 1704 in
612 1662 820 1705 effe&um
848 1664 1025 1714 mittit;
1070 1669 1117 1704 et
1149 1663 1303 1703 omnia
1335 1663 1585 1716 spiritualia
1617 1662 1732 1704 caeli
1763 1670 1810 1705 et

314 1727 538 1768 ecclesiae
564 1740 612 1768 se
637 1726 838 1768 referunt
864 1726 922 1767 ad
955 1726 1124 1767 bonum
1152 1733 1199 1767 et
1230 1739 1411 1766 verum:
1454 1726 1559 1766 inde
1591 1733 1662 1767 est
1688 1727 1810 1780 quod

313 1804 394 1844 per
419 1790 576 1831 “filios
599 1797 646 1831 et
673 1790 787 1830 filias
800 1790 818 1806 ’'
840 1791 885 1830 in
908 1789 1065 1830 Verbo
1087 1790 1131 1830 in
1154 1803 1290 1830 sensu
1312 1788 1405 1842 ejus
1428 1789 1650 1842 spirituali
1672 1789 1808 1830 intel-

313 1853 515 1907 ligantur
531 1868 638 1895 vera
660 1860 708 1895 et
730 1854 865 1902 bona,
885 1867 964 1907 per
984 1852 1139 1893 “filios
1151 1852 1170 1868 '’
1187 1866 1294 1893 vera
1317 1853 1361 1892 in
1384 1852 1605 1905 spirituali
1622 1852 1807 1894 homine

312 1923 539 1970 concepta
561 1923 608 1958 et
631 1917 674 1957 in
699 1917 894 1958 naturali
918 1923 1042 1965 nata,
1062 1930 1114 1957 ac
1133 1929 1212 1969 per
1231 1915 1384 1956 “filias
1399 1915 1417 1930 ”
1436 1915 1642 1956 similiter
1659 1916 1806 1967 bona;

311 1994 449 2034 quare
476 1980 540 2021 illi
566 1981 640 2034 qui
667 1994 692 2021 a
720 1980 920 2021 Domino
945 1979 1205 2033 regenerati
1231 1985 1352 2026 sunt,
1381 1979 1425 2019 in
1453 1978 1609 2019 Verbo
1635 1993 1807 2020 vocan-

311 2050 384 2085 tur
418 2043 536 2084 “filii
569 2042 697 2093 Dei,”
727 2043 845 2084 “filii
872 2042 1038 2096 regni,”
1067 2043 1204 2083 “nati
1236 2042 1292 2082 ab
1325 2041 1471 2095 Ipso,’'
1502 2049 1549 2082 et
1583 2042 1807 2084 Dominus

311 2107 559 2160 discipulos
585 2108 767 2148 vocavit
794 2106 1000 2147 “filios:”
1031 2120 1110 2160 per
1148 2106 1327 2146 “fetum
1354 2105 1646 2154 masculum,''
1671 2119 1806 2159 quem

311 2170 472 2212 mulier
498 2171 688 2224 peperit,
717 2177 764 2211 et
796 2171 870 2224 qui
896 2176 1052 2223 raptus
1084 2176 1155 2210 est
1188 2170 1245 2210 ad
1279 2169 1425 2209 Deum
1455 2167 1610 2220 (Apoc.
1637 2169 1714 2209 xii.
1743 2168 1804 2222 5),

312 2247 396 2275 nec
435 2233 555 2275 aliud
593 2234 873 2287 significatur
908 2233 1136 2286 (videatur
1167 2232 1470 2285 Apocalypsis
1499 2231 1728 2279 Revelata,
1761 2245 1804 2273 n.

314 2296 429 2351 543).
492 2295 717 2350 Quoniam
751 2311 831 2351 per
858 2296 1046 2337 “filias’'
1071 2295 1384 2350 significantur
1415 2295 1535 2335 bona
1566 2294 1802 2343 ecclesiae,

311 2362 415 2402 ideo
447 2361 587 2402 toties
618 2361 662 2400 in
694 2360 851 2401 Verbo
878 2361 1137 2401 nominatur
1166 2358 1297 2399 “filia
1324 2357 1517 2406 Zionis,”
1544 2357 1804 2398 “Hieroso-

311 2423 503 2478 lymae,”
520 2427 545 2444 ‘⁶
562 2423 782 2472 Israelis,''
800 2430 847 2465 et
867 2422 1148 2477 “Jehudae,”
1166 2437 1245 2476 per
1267 2434 1401 2476 quam
1421 2434 1510 2461 non
1529 2420 1680 2474 aliqua
1697 2420 1801 2469 filia,

311 2489 392 2529 sed
420 2486 598 2528 affeftio
623 2487 744 2535 boni,
773 2501 888 2540 quae
914 2493 984 2527 est
1009 2487 1244 2534 ecclesiae,
1270 2484 1551 2538 significatur
1576 2483 1805 2537 (videatur

310 2550 608 2604 Apocalypsis
643 2549 873 2598 Revelata,
908 2563 949 2590 n.
982 2548 1100 2603 612).
1163 2549 1384 2590 Dominus
1425 2548 1563 2587 etiam
1597 2548 1803 2588 nominat

313 2613 517 2655 “fratres
543 2619 590 2654 et
616 2612 835 2662 sorores,'’
861 2612 965 2653 illos
991 2613 1065 2667 qui
1091 2612 1148 2653 ab
1174 2611 1370 2653 ecclesia
1397 2610 1541 2663 Ipsius
1569 2616 1674 2651 sunt

377 2710 598 2796 (lisattlz.)xii.
618 2718 682 2750 49;
715 2719 791 2751 cap.
816 2719 898 2742 xxv.
917 2718 982 2749 4o;
1014 2719 1091 2750 cap.
1109 2709 1230 2741 xxviii.
1253 2716 1315 2747 103
1339 2708 1451 2739 Marc.
1468 2707 1515 2739 iii.
1536 2714 1597 2746 35:
1628 2706 1712 2739 Luc.
1729 2707 1802 2740 viii.

488 2762 527 2787 21
546 2778 554 2786 .

395 2869 514 2903 121.
557 2858 654 2914 (iv.)
693 2857 822 2910 Quod
840 2858 991 2911 proles
1018 2856 1293 2911 spirituales,
1320 2870 1431 2910 quae
1470 2861 1711 2897 nascuntur
1744 2868 1800 2895 ex

310 2923 506 2979 conjugio
521 2922 704 2964 Domini
719 2935 814 2962 cum
829 2920 1037 2970 Ecclesia,
1054 2919 1147 2962 sint
1166 2933 1274 2960 vera
1293 2932 1350 2959 ex
1368 2918 1524 2972 quibus
1541 2917 1797 2966 intellectus,

306 2986 539 3040 perceptio,
566 2991 609 3027 et
642 2985 782 3027 omnis
806 2983 1028 3038 cogitatio,
1055 2989 1097 3024 et
1131 2981 1249 3036 quod
1278 2981 1371 3023 sint
1401 2981 1524 3030 bona,
1550 2994 1607 3023 ex
1640 2980 1796 3032 quibus

2002 2790 2014 2894 “w-EA
