2014 3386
534 334 602 367 DE
633 332 814 366 AMORE
846 332 1275 376 CONJUGIAL1.—-N.
1309 314 1398 376 1'64.
1635 334 1714 376 139

217 447 415 503 conjugii
454 462 502 490 se
543 447 842 501 conjungunt,
882 447 934 490 fit
975 461 1103 489 amor
1138 446 1423 500 conjugialis,
1457 445 1531 500 qui
1567 446 1713 499 aperit

216 512 417 567 pectora,
437 518 484 554 et
507 512 695 566 inspirat
718 512 805 553 illis
828 512 992 553 amoris
1010 511 1302 561 dulcedines;
1336 517 1383 551 et
1405 509 1492 550 hoc
1516 510 1713 563 penitius

216 583 264 617 et
291 577 497 630 penitius,
526 577 642 617 sicut
668 575 774 617 illae
801 576 916 616 duae
943 576 1172 629 primitivo
1198 574 1341 615 amori
1366 588 1416 615 se
1441 573 1712 627 adjungunt,

214 646 264 681 et
287 639 364 680 ille
391 640 530 680 intrat
557 640 601 680 in
627 639 736 690 has;
770 646 816 680 et
842 640 1054 680 vicissim.

202 744 207 756 ,
300 702 431 756 163.
474 702 587 757 (vii.)
625 702 755 753 Quod
771 703 1008 758 conjunilio
1034 701 1191 743 uxoris
1213 715 1308 742 cum
1329 700 1553 754 sapientia
1573 701 1713 743 ratio-

215 765 314 807 nali
330 766 492 807 mariti
505 766 600 820 fiat
623 766 678 807 ab
710 766 849 815 intra,
873 766 956 807 sed
981 780 1075 807 cum
1100 765 1324 818 sapientia
1349 764 1514 806 morali
1534 767 1626 820 ejus
1657 764 1714 805 ab

212 829 556 883 extra.—Quod
579 830 805 882 sapientia
826 829 945 883 apud
967 831 1087 870 viros
1110 830 1168 870 sit
1192 829 1380 882 duplex,
1405 828 1642 870 rationalis
1665 834 1713 869 et

215 893 415 942 moralis,
449 899 497 934 et
545 894 667 947 quod
707 894 933 946 sapientia
973 893 1210 935 rationalis
1251 892 1432 934 illorum
1474 892 1532 933 sit
1572 891 1712 932 solius

213 955 489 1004 intellectus,
509 964 556 998 et
579 957 700 1012 quod
718 958 943 1011 sapientia
961 956 1146 998 moralis
1167 956 1348 998 illorum
1371 956 1428 997 sit
1450 953 1713 997 intellectus

213 1026 261 1062 et
284 1020 417 1061 simul
442 1022 580 1070 vitae,
609 1021 819 1062 concludi
841 1027 888 1062 et
914 1021 1054 1061 videri
1078 1026 1235 1074 potest
1259 1034 1318 1061 ex
1345 1019 1445 1060 sola
1471 1019 1712 1060 intuitione

213 1090 260 1126 et
283 1083 618 1138 exploratione.
681 1083 772 1126 Sed
794 1090 844 1125 ut
870 1085 1040 1125 sciatur
1061 1084 1167 1138 quid
1193 1083 1466 1136 intelligitur
1488 1096 1568 1136 per
1590 1083 1711 1136 sapi-

213 1147 383 1189 entiam
410 1147 683 1189 rationalem
708 1148 919 1197 virorum,
948 1153 995 1189 et
1021 1147 1126 1201 quid
1153 1161 1233 1201 per
1260 1147 1533 1200 sapientiam
1560 1159 1710 1187 mora·

212 1210 303 1252 lem
335 1210 530 1260 illorum,
565 1211 951 1252 enumerabuntur
987 1210 1138 1265 aliqua
1174 1211 1219 1252 in
1251 1210 1415 1263 specie.
1478 1209 1565 1251 Illa
1595 1223 1711 1263 quae

212 1274 464 1328 sapientiae
495 1274 732 1316 rationalis
763 1274 944 1316 illorum
976 1282 1098 1323 sunt,
1125 1275 1434 1327 insigniuntur
1459 1274 1594 1314 variis
1627 1286 1710 1314 no-

213 1338 432 1379 minibus:
481 1338 524 1379 in
570 1351 739 1391 genere
780 1345 1006 1379 vocantur
1046 1338 1253 1386 scientia,
1296 1337 1619 1390 intelligentia,
1661 1342 1710 1378 et

211 1402 436 1455 sapientia
452 1415 462 1452 ;
485 1401 528 1442 in
547 1402 698 1455 specie
715 1407 884 1450 autem,
900 1401 1201 1450 rationalitas,
1214 1400 1445 1455 judicium,
1461 1401 1709 1453 ingenium,

211 1465 420 1514 eruditio,
449 1465 707 1518 sagacitas;
741 1465 821 1506 sed
847 1466 951 1519 quia
982 1466 1203 1506 scientiae
1230 1471 1335 1506 sunt
1364 1465 1504 1505 cuivis
1536 1463 1709 1517 peculi-

210 1542 311 1570 ares
333 1529 378 1568 in
405 1542 486 1569 suo
512 1528 674 1577 officio,
703 1528 807 1569 ideo
833 1534 940 1570 sunt
964 1528 1261 1579 multifariae;
1295 1533 1401 1568 sunt
1425 1528 1544 1568 enim
1573 1540 1709 1579 pecu-

211 1591 346 1632 liares
378 1591 567 1640 clericis,
595 1591 846 1645 peculiares
878 1593 1083 1646 personis
1115 1592 1428 1644 magistratus,
1458 1591 1710 1644 peculiares

209 1656 345 1696 variis
385 1655 566 1696 illorum
602 1655 842 1705 officiariis,
884 1655 1138 1709 peculiares
1174 1655 1413 1708 judicibus,
1456 1654 1709 1708 peculiares

151 1756 156 1762 .
211 1718 401 1760 medicis
423 1725 470 1759 et
498 1718 734 1771 chymicis,
762 1719 1016 1772 peculiares
1047 1719 1266 1760 militibus
1297 1724 1344 1760 et
1376 1719 1541 1767 nautis,
1569 1731 1708 1771 pecu-

209 1782 344 1823 liares
383 1781 632 1822 artificibus
663 1788 711 1823 et
743 1783 974 1836 operariiS,
1008 1782 1261 1836 peculiares
1301 1781 1529 1835 agricolis,
1563 1787 1611 1822 et
1643 1781 1706 1822 sic

209 1858 357 1899 porro.
418 1844 496 1886 Ad
523 1845 794 1886 rationalem
822 1846 1095 1900 sapientiam
1123 1845 1356 1899 pertinent
1383 1845 1523 1886 etiam
1546 1857 1707 1885 omnes

209 1909 442 1956 scientiae,
470 1909 515 1949 in
538 1922 648 1963 quas
675 1909 1000 1951 adolescentes
1022 1909 1260 1950 initiantur
1280 1909 1325 1949 in
1349 1907 1531 1957 scholis,
1556 1914 1602 1949 et
1629 1921 1709 1962 per

208 1971 311 2030 illas
351 1978 515 2025 postea
555 1973 600 2013 in
640 1973 1013 2026 intelligentiam,
1047 1979 1095 2014 et
1135 1979 1361 2014 vocantur
1400 1973 1540 2013 etiam
1580 1973 1706 2013 vario

209 2035 409 2083 nomine,
437 2041 486 2076 ut
514 2035 845 2090 philosophica,
870 2036 1075 2090 physica,
1100 2036 1398 2089 geometrica,
1422 2034 1704 2084 mechanica,

208 2098 432 2151 chymica,
460 2101 784 2148 astronomica,
807 2099 1011 2153 juridica,
1044 2100 1248 2153 politica,
1277 2099 1446 2148 ethica,
1474 2099 1705 2148 historica,

208 2168 257 2203 et
282 2162 448 2215 plureS,
477 2176 557 2216 per
582 2177 707 2217 quas,
732 2164 849 2204 sicut
883 2177 962 2216 per
988 2164 1121 2213 ostia,
1149 2164 1348 2205 intratur
1370 2164 1415 2204 in
1446 2162 1704 2212 rationalia,

208 2237 269 2266 ex
295 2226 455 2279 quibus
480 2225 531 2267 fit
557 2227 783 2280 sapientia
808 2226 1054 2268 rationalis.

292 2288 423 2342 164·
464 2288 723 2343 Sapientiae
745 2297 899 2331 autem
922 2290 1106 2331 moralis
1128 2289 1247 2344 apud
1269 2290 1389 2331 viros
1417 2295 1522 2330 sunt
1546 2303 1706 2330 omnes

206 2351 401 2393 virtutes
432 2352 642 2402 morales,
670 2367 785 2407 quae
826 2352 1038 2408 speetant
1068 2355 1226 2402 vitam,
1255 2367 1308 2394 ac
1340 2354 1515 2394 intrant
1548 2352 1703 2393 illam:

208 2421 256 2455 et
296 2428 474 2469 quoque
515 2422 619 2457 sunt
659 2417 853 2458 virtutes
893 2417 1165 2471 spirituales,
1207 2430 1323 2471 quae
1365 2430 1424 2457 ex
1465 2429 1620 2457 amore
1659 2416 1704 2456 in

208 2476 357 2518 Deum
397 2485 444 2519 et
486 2493 545 2520 ex
586 2493 742 2521 amore
774 2494 882 2533 erga
914 2481 1173 2534 proximum
1205 2480 1409 2527 effluunt,
1444 2486 1490 2520 et
1522 2481 1566 2520 in
1599 2479 1704 2519 illos

208 2540 453 2583 confluunt.
530 2542 754 2592 Virtutes,
787 2557 902 2597 quae
933 2544 991 2584 ad
1024 2545 1295 2596 sapientiam
1331 2543 1551 2584 moralem
1583 2543 1703 2582 viro-

207 2616 305 2644 rum
354 2605 601 2657 pertinent,
644 2612 749 2647 sunt
794 2608 933 2648 etiam
978 2608 1089 2648 varii
1135 2608 1344 2656 nominis,
1389 2613 1435 2648 et
1480 2612 1705 2647 vocantur

208 2669 525 2720 temperantia,
568 2669 804 2718 sobrietas,
847 2671 1065 2723 probitas,
1107 2671 1447 2718 benevolentia,
1486 2669 1700 2717 amicitia,

205 2730 449 2779 modestia,
484 2732 736 2781 sinceritas,
770 2733 1049 2781 officiositas,
1084 2734 1292 2782 civilitas,
1327 2739 1424 2774 tum
1466 2731 1700 2780 sedulitas,

206 2791 442 2842 industria,
461 2794 662 2845 solertia,
682 2796 910 2844 alacritas,
931 2796 1254 2845 munificentia,
1276 2795 1539 2843 liberalitas,
1559 2807 1702 2847 gene-

207 2855 385 2904 rositas,
414 2859 671 2907 strenuitas,
699 2859 999 2912 intrepiditaS,
1028 2860 1295 2912 prudentia;
1330 2865 1510 2911 praeter
1537 2857 1699 2910 plures.

207 2917 418 2960 Virtutes
444 2921 699 2974 spirituales
726 2923 845 2975 apud
871 2923 1003 2970 viros,
1032 2929 1138 2963 sunt
1165 2935 1292 2963 amor
1317 2921 1562 2973 religionis,
1591 2919 1701 2960 cha-

207 2982 333 3033 ritas,
357 2985 540 3033 veritas,
565 2984 690 3035 fides,
715 2986 1011 3035 conscientia,
1036 2986 1312 3033 innocentia,
1334 2990 1511 3037 praeter
1533 2982 1700 3036 plures.
