2014 3386
550 327 617 360 DE
652 326 831 361 AMORE
863 326 1462 373 SCORTATOR10.——N.532.
1668 331 1753 374 407

254 454 357 496 que,
384 441 534 496 quoad
566 447 745 494 partem
777 440 1112 495 cognoscibiles
1143 455 1203 483 ex
1236 440 1479 484 transactis
1510 441 1568 484 de
1599 456 1753 485 amore

251 518 359 547 vere
385 504 629 558 conjugiali
655 503 717 559 (n.
748 504 933 559 57—73);
975 505 1122 559 deque
1145 506 1291 547 causis
1312 505 1527 558 frigorum
1550 512 1753 560 et'sepa-
1795 493 1805 504 Χ

251 569 482 611 rationum
512 567 575 622 (n.
602 567 819 622 234-260)
842 582 852 620 ;
894 574 942 610 et
967 568 1024 609 de
1050 569 1198 610 causis
1224 570 1489 622 apparentis
1515 571 1681 611 amoris
1706 577 1754 613 et

251 633 480 675 amicitiae
522 633 567 673 in
608 631 828 685 conjugiis
870 630 933 686 (n.
967 631 1211 687 271—292):
1258 633 1340 674 sed
1372 634 1668 687 apparentiae
1708 635 1754 676 in

252 696 456 738 externis
483 695 594 737 nihil
626 695 906 737 concludunt
937 695 995 737 de
1026 695 1344 749 imputatione.
1405 690 1604 739 Unicum
1631 699 1753 752 quod

251 759 487 802 concludit
514 766 584 801 est
617 759 888 813 conjugiale,
917 759 1051 813 quod·
1069 760 1266 802 insideat
1291 760 1480 813 alicujus
1506 761 1751 812 voluntati,

195 823 204 831 ⁸
251 830 299 866 et
339 823 639 873 custodiatur,
672 824 716 864 in
758 823 1058 877 qualicunque
1090 823 1288 877 conjugii
1324 830 1450 866 statu
1485 824 1625 867 homo
1665 826 1751 869 sit:

250 886 506 941 conjugiale
529 887 638 928 illud
661 893 731 928 est
754 887 870 928 sicut
889 887 1074 936 trutina,
1094 901 1182 941 qua
1199 888 1477 941 expenditur
1498 888 1575 930 ille
1597 902 1751 941 amor;

250 957 323 993 est
355 951 475 992 enim
503 950 757 1004 conjugiale
785 950 913 990 unius
939 951 1022 991 viri
1055 963 1158 992 cum
1194 965 1283 992 una
1314 965 1458 993 uxore
1490 951 1753 995 clenodium

250 1013 375 1055 vitae
419 1012 663 1063 humanae,
706 1020 753 1055 et
794 1014 1151 1055 reconditorium
1191 1014 1425 1068 religionis
1467 1014 1752 1059 Christianae

253 1078 325 1131 (ut
366 1090 514 1130 supra,
549 1090 591 1118 n.
622 1086 720 1130 457,
752 1078 851 1130 458,
885 1083 1122 1119 ostensum
1148 1077 1257 1131 est).
1319 1078 1382 1120 Et
1414 1080 1518 1132 quia
1558 1079 1624 1120 ita
1664 1086 1750 1127 est,

249 1145 407 1192 potest
437 1139 514 1181 ille
546 1153 674 1182 amor
699 1141 795 1182 dari
826 1141 946 1195 apud
973 1154 1110 1182 unum
1137 1141 1393 1196 conjugem,
1422 1149 1470 1184 et
1501 1156 1594 1184 non
1620 1143 1756 1184 simul

248 1203 370 1256 apud
391 1202 586 1245 alterum
605 1218 614 1255 ;
647 1210 694 1245 et
717 1211 873 1258 potest
895 1204 972 1246 ille
999 1217 1126 1246 amor
1148 1204 1283 1246 altius
1306 1205 1450 1246 latere
1473 1207 1750 1255 reconditus,

251 1279 387 1320 quam
413 1273 462 1308 ut
488 1267 585 1320 ipse
612 1267 752 1309 homo
777 1268 1118 1310 animadvertat
1143 1268 1310 1323 aliquid
1342 1269 1399 1311 de
1431 1283 1513 1321 eo;
1560 1276 1608 1311 et
1639 1284 1750 1324 quo-

248 1343 336 1384 que
358 1324 514 1384 potest
537 1332 719 1372 inscribi
741 1332 785 1372 in
808 1345 1021 1373 successu
1038 1332 1175 1373 vitae.
1233 1331 1381 1374 Causa
1399 1339 1484 1383 est,
1504 1334 1607 1388 quia
1624 1347 1753 1375 amor

248 1393 326 1435 ille
352 1394 396 1435 in
423 1395 630 1448 passibus
656 1396 747 1436 suis
773 1396 1021 1438 comitatur
1045 1395 1331 1449 religionem,
1361 1410 1413 1438 ac
1445 1396 1620 1450 religio,
1649 1398 1753 1451 quia

246 1463 319 1499 est
341 1458 604 1511 conjugium
623 1458 808 1499 Domini
830 1465 876 1500 et
900 1458 1153 1508 Ecclesiae,
1178 1466 1249 1500 est
1272 1459 1390 1500 illius
1412 1461 1580 1501 amoris
1597 1461 1749 1502 initia-

246 1528 454 1564 mentum
487 1528 534 1563 et
565 1522 842 1564 inoculatio:
885 1536 1024 1576 quare
1048 1536 1177 1564 amor
1203 1523 1470 1577 conjugialis
1496 1525 1750 1577 imputatur

246 1586 386 1628 cuivis
408 1592 514 1639 post
537 1593 748 1635 mortem,
773 1586 1022 1628 secundum
1049 1586 1143 1639 ejus
1170 1587 1450 1640 spiritualem
1476 1588 1747 1629 rationalem

245 1650 415 1701 vitam;
461 1655 508 1691 et
539 1649 617 1699 illi,
645 1650 716 1691 cui
747 1663 874 1691 amor
904 1649 982 1691 ille
1015 1650 1280 1704 imputatur,
1308 1657 1414 1705 post
1441 1651 1616 1692 obitum
1644 1665 1747 1705 pro-

245 1713 428 1755 videtur
458 1711 719 1766 conjugium
751 1713 796 1753 in
828 1712 973 1762 caelo,
1001 1713 1315 1768 qualecunque
1347 1714 1387 1755 ei
1427 1714 1559 1756 fuerit
1592 1714 1747 1768 conju-

245 1777 369 1831 gium
396 1777 440 1817 in
469 1776 652 1817 mundo,
716 1775 791 1816 Ex
818 1776 889 1817 his
912 1789 1030 1817 nunc
1057 1775 1107 1817 fit
1133 1776 1246 1818 haec
1270 1776 1487 1826 clausula,
1512 1778 1632 1830 quod
1657 1791 1747 1820 non

245 1854 306 1883 ex
331 1840 610 1894 apparentiis
637 1839 964 1893 conjugiorum,
993 1853 1076 1880 nec
1109 1854 1168 1880 ex
1194 1841 1475 1893 apparentiis
1502 1842 1747 1882 scortatio-

244 1916 368 1953 num,
393 1903 764 1945 concludendum
790 1903 849 1945 sit
876 1903 933 1945 de
959 1902 1126 1957 aliquo,
1151 1903 1273 1958 quod
1304 1903 1370 1945 illi
1395 1904 1456 1946 sit
1482 1917 1611 1946 amor
1635 1917 1746 1946 con-

240 1966 438 2022 jugialis,
463 1966 536 2008 vel
563 1980 682 2019 non;
721 1981 859 2021 quare

495 2071 515 2085 ⁴⁴
526 2069 580 2103 Ne
595 2069 752 2112 judicate
769 2080 815 2102 ne
832 2070 1126 2103 condemnemini
1137 2070 1156 2083 ”
1173 2069 1318 2112 (Matth.
1335 2070 1395 2104 vii.
1414 2069 1456 2111 1).

243 2230 372 2276 532·
405 2219 490 2261 His
516 2219 724 2274 adjiciam
750 2219 1052 2262 Memorabile
1069 2233 1140 2261 :—

315 2306 530 2354 Quondam
548 2306 682 2353 quoad
703 2306 887 2352 spiritum
911 2317 1043 2342 meum
1065 2304 1228 2342 evectus
1249 2316 1336 2341 sum
1360 2305 1400 2341 in
1421 2305 1575 2341 caelum
1597 2305 1746 2352 angeli-

243 2370 346 2400 cum,
365 2366 406 2395 et
433 2360 471 2394 in
495 2370 615 2394 unam
637 2360 723 2405 ejus
741 2360 990 2400 societatem,
1009 2366 1051 2394 et
1071 2366 1167 2394 tunc
1188 2365 1442 2394 accesserunt
1462 2359 1512 2394 ad
1540 2369 1603 2394 me
1624 2358 1745 2405 aliqui

243 2423 292 2449 ex
308 2413 555 2459 sapientibus
573 2412 638 2454 ibi,
656 2419 696 2450 et
714 2413 914 2453 dixerunt,
933 2418 953 2431 “
966 2411 1072 2459 Quid
1093 2423 1240 2447 novum
1259 2422 1281 2447 e
1299 2411 1452 2447 terra?’'

317 2465 407 2501 Dixi
421 2466 532 2506 illis,“
546 2465 636 2501 Hoc
650 2476 798 2501 novum
813 2472 885 2506 est,
901 2466 1009 2511 quod
1027 2465 1223 2500 Dominus
1239 2464 1472 2500 revelaverit
1485 2475 1628 2500 arcana
1642 2475 1744 2510 quae

243 2519 479 2555 excellentia
492 2518 690 2554 excedunt
707 2529 849 2554 arcana
865 2519 914 2554 ab
933 2518 1047 2553 initio
1061 2517 1252 2554 ecclesiae
1270 2517 1348 2552 huc
1363 2528 1489 2563 usque
1506 2517 1716 2553 revelata.”

315 2570 619 2619 Quaesiverunt,
639 2570 783 2618 “Quae
802 2578 897 2607 sunt
916 2572 982 2606 illa
994 2570 1034 2607 ?''

315 2624 407 2661 Dixi
429 2624 536 2670 quod
559 2624 657 2660 haec
678 2624 780 2660 sint:
815 2624 870 2669 (i.)
900 2624 1019 2671 Quod
1042 2624 1081 2659 in
1100 2623 1234 2659 Verbo
1257 2622 1295 2657 in
1313 2622 1498 2658 omnibus
1515 2628 1555 2657 et
1577 2621 1743 2668 singulis

242 2679 330 2725 ejus
347 2677 401 2714 sit
419 2688 558 2713 sensus
573 2677 790 2723 spiritualis
805 2677 1123 2723 correspondens
1138 2676 1273 2712 sensui
1289 2675 1472 2715 naturali,
1487 2682 1528 2710 et
1546 2675 1652 2720 quod
1673 2685 1742 2721 per

243 2731 355 2767 illum
382 2741 543 2766 sensum
569 2730 621 2765 sit
651 2729 886 2776 conjunctio
913 2730 1120 2765 hominum
1147 2729 1339 2764 ecclesiae
1368 2739 1458 2763 cum
1488 2727 1674 2768 Domino,
1701 2734 1742 2763 et

242 2783 492 2820 consociatio
521 2794 611 2818 cum
642 2784 805 2830 angelis,
830 2790 871 2819 et
901 2783 1009 2829 quod
1040 2781 1233 2818 sanctitas
1254 2781 1376 2817 Verbi
1409 2781 1448 2816 in
1477 2791 1526 2816 eo
1556 2780 1739 2816 resideat.

244 2837 314 2882 (ii.)
343 2835 462 2884 Quod
481 2836 872 2882 correspondentiae,
887 2847 936 2872 ex
954 2836 1099 2883 quibus
1122 2846 1262 2872 sensus
1274 2834 1492 2880 spiritualis
1506 2832 1626 2870 Verbi
1644 2843 1740 2868 con-

242 2889 361 2929 sistit,
380 2888 562 2924 detectae
580 2888 673 2924 sint.

313 2941 605 2989 Quaesiverunt
622 2941 764 2988 angeli,
783 2941 932 2978 “Anne
949 2941 1196 2977 habitatores
1216 2939 1323 2976 orbis
1349 2939 1399 2975 de
1425 2937 1736 2986 corresponden-

242 2994 310 3031 tiis
326 2994 435 3042 prius
453 2994 653 3031 sciverunt
663 2993 703 3031 ?’'
