2014 3386
587 344 653 376 DE
685 343 866 377 AMORE
897 314 1325 385 coNJUGIALL-—NJ
1353 343 1420 386 73.
1699 338 1756 387 63

255 456 454 515 aliquem
475 459 722 508 hominem,
751 458 794 499 in
822 471 910 512 quo
935 457 1012 499 ille
1031 470 1158 498 amor
1183 461 1266 505 est,
1286 462 1356 496 est
1382 455 1501 496 enim
1528 453 1598 495 hic
1626 467 1753 495 amor

253 522 609 565 fundamentalis
631 523 833 563 omnium
860 534 1064 562 amorum
1087 519 1354 561 caelestium
1380 525 1427 559 et
1454 512 1752 571 spiritualium

257 586 485 642 (videatur
521 600 669 640 supra,
698 599 739 626 n.
766 584 942 638 65—67).
1004 583 1141 637 Quod
1178 583 1243 624 ita
1281 583 1353 631 sit,
1382 582 1440 622 ab
1471 581 1754 634 experientia

253 651 363 692 mihi
401 649 718 691 confirmatum
756 655 841 690 est.
902 647 1010 689 Vidi
1043 647 1204 701 genios
1241 646 1286 686 in
1325 645 1494 686 mundo
1521 643 1754 697 spirituali,

253 714 328 768 qui
350 713 738 767 praeparabantur
753 712 811 753 ad
834 712 1069 760 infernum,
1089 710 1510 763 appropinquantes
1533 708 1589 749 ad
1612 718 1754 761 ange-

242 777 360 825 lum,
394 778 467 831 qui
503 776 802 817 deliciabatur
839 788 940 817 curn
977 788 1057 815 sua
1093 779 1331 815 consorte:
1379 772 1443 813 illi
1479 771 1536 812 ad
1578 771 1754 812 distan-

241 841 379 890 tiam,
404 841 520 881 sicut
543 840 923 894 propinquabant,
942 837 1047 879 facti
1064 843 1169 878 sunt
1192 838 1308 878 sicut
1335 836 1486 884 furiae,
1507 841 1552 877 et
1575 836 1754 889 quaesi—

252 910 415 945 verunt
433 917 651 944 cavernas
670 909 716 944 et
739 903 937 951 scrobes,
958 908 1007 943 ut
1029 901 1171 954 asyla,
1191 901 1235 941 in
1254 914 1364 954 quas
1381 913 1429 940 se
1449 898 1753 951 conjecerunt.

254 965 390 1020 Quod
422 968 603 1021 spiritus
643 966 749 1006 mali
780 971 936 1006 ament
967 965 1306 1017 homogeneum
1348 977 1455 1004 suae
1487 960 1751 1010 affeffionis,

241 1037 480 1084 utcunque
506 1030 787 1071 immundum
810 1035 894 1078 est,
919 1042 970 1069 ac
993 1034 1262 1068 aversentur
1287 1027 1470 1080 spiritus
1493 1025 1620 1074 caeli,
1649 1026 1753 1079 quia

252 1107 410 1147 purum
437 1100 521 1142 est,
542 1100 590 1134 ut
617 1106 744 1134 suum
762 1092 1139 1145 heterogeneum,
1160 1090 1369 1132 concludi
1395 1096 1551 1143 potest
1575 1103 1636 1130 ex
1662 1089 1750 1130 illis

252 1170 366 1211 quae
393 1157 437 1197 in
465 1156 855 1197 Praeliminaribus
885 1154 946 1209 (n.
975 1154 1043 1208 10)
1073 1160 1327 1195 memorata
1354 1160 1472 1194 sunt.

336 1229 422 1274 72.
465 1219 601 1273 Quod
627 1220 691 1260 illi
717 1220 760 1260 in
787 1219 914 1260 illum
942 1231 1144 1259 amorem
1171 1218 1372 1266 veniant,
1402 1223 1448 1258 et
1473 1217 1518 1257 in
1545 1215 1624 1257 illo
1651 1230 1750 1258 esse

251 1285 443 1337 possint,
468 1285 542 1338 qui
568 1298 674 1324 vera
699 1283 920 1324 ecclesiae
947 1289 1118 1331 amant,
1139 1288 1186 1323 et
1213 1281 1334 1322 bona
1359 1280 1452 1334 ejus
1478 1280 1661 1329 faciunt,
1681 1286 1751 1321 est

252 1347 356 1401 quia
382 1361 472 1388 non
499 1347 573 1388 alii
598 1348 874 1400 recipiuntur
899 1361 926 1387 a
951 1347 1177 1397 Domin0;
1211 1345 1256 1386 hi
1283 1345 1404 1385 enim
1431 1351 1536 1385 sunt
1568 1345 1613 1385 in
1640 1357 1750 1385 con—

246 1409 478 1463 junffione
501 1423 602 1451 cum
627 1411 746 1464 Ipso,
771 1417 818 1451 et
840 1410 945 1451 inde
968 1415 1159 1462 possunt
1183 1409 1328 1450 teneri
1350 1409 1394 1448 in
1417 1408 1496 1448 illo
1517 1421 1671 1448 amore
1693 1407 1751 1448 ab

254 1473 373 1526 Ipso.
435 1473 549 1514 Sunt
591 1474 681 1514 duo
712 1488 826 1527 quae
866 1473 1038 1514 faciunt
1071 1472 1311 1513 ecclesiam
1348 1478 1395 1512 et
1435 1471 1540 1512 inde
1573 1470 1749 1512 caelum

251 1536 371 1589 apud
402 1536 648 1585 hominem,
677 1549 834 1577 verum
860 1534 963 1576 fidei
995 1541 1043 1577 et
1075 1536 1245 1576 bonum
1273 1535 1421 1585 vitae3
1459 1547 1614 1575 verum
1646 1533 1749 1574 fidei

244 1599 358 1640 facit
386 1601 690 1652 praesentiam
719 1599 909 1647 Domini,
946 1605 993 1640 et
1025 1599 1194 1639 bonum
1220 1599 1341 1639 vitae
1368 1598 1617 1638 secundum
1644 1610 1751 1637 vera

246 1662 355 1704 vfidei
376 1663 482 1704 facit
505 1661 869 1716 conjunctionem
891 1676 992 1704 cum
1016 1663 1136 1715 Ipso,
1156 1669 1203 1703 et
1226 1663 1288 1703 sic
1311 1661 1552 1703 ecclesiam
1575 1667 1621 1702 et
1645 1674 1748 1702 cae-

250 1725 358 1767 lum.
419 1725 554 1779 Quod
586 1740 741 1767 verum
773 1726 877 1767 fidei
917 1726 1052 1767 faciat
1084 1726 1405 1779 praesentiam,
1425 1732 1510 1768 est
1543 1725 1646 1778 quia
1677 1730 1748 1766 est

249 1788 389 1840 lucis;
436 1789 515 1830 lux
548 1789 805 1843 spiritualis
835 1803 926 1830 non
967 1789 1088 1830 aliud
1121 1795 1218 1830 est:
1266 1789 1387 1843 quod
1426 1788 1594 1831 bonum
1626 1787 1747 1829 vitae

249 1852 383 1894 saciat
410 1852 788 1906 conjunctionem,
813 1860 884 1895 est
910 1854 1013 1907 quia
1038 1860 1109 1894 est
1132 1853 1325 1904 caloris;
1358 1852 1482 1893 calor
1503 1851 1748 1905 spiritualis

245 1925 334 1957 nec
361 1915 482 1957 aliud
508 1923 593 1966 est,
622 1923 692 1958 est
720 1918 840 1958 enirn
866 1929 1007 1966 amor,
1036 1924 1082 1958 et
1114 1917 1284 1957 bonum
1307 1916 1430 1956 vitae
1457 1921 1527 1955 est
1554 1915 1744 1956 amoris:

249 1985 297 2020 et
329 1986 486 2021 notum
514 1987 598 2029 est,
627 1980 748 2034 quod
775 1981 922 2021 omnis
949 1980 1029 2021 lux
1057 1980 1196 2021 etiam
1222 1979 1429 2020 hiemalis
1455 1978 1589 2019 faciat
1616 1991 1746 2030 prae-

250 2044 460 2092 sentiam,
494 2050 540 2085 et
572 2044 694 2097 quod
726 2043 851 2085 calor
882 2044 1033 2084 unitus
1065 2043 1152 2084 luci
1183 2043 1320 2084 saciat
1352 2040 1744 2095 conjunctionem3

250 2106 371 2148 horti
397 2107 516 2148 enim
543 2114 589 2148 et
621 2107 781 2148 floreta
806 2113 1028 2160 apparent
1060 2107 1103 2147 in
1137 2107 1260 2148 omni
1287 2105 1401 2154 luce,
1429 2105 1509 2146 sed
1542 2118 1633 2145 non
1665 2104 1746 2145 flo—

246 2176 352 2211 rent
378 2176 424 2211 et
455 2169 740 2220 fructificant,
769 2171 852 2211 nisi
878 2171 984 2211 dum
1011 2170 1135 2211 calor
1161 2169 1396 2222 conjungit
1428 2182 1476 2209 se
1508 2167 1608 2209 luci.
1669 2167 1744 2208 Ex

249 2232 319 2274 his
351 2239 479 2287 patet
505 2234 752 2283 conclusio,
780 2234 901 2288 quod
933 2248 960 2275 a
991 2234 1190 2275 Domino
1223 2247 1313 2274 non
1341 2233 1568 2274 donentur
1593 2245 1745 2272 amore

249 2309 355 2338 vere
387 2297 642 2368 conjugiali3
677 2298 750 2351 qui
787 2297 925 2338 modo
957 2297 1105 2339 sciunt
1141 2296 1362 2338 ecclesiae
1399 2309 1519 2345 vera,
1553 2295 1633 2336 sed
1670 2295 1745 2349 qui

249 2361 327 2402 illa
353 2361 501 2401 sciunt
528 2367 574 2401 et
602 2360 693 2413 ejus
719 2360 839 2401 bona
865 2361 1050 2402 faciunt.

332 2431 423 2477 73·
467 2422 596 2478 (viii.)
644 2423 772 2475 Quod
808 2423 879 2464 lzz'c
907 2438 1034 2464 amor
1051 2422 1205 2476 fuerzt
1233 2437 1360 2464 amor
1389 2435 1588 2463 amorum
1623 2420 1749 2474 apud

249 2487 469 2540 antzquos,
494 2501 568 2540 quz
599 2500 644 2527 zn
670 2485 839 2527 saeculo
864 2501 1009 2536 aureo,
1037 2493 1247 2540 argenteo
1271 2493 1314 2527 et
1336 2492 1494 2539 cupreo
1519 2484 1741 2526 vzxerunt.

250 2549 386 2603 Quod
419 2563 547 2591 amor
572 2549 837 2603 conjugialis
863 2551 980 2603 apud
1011 2551 1351 2604 antiquissimos
1389 2555 1434 2590 et
1472 2548 1591 2602 apud
1623 2548 1741 2588 anti-

250 2625 376 2665 qu05,
396 2613 470 2666 qui
487 2613 529 2653 in
549 2614 702 2665 primis
720 2613 806 2653 illis
821 2613 1013 2654 saeculis
1030 2614 1094 2654 ita
1108 2614 1353 2654 nominatis
1368 2613 1594 2658 vixerant,
1610 2611 1742 2651 fuerit

251 2688 378 2716 amor
409 2689 627 2724 amorum,
656 2689 746 2716 non
778 2682 932 2729 potest
963 2690 1023 2717 ex
1054 2676 1251 2717 historiis
1283 2677 1397 2724 sciri,
1431 2676 1532 2729 quia
1563 2674 1740 2714 illorum

250 2738 419 2791 scripta
441 2752 529 2779 non
553 2745 759 2787 exstant,
779 2746 825 2781 et
848 2738 926 2780 illa
948 2753 1062 2793 quae
1081 2745 1286 2788 exstant,
1306 2745 1411 2779 sunt
1431 2752 1490 2779 ex
1509 2737 1739 2789 scriptori-

250 2800 333 2841 bus
364 2807 467 2853 post
498 2802 576 2843 illa
606 2802 812 2854 saecula;
846 2816 951 2843 nam
978 2803 1035 2850 ab
1065 2802 1133 2843 his
1159 2803 1462 2850 nominantur,
1491 2807 1536 2841 et
1563 2813 1739 2853 quoque

253 2862 519 2906 describitur
543 2865 721 2906 illorum
747 2867 867 2907 vitae
893 2867 1063 2919 puritas
1095 2871 1141 2907 et
1173 2866 1425 2918 integritas,
1455 2864 1621 2917 pariter
1647 2861 1740 2914 ejus

252 2927 505 2968 successiva
530 2928 840 2970 decrescentia
866 2930 981 2970 sicut
1009 2935 1076 2970 est
1102 2929 1195 2970 auri
1218 2943 1356 2982 usque
1383 2928 1439 2968 ad
1466 2927 1656 2967 serrum:
1690 2931 1738 2966 at

253 2989 412 3031 ultima
436 3004 512 3032 seu
537 2991 677 3033 ferrea
702 2998 843 3043 aetas,
871 3006 985 3046 quae
1011 2991 1240 3033 inchoavit
1266 3005 1292 3033 a
1317 2988 1608 3044 scriptoribus
1633 2987 1736 3038 illis,
