<?xml version="1.0" encoding="UTF-8"?>
<!DOCTYPE html PUBLIC "-//W3C//DTD XHTML 1.0 Transitional//EN"
    "http://www.w3.org/TR/xhtml1/DTD/xhtml1-transitional.dtd">
<html xmlns="http://www.w3.org/1999/xhtml" xml:lang="en" lang="en">
 <head>
  <title>
</title>
<meta http-equiv="Content-Type" content="text/html;charset=utf-8" />
  <meta name='ocr-system' content='tesseract 3.04.00' />
  <meta name='ocr-capabilities' content='ocr_page ocr_carea ocr_par ocr_line ocrx_word'/>
</head>
<body>
  <div class='ocr_page' id='page_1' title='image "./deliciaesapienti00sweduoft_0275.png"; bbox 0 0 2014 3386; ppageno 0'>
   <div class='ocr_carea' id='block_1_1' title="bbox 0 0 50 2630">
    <p class='ocr_par' dir='ltr' id='par_1_1' title="bbox 0 0 50 2630">
     <span class='ocr_line' id='line_1_1' title="bbox 0 0 50 2630; baseline 0 0"><span class='ocrx_word' id='word_1_1' title='bbox 0 0 50 2630; x_wconf 95' lang='lat' dir='ltr'><strong> </strong></span> 
     </span>
    </p>
   </div>
   <div class='ocr_carea' id='block_1_2' title="bbox 607 327 1784 383">
    <p class='ocr_par' dir='ltr' id='par_1_2' title="bbox 607 327 1784 383">
     <span class='ocr_line' id='line_1_2' title="bbox 607 327 1784 383; baseline 0.002 -17"><span class='ocrx_word' id='word_1_2' title='bbox 607 334 674 366; x_wconf 85' lang='lat' dir='ltr'><strong>DE</strong></span> <span class='ocrx_word' id='word_1_3' title='bbox 706 332 887 366; x_wconf 83' lang='lat' dir='ltr'>AMORE</span> <span class='ocrx_word' id='word_1_4' title='bbox 920 332 1344 376; x_wconf 82' lang='lat' dir='ltr'>CONJUGIAL1.-N.</span> <span class='ocrx_word' id='word_1_5' title='bbox 1375 336 1470 383; x_wconf 45' lang='lat'><strong>3397</strong></span> <span class='ocrx_word' id='word_1_6' title='bbox 1677 327 1784 380; x_wconf 76' lang='grc'><em>,269</em></span> 
     </span>
    </p>
   </div>
   <div class='ocr_carea' id='block_1_3' title="bbox 282 447 1781 694">
    <p class='ocr_par' dir='ltr' id='par_1_3' title="bbox 282 447 1781 694">
     <span class='ocr_line' id='line_1_3' title="bbox 284 447 1778 501; baseline 0 -11"><span class='ocrx_word' id='word_1_7' title='bbox 284 447 410 490; x_wconf 86' lang='lat' dir='ltr'><em>modo</em></span> <span class='ocrx_word' id='word_1_8' title='bbox 434 447 704 490; x_wconf 78' lang='lat' dir='ltr'><em>adulterium</em></span> <span class='ocrx_word' id='word_1_9' title='bbox 729 447 950 497; x_wconf 84' lang='lat' dir='ltr'><strong>naturale,</strong></span> <span class='ocrx_word' id='word_1_10' title='bbox 976 447 1060 489; x_wconf 81' lang='lat' dir='ltr'><strong>sed</strong></span> <span class='ocrx_word' id='word_1_11' title='bbox 1078 448 1211 489; x_wconf 80' lang='lat' dir='ltr'><em>etiam</em></span> <span class='ocrx_word' id='word_1_12' title='bbox 1233 447 1502 489; x_wconf 81' lang='lat' dir='ltr'><em>adulterium</em></span> <span class='ocrx_word' id='word_1_13' title='bbox 1527 448 1778 501; x_wconf 78' lang='lat' dir='ltr'><em>spirituale,</em></span> 
     </span>
     <span class='ocr_line' id='line_1_4' title="bbox 282 506 1779 565; baseline 0.001 -12"><span class='ocrx_word' id='word_1_14' title='bbox 282 510 737 564; x_wconf 79' lang='lat' dir='ltr'><strong>committat.—Quod</strong></span> <span class='ocrx_word' id='word_1_15' title='bbox 779 510 1079 560; x_wconf 85' lang='lat' dir='ltr'><strong>Christianus,</strong></span> <span class='ocrx_word' id='word_1_16' title='bbox 1119 512 1193 565; x_wconf 90' lang='lat' dir='ltr'><strong>qui</strong></span> <span class='ocrx_word' id='word_1_17' title='bbox 1233 511 1387 565; x_wconf 89' lang='lat' dir='ltr'><strong>plures</strong></span> <span class='ocrx_word' id='word_1_18' title='bbox 1425 525 1595 553; x_wconf 88' lang='lat' dir='ltr'><strong>uxores</strong></span> <span class='ocrx_word' id='word_1_19' title='bbox 1619 506 1779 561; x_wconf 80' lang='lat' dir='ltr'><strong>ducit,</strong></span> 
     </span>
     <span class='ocr_line' id='line_1_5' title="bbox 282 574 1781 624; baseline 0.001 -8"><span class='ocrx_word' id='word_1_20' title='bbox 282 575 556 617; x_wconf 87' lang='lat' dir='ltr'><strong>adulterium</strong></span> <span class='ocrx_word' id='word_1_21' title='bbox 602 574 812 616; x_wconf 87' lang='lat' dir='ltr'><strong>naturale</strong></span> <span class='ocrx_word' id='word_1_22' title='bbox 859 575 1138 624; x_wconf 87' lang='lat' dir='ltr'><strong>committat,</strong></span> <span class='ocrx_word' id='word_1_23' title='bbox 1181 581 1253 616; x_wconf 88' lang='lat' dir='ltr'><strong>est</strong></span> <span class='ocrx_word' id='word_1_24' title='bbox 1298 575 1549 616; x_wconf 88' lang='lat' dir='ltr'><strong>secundum</strong></span> <span class='ocrx_word' id='word_1_25' title='bbox 1596 575 1781 617; x_wconf 88' lang='lat' dir='ltr'>Domini</span> 
     </span>
     <span class='ocr_line' id='line_1_6' title="bbox 282 639 729 694; baseline -0.002 -14"><span class='ocrx_word' id='word_1_26' title='bbox 282 639 438 688; x_wconf 91' lang='lat' dir='ltr'><strong>verba,</strong></span> <span class='ocrx_word' id='word_1_27' title='bbox 465 653 582 694; x_wconf 91' lang='lat' dir='ltr'><strong>quae</strong></span> <span class='ocrx_word' id='word_1_28' title='bbox 607 645 729 688; x_wconf 88' lang='lat' dir='ltr'><strong>sunt,</strong></span> 
     </span>
    </p>
   </div>
   <div class='ocr_carea' id='block_1_4' title="bbox 348 728 1782 857">
    <p class='ocr_par' dir='ltr' id='par_1_4' title="bbox 348 728 1782 857">
     <span class='ocr_line' id='line_1_7' title="bbox 348 728 1782 772; baseline 0 -11"><span class='ocrx_word' id='word_1_29' title='bbox 348 730 454 772; x_wconf 76' lang='lat' dir='ltr'><strong>Quod</strong></span> <span class='ocrx_word' id='word_1_30' title='bbox 471 739 544 760; x_wconf 89' lang='lat' dir='ltr'><strong>non</strong></span> <span class='ocrx_word' id='word_1_31' title='bbox 561 728 668 761; x_wconf 89' lang='lat' dir='ltr'><strong>liceat</strong></span> <span class='ocrx_word' id='word_1_32' title='bbox 684 729 865 761; x_wconf 79' lang='lat' dir='ltr'><strong>dimittere</strong></span> <span class='ocrx_word' id='word_1_33' title='bbox 877 738 1038 767; x_wconf 80' lang='lat' dir='ltr'><strong>uxorem,</strong></span> <span class='ocrx_word' id='word_1_34' title='bbox 1055 729 1139 770; x_wconf 87' lang='lat' dir='ltr'><strong>quia</strong></span> <span class='ocrx_word' id='word_1_35' title='bbox 1154 729 1200 760; x_wconf 92' lang='lat' dir='ltr'><strong>ab</strong></span> <span class='ocrx_word' id='word_1_36' title='bbox 1216 729 1319 760; x_wconf 88' lang='lat' dir='ltr'><strong>initio</strong></span> <span class='ocrx_word' id='word_1_37' title='bbox 1333 729 1443 761; x_wconf 86' lang='lat' dir='ltr'><strong>creati</strong></span> <span class='ocrx_word' id='word_1_38' title='bbox 1461 735 1546 761; x_wconf 91' lang='lat' dir='ltr'><strong>sunt</strong></span> <span class='ocrx_word' id='word_1_39' title='bbox 1562 736 1601 762; x_wconf 90' lang='lat' dir='ltr'><strong>ut</strong></span> <span class='ocrx_word' id='word_1_40' title='bbox 1618 730 1691 761; x_wconf 88' lang='lat' dir='ltr'><strong>sint</strong></span> <span class='ocrx_word' id='word_1_41' title='bbox 1707 739 1782 762; x_wconf 85' lang='lat' dir='ltr'><strong>una</strong></span> 
     </span>
     <span class='ocr_line' id='line_1_8' title="bbox 458 773 1779 814; baseline 0.001 -10"><span class='ocrx_word' id='word_1_42' title='bbox 458 783 563 811; x_wconf 88' lang='lat' dir='ltr'><strong>caro;</strong></span> <span class='ocrx_word' id='word_1_43' title='bbox 589 779 624 804; x_wconf 91' lang='lat' dir='ltr'><strong>et</strong></span> <span class='ocrx_word' id='word_1_44' title='bbox 644 774 739 814; x_wconf 89' lang='lat' dir='ltr'><strong>quod</strong></span> <span class='ocrx_word' id='word_1_45' title='bbox 758 773 818 814; x_wconf 91' lang='lat' dir='ltr'><strong>qui</strong></span> <span class='ocrx_word' id='word_1_46' title='bbox 837 773 1013 805; x_wconf 85' lang='lat' dir='ltr'><strong>dimiserit</strong></span> <span class='ocrx_word' id='word_1_47' title='bbox 1032 774 1167 814; x_wconf 86' lang='lat' dir='ltr'><strong>absque</strong></span> <span class='ocrx_word' id='word_1_48' title='bbox 1187 773 1285 813; x_wconf 84' lang='lat' dir='ltr'><strong>justa</strong></span> <span class='ocrx_word' id='word_1_49' title='bbox 1304 783 1424 811; x_wconf 89' lang='lat' dir='ltr'><strong>causa,</strong></span> <span class='ocrx_word' id='word_1_50' title='bbox 1442 780 1477 805; x_wconf 89' lang='lat' dir='ltr'><strong>et</strong></span> <span class='ocrx_word' id='word_1_51' title='bbox 1500 774 1609 806; x_wconf 88' lang='lat' dir='ltr'><strong>aliam</strong></span> <span class='ocrx_word' id='word_1_52' title='bbox 1629 774 1779 811; x_wconf 85' lang='lat' dir='ltr'><strong>duxerit,</strong></span> 
     </span>
     <span class='ocr_line' id='line_1_9' title="bbox 455 817 1265 857; baseline 0 -9"><span class='ocrx_word' id='word_1_53' title='bbox 455 817 670 849; x_wconf 85' lang='lat' dir='ltr'><strong>adulterium</strong></span> <span class='ocrx_word' id='word_1_54' title='bbox 688 817 891 849; x_wconf 86' lang='lat' dir='ltr'><strong>committat</strong></span> <span class='ocrx_word' id='word_1_55' title='bbox 908 817 1050 856; x_wconf 78' lang='lat' dir='ltr'><em>(Matth.</em></span> <span class='ocrx_word' id='word_1_56' title='bbox 1067 817 1129 848; x_wconf 87' lang='lat' dir='ltr'><strong>xix</strong></span> <span class='ocrx_word' id='word_1_57' title='bbox 1146 817 1265 857; x_wconf 83' lang='lat'>3-11);</span> 
     </span>
    </p>
   </div>
   <div class='ocr_carea' id='block_1_5' title="bbox 280 898 1780 1207">
    <p class='ocr_par' dir='ltr' id='par_1_5' title="bbox 280 898 1780 1207">
     <span class='ocr_line' id='line_1_10' title="bbox 280 898 1779 954; baseline -0.001 -13"><span class='ocrx_word' id='word_1_58' title='bbox 280 900 347 941; x_wconf 90' lang='lat' dir='ltr'><strong>ita</strong></span> <span class='ocrx_word' id='word_1_59' title='bbox 378 898 478 954; x_wconf 92' lang='lat' dir='ltr'><strong>plus</strong></span> <span class='ocrx_word' id='word_1_60' title='bbox 510 899 674 948; x_wconf 90' lang='lat' dir='ltr'><strong>adhuc,</strong></span> <span class='ocrx_word' id='word_1_61' title='bbox 707 899 781 952; x_wconf 91' lang='lat' dir='ltr'><strong>qui</strong></span> <span class='ocrx_word' id='word_1_62' title='bbox 813 912 904 940; x_wconf 91' lang='lat' dir='ltr'><strong>non</strong></span> <span class='ocrx_word' id='word_1_63' title='bbox 936 898 1144 946; x_wconf 85' lang='lat' dir='ltr'><strong>dimittit,</strong></span> <span class='ocrx_word' id='word_1_64' title='bbox 1178 898 1260 939; x_wconf 92' lang='lat' dir='ltr'><strong>sed</strong></span> <span class='ocrx_word' id='word_1_65' title='bbox 1291 899 1462 940; x_wconf 88' lang='lat' dir='ltr'><strong>retinet</strong></span> <span class='ocrx_word' id='word_1_66' title='bbox 1493 911 1700 948; x_wconf 85' lang='lat' dir='ltr'><strong>uxorem,</strong></span> <span class='ocrx_word' id='word_1_67' title='bbox 1732 906 1779 940; x_wconf 91' lang='lat' dir='ltr'><strong>et</strong></span> 
     </span>
     <span class='ocr_line' id='line_1_11' title="bbox 280 961 1780 1016; baseline -0.001 -12"><span class='ocrx_word' id='word_1_68' title='bbox 280 963 418 1004; x_wconf 91' lang='lat' dir='ltr'><strong>aliam</strong></span> <span class='ocrx_word' id='word_1_69' title='bbox 442 962 768 1016; x_wconf 88' lang='lat' dir='ltr'><strong>superinducit.</strong></span> <span class='ocrx_word' id='word_1_70' title='bbox 831 962 960 1003; x_wconf 89' lang='lat' dir='ltr'><strong>Haec</strong></span> <span class='ocrx_word' id='word_1_71' title='bbox 983 975 1010 1002; x_wconf 93' lang='lat' dir='ltr'><strong>a</strong></span> <span class='ocrx_word' id='word_1_72' title='bbox 1036 961 1236 1002; x_wconf 89' lang='lat' dir='ltr'><strong>Domino</strong></span> <span class='ocrx_word' id='word_1_73' title='bbox 1259 961 1355 1003; x_wconf 86' lang='lat' dir='ltr'><strong>lata</strong></span> <span class='ocrx_word' id='word_1_74' title='bbox 1377 961 1455 1003; x_wconf 89' lang='lat' dir='ltr'><strong>lex</strong></span> <span class='ocrx_word' id='word_1_75' title='bbox 1478 963 1534 1003; x_wconf 91' lang='lat' dir='ltr'><strong>de</strong></span> <span class='ocrx_word' id='word_1_76' title='bbox 1557 962 1780 1016; x_wconf 87' lang='lat' dir='ltr'><strong>conjugiis</strong></span> 
     </span>
     <span class='ocr_line' id='line_1_12' title="bbox 281 1024 1780 1080; baseline -0.001 -12"><span class='ocrx_word' id='word_1_77' title='bbox 281 1027 407 1068; x_wconf 89' lang='lat' dir='ltr'><strong>ducit</strong></span> <span class='ocrx_word' id='word_1_78' title='bbox 433 1027 661 1067; x_wconf 90' lang='lat' dir='ltr'><strong>internam</strong></span> <span class='ocrx_word' id='word_1_79' title='bbox 685 1038 871 1067; x_wconf 86' lang='lat' dir='ltr'><strong>causam</strong></span> <span class='ocrx_word' id='word_1_80' title='bbox 908 1040 968 1066; x_wconf 88' lang='lat' dir='ltr'><strong>ex</strong></span> <span class='ocrx_word' id='word_1_81' title='bbox 1000 1024 1213 1078; x_wconf 88' lang='lat' dir='ltr'><strong>conjugio</strong></span> <span class='ocrx_word' id='word_1_82' title='bbox 1240 1025 1489 1078; x_wconf 89' lang='lat' dir='ltr'><strong>spirituali;</strong></span> <span class='ocrx_word' id='word_1_83' title='bbox 1523 1039 1628 1066; x_wconf 91' lang='lat' dir='ltr'><strong>nam</strong></span> <span class='ocrx_word' id='word_1_84' title='bbox 1654 1027 1780 1080; x_wconf 90' lang='lat' dir='ltr'><strong>quic-</strong></span> 
     </span>
     <span class='ocr_line' id='line_1_13' title="bbox 281 1088 1778 1144; baseline -0.001 -13"><span class='ocrx_word' id='word_1_85' title='bbox 281 1091 388 1144; x_wconf 90' lang='lat' dir='ltr'><strong>quid</strong></span> <span class='ocrx_word' id='word_1_86' title='bbox 412 1090 634 1131; x_wconf 88' lang='lat' dir='ltr'><strong>Dominus</strong></span> <span class='ocrx_word' id='word_1_87' title='bbox 657 1089 837 1131; x_wconf 89' lang='lat' dir='ltr'><strong>locutus</strong></span> <span class='ocrx_word' id='word_1_88' title='bbox 859 1095 946 1139; x_wconf 90' lang='lat' dir='ltr'><strong>est,</strong></span> <span class='ocrx_word' id='word_1_89' title='bbox 969 1089 1014 1130; x_wconf 91' lang='lat' dir='ltr'><strong>in</strong></span> <span class='ocrx_word' id='word_1_90' title='bbox 1036 1102 1084 1130; x_wconf 90' lang='lat' dir='ltr'><strong>se</strong></span> <span class='ocrx_word' id='word_1_91' title='bbox 1107 1088 1342 1143; x_wconf 87' lang='lat' dir='ltr'><strong>spirituale</strong></span> <span class='ocrx_word' id='word_1_92' title='bbox 1363 1089 1469 1140; x_wconf 89' lang='lat' dir='ltr'><strong>fuit;</strong></span> <span class='ocrx_word' id='word_1_93' title='bbox 1502 1089 1624 1143; x_wconf 91' lang='lat' dir='ltr'><strong>quod</strong></span> <span class='ocrx_word' id='word_1_94' title='bbox 1645 1089 1778 1131; x_wconf 91' lang='lat' dir='ltr'><strong>intel-</strong></span> 
     </span>
     <span class='ocr_line' id='line_1_14' title="bbox 281 1153 694 1207; baseline -0.002 -12"><span class='ocrx_word' id='word_1_95' title='bbox 281 1153 437 1207; x_wconf 87' lang='lat' dir='ltr'><strong>ligitur</strong></span> <span class='ocrx_word' id='word_1_96' title='bbox 461 1167 541 1207; x_wconf 91' lang='lat' dir='ltr'><strong>per</strong></span> <span class='ocrx_word' id='word_1_97' title='bbox 565 1153 694 1202; x_wconf 90' lang='lat' dir='ltr'><strong>haec,</strong></span> 
     </span>
    </p>
   </div>
   <div class='ocr_carea' id='block_1_6' title="bbox 348 1239 1779 1284">
    <p class='ocr_par' dir='ltr' id='par_1_6' title="bbox 348 1239 1779 1284">
     <span class='ocr_line' id='line_1_15' title="bbox 348 1239 1779 1284; baseline 0 -9"><span class='ocrx_word' id='word_1_98' title='bbox 348 1245 367 1258; x_wconf 93' lang='grc'>“</span> <span class='ocrx_word' id='word_1_99' title='bbox 378 1243 507 1281; x_wconf 88' lang='lat' dir='ltr'><strong>Verba,</strong></span> <span class='ocrx_word' id='word_1_100' title='bbox 521 1252 612 1284; x_wconf 88' lang='lat' dir='ltr'><strong>quae</strong></span> <span class='ocrx_word' id='word_1_101' title='bbox 627 1242 704 1283; x_wconf 91' lang='lat' dir='ltr'><strong>Ego</strong></span> <span class='ocrx_word' id='word_1_102' title='bbox 717 1242 845 1284; x_wconf 89' lang='lat' dir='ltr'><strong>loquor</strong></span> <span class='ocrx_word' id='word_1_103' title='bbox 859 1241 972 1280; x_wconf 81' lang='lat' dir='ltr'><strong>vobis,</strong></span> <span class='ocrx_word' id='word_1_104' title='bbox 986 1241 1132 1283; x_wconf 88' lang='lat' dir='ltr'><strong>spiritus</strong></span> <span class='ocrx_word' id='word_1_105' title='bbox 1146 1247 1230 1274; x_wconf 88' lang='lat' dir='ltr'><strong>sunt</strong></span> <span class='ocrx_word' id='word_1_106' title='bbox 1242 1247 1278 1273; x_wconf 88' lang='lat' dir='ltr'><strong>et</strong></span> <span class='ocrx_word' id='word_1_107' title='bbox 1291 1241 1365 1273; x_wconf 88' lang='lat' dir='ltr'><strong>vita</strong></span> <span class='ocrx_word' id='word_1_108' title='bbox 1378 1247 1462 1273; x_wconf 89' lang='lat' dir='ltr'><strong>sunt</strong></span> <span class='ocrx_word' id='word_1_109' title='bbox 1472 1240 1491 1253; x_wconf 85' lang='lat'><strong>&#39;’</strong></span> <span class='ocrx_word' id='word_1_110' title='bbox 1505 1240 1604 1284; x_wconf 79' lang='lat' dir='ltr'><em>(Joh.</em></span> <span class='ocrx_word' id='word_1_111' title='bbox 1619 1239 1701 1274; x_wconf 78' lang='lat' dir='ltr'><strong>1¹1vi.</strong></span> <span class='ocrx_word' id='word_1_112' title='bbox 1712 1242 1779 1283; x_wconf 87' lang='lat'>63).</span> 
     </span>
    </p>
   </div>
   <div class='ocr_carea' id='block_1_7' title="bbox 276 1335 1781 3040">
    <p class='ocr_par' dir='ltr' id='par_1_7' title="bbox 276 1335 1781 3040">
     <span class='ocr_line' id='line_1_16' title="bbox 281 1335 1778 1392; baseline -0.001 -14"><span class='ocrx_word' id='word_1_113' title='bbox 281 1335 531 1392; x_wconf 87' lang='lat' dir='ltr'><strong>Spirituale</strong></span> <span class='ocrx_word' id='word_1_114' title='bbox 565 1336 687 1390; x_wconf 91' lang='lat' dir='ltr'><strong>quod</strong></span> <span class='ocrx_word' id='word_1_115' title='bbox 728 1336 863 1384; x_wconf 87' lang='lat' dir='ltr'><strong>inest,</strong></span> <span class='ocrx_word' id='word_1_116' title='bbox 906 1342 977 1377; x_wconf 91' lang='lat' dir='ltr'><strong>est</strong></span> <span class='ocrx_word' id='word_1_117' title='bbox 1018 1335 1122 1385; x_wconf 90' lang='lat' dir='ltr'><strong>hoc,</strong></span> <span class='ocrx_word' id='word_1_118' title='bbox 1155 1335 1277 1389; x_wconf 92' lang='lat' dir='ltr'><strong>quod</strong></span> <span class='ocrx_word' id='word_1_119' title='bbox 1318 1349 1398 1389; x_wconf 90' lang='lat' dir='ltr'><strong>per</strong></span> <span class='ocrx_word' id='word_1_120' title='bbox 1437 1335 1778 1389; x_wconf 87' lang='lat' dir='ltr'><strong>polygamicum</strong></span> 
     </span>
     <span class='ocr_line' id='line_1_17' title="bbox 281 1398 1778 1454; baseline -0.001 -12"><span class='ocrx_word' id='word_1_121' title='bbox 281 1400 543 1454; x_wconf 85' lang='lat' dir='ltr'><strong>conjugium</strong></span> <span class='ocrx_word' id='word_1_122' title='bbox 577 1401 640 1441; x_wconf 30' lang='lat' dir='ltr'><strong>inv·</strong></span> <span class='ocrx_word' id='word_1_123' title='bbox 660 1399 922 1441; x_wconf 86' lang='lat' dir='ltr'><strong>Christiano</strong></span> <span class='ocrx_word' id='word_1_124' title='bbox 954 1399 1078 1448; x_wconf 91' lang='lat' dir='ltr'><strong>orbe,</strong></span> <span class='ocrx_word' id='word_1_125' title='bbox 1107 1398 1370 1452; x_wconf 86' lang='lat' dir='ltr'><strong>profanetur</strong></span> <span class='ocrx_word' id='word_1_126' title='bbox 1396 1398 1656 1452; x_wconf 87' lang='lat' dir='ltr'><strong>conjugium</strong></span> <span class='ocrx_word' id='word_1_127' title='bbox 1683 1399 1778 1441; x_wconf 93' lang='lat' dir='ltr'><strong>Do-</strong></span> 
     </span>
     <span class='ocr_line' id='line_1_18' title="bbox 281 1461 1779 1515; baseline -0.001 -9"><span class='ocrx_word' id='word_1_128' title='bbox 281 1465 390 1506; x_wconf 87' lang='lat' dir='ltr'><strong>mini</strong></span> <span class='ocrx_word' id='word_1_129' title='bbox 421 1469 468 1505; x_wconf 88' lang='lat' dir='ltr'><strong>et</strong></span> <span class='ocrx_word' id='word_1_130' title='bbox 506 1462 773 1514; x_wconf 88' lang='lat' dir='ltr'><strong>Ecclesiae;</strong></span> <span class='ocrx_word' id='word_1_131' title='bbox 817 1462 1024 1504; x_wconf 89' lang='lat' dir='ltr'><strong>similiter</strong></span> <span class='ocrx_word' id='word_1_132' title='bbox 1056 1461 1315 1515; x_wconf 86' lang='lat' dir='ltr'><strong>conjugium</strong></span> <span class='ocrx_word' id='word_1_133' title='bbox 1341 1462 1449 1503; x_wconf 90' lang='lat' dir='ltr'><strong>boni</strong></span> <span class='ocrx_word' id='word_1_134' title='bbox 1481 1468 1528 1503; x_wconf 91' lang='lat' dir='ltr'><strong>et</strong></span> <span class='ocrx_word' id='word_1_135' title='bbox 1564 1463 1688 1514; x_wconf 91' lang='lat' dir='ltr'><strong>veri;</strong></span> <span class='ocrx_word' id='word_1_136' title='bbox 1732 1470 1779 1504; x_wconf 90' lang='lat' dir='ltr'><strong>et</strong></span> 
     </span>
     <span class='ocr_line' id='line_1_19' title="bbox 281 1525 1781 1581; baseline -0.001 -13"><span class='ocrx_word' id='word_1_137' title='bbox 281 1529 466 1581; x_wconf 86' lang='lat' dir='ltr'><strong>insuper</strong></span> <span class='ocrx_word' id='word_1_138' title='bbox 500 1526 721 1575; x_wconf 87' lang='lat' dir='ltr'><strong>Verbum,</strong></span> <span class='ocrx_word' id='word_1_139' title='bbox 749 1533 796 1567; x_wconf 91' lang='lat' dir='ltr'><strong>et</strong></span> <span class='ocrx_word' id='word_1_140' title='bbox 834 1539 935 1567; x_wconf 92' lang='lat' dir='ltr'><strong>cum</strong></span> <span class='ocrx_word' id='word_1_141' title='bbox 970 1525 1130 1566; x_wconf 91' lang='lat' dir='ltr'><strong>Verbo</strong></span> <span class='ocrx_word' id='word_1_142' title='bbox 1162 1525 1383 1576; x_wconf 87' lang='lat' dir='ltr'><strong>ecclesia;</strong></span> <span class='ocrx_word' id='word_1_143' title='bbox 1430 1539 1482 1566; x_wconf 89' lang='lat' dir='ltr'><strong>ac</strong></span> <span class='ocrx_word' id='word_1_144' title='bbox 1523 1526 1781 1579; x_wconf 84' lang='lat' dir='ltr'><strong>profanatio</strong></span> 
     </span>
     <span class='ocr_line' id='line_1_20' title="bbox 282 1586 1780 1642; baseline -0.002 -10"><span class='ocrx_word' id='word_1_145' title='bbox 282 1591 462 1632; x_wconf 90' lang='lat' dir='ltr'><strong>illorum</strong></span> <span class='ocrx_word' id='word_1_146' title='bbox 496 1596 568 1631; x_wconf 90' lang='lat' dir='ltr'><strong>est</strong></span> <span class='ocrx_word' id='word_1_147' title='bbox 605 1589 879 1631; x_wconf 87' lang='lat' dir='ltr'><strong>adulterium</strong></span> <span class='ocrx_word' id='word_1_148' title='bbox 913 1588 1158 1642; x_wconf 87' lang='lat' dir='ltr'><strong>spirituale.</strong></span> <span class='ocrx_word' id='word_1_149' title='bbox 1216 1586 1350 1641; x_wconf 81' lang='lat' dir='ltr'><strong>Quod</strong></span> <span class='ocrx_word' id='word_1_150' title='bbox 1387 1589 1645 1642; x_wconf 86' lang='lat' dir='ltr'><strong>profanatio</strong></span> <span class='ocrx_word' id='word_1_151' title='bbox 1673 1589 1780 1630; x_wconf 90' lang='lat' dir='ltr'><strong>boni</strong></span> 
     </span>
     <span class='ocr_line' id='line_1_21' title="bbox 280 1651 1778 1706; baseline -0.001 -10"><span class='ocrx_word' id='word_1_152' title='bbox 280 1661 328 1696; x_wconf 89' lang='lat' dir='ltr'><strong>et</strong></span> <span class='ocrx_word' id='word_1_153' title='bbox 362 1655 457 1695; x_wconf 91' lang='lat' dir='ltr'><strong>veri</strong></span> <span class='ocrx_word' id='word_1_154' title='bbox 502 1653 726 1695; x_wconf 87' lang='lat' dir='ltr'><strong>ecclesiae</strong></span> <span class='ocrx_word' id='word_1_155' title='bbox 767 1667 826 1694; x_wconf 88' lang='lat' dir='ltr'><strong>ex</strong></span> <span class='ocrx_word' id='word_1_156' title='bbox 859 1652 1016 1694; x_wconf 93' lang='lat' dir='ltr'><strong>Verbo</strong></span> <span class='ocrx_word' id='word_1_157' title='bbox 1053 1652 1414 1706; x_wconf 86' lang='lat' dir='ltr'><strong>correspondeat</strong></span> <span class='ocrx_word' id='word_1_158' title='bbox 1454 1651 1696 1701; x_wconf 89' lang='lat' dir='ltr'><strong>adulterio,</strong></span> <span class='ocrx_word' id='word_1_159' title='bbox 1730 1659 1778 1694; x_wconf 89' lang='lat' dir='ltr'><strong>et</strong></span> 
     </span>
     <span class='ocr_line' id='line_1_22' title="bbox 281 1715 1780 1771; baseline -0.001 -13"><span class='ocrx_word' id='word_1_160' title='bbox 281 1717 403 1771; x_wconf 93' lang='lat' dir='ltr'><strong>quod</strong></span> <span class='ocrx_word' id='word_1_161' title='bbox 440 1717 546 1758; x_wconf 90' lang='lat' dir='ltr'><strong>inde</strong></span> <span class='ocrx_word' id='word_1_162' title='bbox 583 1717 642 1758; x_wconf 86' lang='lat' dir='ltr'><strong>sit</strong></span> <span class='ocrx_word' id='word_1_163' title='bbox 679 1716 954 1758; x_wconf 86' lang='lat' dir='ltr'><strong>adulterium</strong></span> <span class='ocrx_word' id='word_1_164' title='bbox 994 1715 1245 1770; x_wconf 86' lang='lat' dir='ltr'><strong>spirituale,</strong></span> <span class='ocrx_word' id='word_1_165' title='bbox 1274 1722 1321 1757; x_wconf 91' lang='lat' dir='ltr'><strong>et</strong></span> <span class='ocrx_word' id='word_1_166' title='bbox 1359 1715 1481 1769; x_wconf 93' lang='lat' dir='ltr'><strong>quod</strong></span> <span class='ocrx_word' id='word_1_167' title='bbox 1521 1715 1780 1757; x_wconf 86' lang='lat' dir='ltr'><strong>falsificatio</strong></span> 
     </span>
     <span class='ocr_line' id='line_1_23' title="bbox 281 1778 1778 1832; baseline -0.001 -11"><span class='ocrx_word' id='word_1_168' title='bbox 281 1780 388 1822; x_wconf 90' lang='lat' dir='ltr'><strong>boni</strong></span> <span class='ocrx_word' id='word_1_169' title='bbox 419 1785 466 1821; x_wconf 87' lang='lat' dir='ltr'><strong>et</strong></span> <span class='ocrx_word' id='word_1_170' title='bbox 496 1780 590 1821; x_wconf 90' lang='lat' dir='ltr'><strong>veri</strong></span> <span class='ocrx_word' id='word_1_171' title='bbox 616 1779 838 1828; x_wconf 87' lang='lat' dir='ltr'><strong>similiter,</strong></span> <span class='ocrx_word' id='word_1_172' title='bbox 867 1778 946 1820; x_wconf 90' lang='lat' dir='ltr'><strong>sed</strong></span> <span class='ocrx_word' id='word_1_173' title='bbox 979 1779 1023 1819; x_wconf 92' lang='lat' dir='ltr'><strong>in</strong></span> <span class='ocrx_word' id='word_1_174' title='bbox 1056 1779 1220 1820; x_wconf 91' lang='lat' dir='ltr'><strong>minori</strong></span> <span class='ocrx_word' id='word_1_175' title='bbox 1245 1779 1406 1832; x_wconf 88' lang='lat' dir='ltr'><strong>gradu,</strong></span> <span class='ocrx_word' id='word_1_176' title='bbox 1434 1778 1645 1820; x_wconf 89' lang='lat' dir='ltr'><strong>videatur</strong></span> <span class='ocrx_word' id='word_1_177' title='bbox 1670 1792 1778 1820; x_wconf 90' lang='lat' dir='ltr'><strong>con-</strong></span> 
     </span>
     <span class='ocr_line' id='line_1_24' title="bbox 281 1840 1779 1896; baseline 0 -12"><span class='ocrx_word' id='word_1_178' title='bbox 281 1842 509 1884; x_wconf 85' lang='lat' dir='ltr'><strong>firmatum</strong></span> <span class='ocrx_word' id='word_1_179' title='bbox 554 1843 598 1883; x_wconf 88' lang='lat' dir='ltr'><strong>in</strong></span> <span class='ocrx_word' id='word_1_180' title='bbox 643 1841 923 1895; x_wconf 81' lang='lat' dir='ltr'><strong>Apocalypsi</strong></span> <span class='ocrx_word' id='word_1_181' title='bbox 957 1842 1172 1883; x_wconf 82' lang='lat' dir='ltr'><strong>Revelata</strong></span> <span class='ocrx_word' id='word_1_182' title='bbox 1220 1841 1282 1896; x_wconf 92' lang='lat' dir='ltr'><strong>(n.</strong></span> <span class='ocrx_word' id='word_1_183' title='bbox 1334 1840 1447 1895; x_wconf 85' lang='lat'>134).</span> <span class='ocrx_word' id='word_1_184' title='bbox 1517 1841 1652 1895; x_wconf 81' lang='lat' dir='ltr'><strong>Quod</strong></span> <span class='ocrx_word' id='word_1_185' title='bbox 1699 1855 1779 1896; x_wconf 90' lang='lat' dir='ltr'><strong>per</strong></span> 
     </span>
     <span class='ocr_line' id='line_1_25' title="bbox 281 1905 1778 1960; baseline -0.001 -12"><span class='ocrx_word' id='word_1_186' title='bbox 281 1906 492 1960; x_wconf 87' lang='lat' dir='ltr'><strong>conjugia</strong></span> <span class='ocrx_word' id='word_1_187' title='bbox 520 1906 814 1960; x_wconf 87' lang='lat' dir='ltr'><strong>polygamica</strong></span> <span class='ocrx_word' id='word_1_188' title='bbox 845 1906 964 1960; x_wconf 90' lang='lat' dir='ltr'><strong>apud</strong></span> <span class='ocrx_word' id='word_1_189' title='bbox 994 1905 1296 1954; x_wconf 87' lang='lat' dir='ltr'><strong>Christianos,</strong></span> <span class='ocrx_word' id='word_1_190' title='bbox 1326 1906 1643 1958; x_wconf 89' lang='lat' dir='ltr'><strong>profanaretur</strong></span> <span class='ocrx_word' id='word_1_191' title='bbox 1668 1919 1778 1947; x_wconf 84' lang='lat' dir='ltr'><strong>con-</strong></span> 
     </span>
     <span class='ocr_line' id='line_1_26' title="bbox 276 1969 1778 2024; baseline -0.001 -13"><span class='ocrx_word' id='word_1_192' title='bbox 276 1970 449 2024; x_wconf 85' lang='lat' dir='ltr'><strong>jugium</strong></span> <span class='ocrx_word' id='word_1_193' title='bbox 492 1970 677 2011; x_wconf 90' lang='lat' dir='ltr'><strong>Domini</strong></span> <span class='ocrx_word' id='word_1_194' title='bbox 721 1976 768 2011; x_wconf 90' lang='lat' dir='ltr'><strong>et</strong></span> <span class='ocrx_word' id='word_1_195' title='bbox 811 1970 1064 2018; x_wconf 88' lang='lat' dir='ltr'><strong>Ecclesiae,</strong></span> <span class='ocrx_word' id='word_1_196' title='bbox 1102 1976 1174 2011; x_wconf 87' lang='lat' dir='ltr'><strong>est</strong></span> <span class='ocrx_word' id='word_1_197' title='bbox 1221 1969 1325 2023; x_wconf 88' lang='lat' dir='ltr'><strong>quia</strong></span> <span class='ocrx_word' id='word_1_198' title='bbox 1369 1969 1778 2022; x_wconf 89' lang='lat' dir='ltr'><strong>correspondentia</strong></span> 
     </span>
     <span class='ocr_line' id='line_1_27' title="bbox 280 2032 1778 2087; baseline -0.002 -11"><span class='ocrx_word' id='word_1_199' title='bbox 280 2034 416 2076; x_wconf 90' lang='lat' dir='ltr'><strong>datur</strong></span> <span class='ocrx_word' id='word_1_200' title='bbox 452 2035 572 2076; x_wconf 90' lang='lat' dir='ltr'><strong>inter</strong></span> <span class='ocrx_word' id='word_1_201' title='bbox 613 2034 828 2074; x_wconf 87' lang='lat' dir='ltr'><strong>Divinum</strong></span> <span class='ocrx_word' id='word_1_202' title='bbox 869 2033 982 2074; x_wconf 90' lang='lat' dir='ltr'><strong>illud</strong></span> <span class='ocrx_word' id='word_1_203' title='bbox 1020 2032 1281 2087; x_wconf 88' lang='lat' dir='ltr'><strong>conjugium</strong></span> <span class='ocrx_word' id='word_1_204' title='bbox 1319 2038 1366 2074; x_wconf 91' lang='lat' dir='ltr'><strong>et</strong></span> <span class='ocrx_word' id='word_1_205' title='bbox 1407 2033 1526 2074; x_wconf 89' lang='lat' dir='ltr'><strong>inter</strong></span> <span class='ocrx_word' id='word_1_206' title='bbox 1566 2032 1778 2086; x_wconf 88' lang='lat' dir='ltr'><strong>conjugia</strong></span> 
     </span>
     <span class='ocr_line' id='line_1_28' title="bbox 281 2094 1778 2151; baseline -0.002 -11"><span class='ocrx_word' id='word_1_207' title='bbox 281 2097 642 2140; x_wconf 89' lang='lat' dir='ltr'><strong>Christianorum</strong></span> <span class='ocrx_word' id='word_1_208' title='bbox 672 2096 750 2151; x_wconf 92' lang='lat' dir='ltr'><strong>(de</strong></span> <span class='ocrx_word' id='word_1_209' title='bbox 782 2111 870 2151; x_wconf 85' lang='lat' dir='ltr'><strong>qua</strong></span> <span class='ocrx_word' id='word_1_210' title='bbox 895 2097 1103 2139; x_wconf 90' lang='lat' dir='ltr'><strong>videatur</strong></span> <span class='ocrx_word' id='word_1_211' title='bbox 1129 2111 1278 2151; x_wconf 87' lang='lat' dir='ltr'><strong>supra,</strong></span> <span class='ocrx_word' id='word_1_212' title='bbox 1308 2110 1349 2137; x_wconf 91' lang='lat' dir='ltr'><strong>n.</strong></span> <span class='ocrx_word' id='word_1_213' title='bbox 1377 2094 1630 2151; x_wconf 71' lang='lat' dir='ltr'><strong>t²¹83—102);</strong></span> <span class='ocrx_word' id='word_1_214' title='bbox 1663 2097 1778 2151; x_wconf 70' lang='lat' dir='ltr'><strong>c&#39;luae</strong></span> 
     </span>
     <span class='ocr_line' id='line_1_29' title="bbox 279 2159 1778 2216; baseline -0.001 -14"><span class='ocrx_word' id='word_1_215' title='bbox 279 2162 689 2215; x_wconf 86' lang='lat' dir='ltr'><strong>correspondentia</strong></span> <span class='ocrx_word' id='word_1_216' title='bbox 711 2175 895 2216; x_wconf 88' lang='lat' dir='ltr'><strong>prorsus</strong></span> <span class='ocrx_word' id='word_1_217' title='bbox 922 2161 1056 2214; x_wconf 87' lang='lat' dir='ltr'><strong>perit,</strong></span> <span class='ocrx_word' id='word_1_218' title='bbox 1075 2161 1112 2201; x_wconf 90' lang='lat' dir='ltr'><strong>si</strong></span> <span class='ocrx_word' id='word_1_219' title='bbox 1138 2161 1268 2201; x_wconf 86' lang='lat' dir='ltr'><strong>uxori</strong></span> <span class='ocrx_word' id='word_1_220' title='bbox 1290 2159 1554 2213; x_wconf 87' lang='lat' dir='ltr'><strong>adjungitur</strong></span> <span class='ocrx_word' id='word_1_221' title='bbox 1577 2174 1706 2210; x_wconf 86' lang='lat' dir='ltr'><strong>uxor,</strong></span> <span class='ocrx_word' id='word_1_222' title='bbox 1731 2167 1778 2201; x_wconf 87' lang='lat' dir='ltr'><strong>et</strong></span> 
     </span>
     <span class='ocr_line' id='line_1_30' title="bbox 279 2223 1777 2279; baseline -0.001 -13"><span class='ocrx_word' id='word_1_223' title='bbox 279 2238 381 2266; x_wconf 91' lang='lat' dir='ltr'><strong>cum</strong></span> <span class='ocrx_word' id='word_1_224' title='bbox 408 2224 487 2266; x_wconf 86' lang='lat' dir='ltr'><strong>illa</strong></span> <span class='ocrx_word' id='word_1_225' title='bbox 513 2226 647 2279; x_wconf 90' lang='lat' dir='ltr'><strong>perit,</strong></span> <span class='ocrx_word' id='word_1_226' title='bbox 675 2225 815 2267; x_wconf 90' lang='lat' dir='ltr'><strong>homo</strong></span> <span class='ocrx_word' id='word_1_227' title='bbox 839 2224 1007 2278; x_wconf 87' lang='lat' dir='ltr'><strong>conjux</strong></span> <span class='ocrx_word' id='word_1_228' title='bbox 1035 2237 1126 2266; x_wconf 89' lang='lat' dir='ltr'><strong>non</strong></span> <span class='ocrx_word' id='word_1_229' title='bbox 1152 2223 1347 2278; x_wconf 90' lang='lat' dir='ltr'><strong>amplius</strong></span> <span class='ocrx_word' id='word_1_230' title='bbox 1373 2230 1444 2264; x_wconf 91' lang='lat' dir='ltr'><strong>est</strong></span> <span class='ocrx_word' id='word_1_231' title='bbox 1479 2223 1777 2265; x_wconf 86' lang='lat' dir='ltr'><strong>Christianus.</strong></span> 
     </span>
     <span class='ocr_line' id='line_1_31' title="bbox 281 2286 1775 2342; baseline -0.002 -12"><span class='ocrx_word' id='word_1_232' title='bbox 281 2287 417 2341; x_wconf 84' lang='lat' dir='ltr'><strong>Quod</strong></span> <span class='ocrx_word' id='word_1_233' title='bbox 455 2302 534 2342; x_wconf 90' lang='lat' dir='ltr'><strong>per</strong></span> <span class='ocrx_word' id='word_1_234' title='bbox 566 2289 778 2342; x_wconf 85' lang='lat' dir='ltr'><strong>conjugia</strong></span> <span class='ocrx_word' id='word_1_235' title='bbox 810 2288 1103 2342; x_wconf 86' lang='lat' dir='ltr'><strong>polygamica</strong></span> <span class='ocrx_word' id='word_1_236' title='bbox 1135 2288 1256 2342; x_wconf 87' lang='lat' dir='ltr'><strong>apud</strong></span> <span class='ocrx_word' id='word_1_237' title='bbox 1289 2287 1593 2335; x_wconf 82' lang='lat' dir='ltr'><strong>Christianos,</strong></span> <span class='ocrx_word' id='word_1_238' title='bbox 1628 2286 1775 2340; x_wconf 89' lang='lat' dir='ltr'><strong>profa-</strong></span> 
     </span>
     <span class='ocr_line' id='line_1_32' title="bbox 281 2350 1775 2405; baseline -0.002 -11"><span class='ocrx_word' id='word_1_239' title='bbox 281 2359 413 2394; x_wconf 88' lang='lat' dir='ltr'><strong>netur</strong></span> <span class='ocrx_word' id='word_1_240' title='bbox 439 2351 698 2405; x_wconf 86' lang='lat' dir='ltr'><strong>conjugium</strong></span> <span class='ocrx_word' id='word_1_241' title='bbox 724 2353 831 2394; x_wconf 88' lang='lat' dir='ltr'><strong>boni</strong></span> <span class='ocrx_word' id='word_1_242' title='bbox 863 2359 911 2394; x_wconf 90' lang='lat' dir='ltr'><strong>et</strong></span> <span class='ocrx_word' id='word_1_243' title='bbox 948 2353 1056 2402; x_wconf 90' lang='lat' dir='ltr'><strong>veri,</strong></span> <span class='ocrx_word' id='word_1_244' title='bbox 1085 2357 1156 2393; x_wconf 84' lang='lat' dir='ltr'><strong>est</strong></span> <span class='ocrx_word' id='word_1_245' title='bbox 1191 2352 1296 2405; x_wconf 92' lang='lat' dir='ltr'><strong>quia</strong></span> <span class='ocrx_word' id='word_1_246' title='bbox 1332 2366 1392 2392; x_wconf 87' lang='lat' dir='ltr'><strong>ex</strong></span> <span class='ocrx_word' id='word_1_247' title='bbox 1424 2350 1649 2404; x_wconf 89' lang='lat' dir='ltr'><strong>spirituali</strong></span> <span class='ocrx_word' id='word_1_248' title='bbox 1688 2350 1775 2391; x_wconf 91' lang='lat' dir='ltr'><strong>hoc</strong></span> 
     </span>
     <span class='ocr_line' id='line_1_33' title="bbox 281 2414 1775 2469; baseline -0.002 -12"><span class='ocrx_word' id='word_1_249' title='bbox 281 2415 494 2469; x_wconf 86' lang='lat' dir='ltr'><strong>conjugio</strong></span> <span class='ocrx_word' id='word_1_250' title='bbox 525 2416 787 2457; x_wconf 88' lang='lat' dir='ltr'><strong>derivantur</strong></span> <span class='ocrx_word' id='word_1_251' title='bbox 818 2415 1029 2469; x_wconf 87' lang='lat' dir='ltr'><strong>conjugia</strong></span> <span class='ocrx_word' id='word_1_252' title='bbox 1059 2415 1103 2456; x_wconf 91' lang='lat' dir='ltr'><strong>in</strong></span> <span class='ocrx_word' id='word_1_253' title='bbox 1137 2415 1295 2465; x_wconf 87' lang='lat' dir='ltr'><strong>terris;</strong></span> <span class='ocrx_word' id='word_1_254' title='bbox 1337 2420 1384 2456; x_wconf 85' lang='lat' dir='ltr'><strong>et</strong></span> <span class='ocrx_word' id='word_1_255' title='bbox 1414 2414 1775 2456; x_wconf 86' lang='lat' dir='ltr'><strong>Christianorum</strong></span> 
     </span>
     <span class='ocr_line' id='line_1_34' title="bbox 281 2477 1775 2532; baseline -0.002 -12"><span class='ocrx_word' id='word_1_256' title='bbox 281 2479 494 2532; x_wconf 89' lang='lat' dir='ltr'><strong>conjugia</strong></span> <span class='ocrx_word' id='word_1_257' title='bbox 518 2492 545 2520; x_wconf 90' lang='lat' dir='ltr'><strong>a</strong></span> <span class='ocrx_word' id='word_1_258' title='bbox 571 2478 792 2532; x_wconf 86' lang='lat' dir='ltr'><strong>conjugiis</strong></span> <span class='ocrx_word' id='word_1_259' title='bbox 814 2478 1002 2520; x_wconf 86' lang='lat' dir='ltr'><strong>aliarum</strong></span> <span class='ocrx_word' id='word_1_260' title='bbox 1025 2479 1232 2532; x_wconf 87' lang='lat' dir='ltr'><strong>gentium</strong></span> <span class='ocrx_word' id='word_1_261' title='bbox 1254 2477 1465 2519; x_wconf 83' lang='lat' dir='ltr'><strong>differunt</strong></span> <span class='ocrx_word' id='word_1_262' title='bbox 1492 2478 1536 2518; x_wconf 91' lang='lat' dir='ltr'><strong>in</strong></span> <span class='ocrx_word' id='word_1_263' title='bbox 1562 2490 1631 2525; x_wconf 89' lang='lat' dir='ltr'><strong>eo,</strong></span> <span class='ocrx_word' id='word_1_264' title='bbox 1655 2477 1775 2530; x_wconf 93' lang='lat' dir='ltr'><strong>quod</strong></span> 
     </span>
     <span class='ocr_line' id='line_1_35' title="bbox 281 2541 1773 2590; baseline -0.003 -7"><span class='ocrx_word' id='word_1_265' title='bbox 281 2543 398 2584; x_wconf 88' lang='lat' dir='ltr'><strong>sicut</strong></span> <span class='ocrx_word' id='word_1_266' title='bbox 424 2543 594 2583; x_wconf 88' lang='lat' dir='ltr'><strong>bonum</strong></span> <span class='ocrx_word' id='word_1_267' title='bbox 616 2549 741 2584; x_wconf 87' lang='lat' dir='ltr'><strong>amat</strong></span> <span class='ocrx_word' id='word_1_268' title='bbox 765 2555 920 2584; x_wconf 90' lang='lat' dir='ltr'><strong>verum</strong></span> <span class='ocrx_word' id='word_1_269' title='bbox 947 2555 998 2583; x_wconf 87' lang='lat' dir='ltr'><strong>ac</strong></span> <span class='ocrx_word' id='word_1_270' title='bbox 1026 2555 1181 2583; x_wconf 89' lang='lat' dir='ltr'><strong>verum</strong></span> <span class='ocrx_word' id='word_1_271' title='bbox 1205 2541 1390 2590; x_wconf 90' lang='lat' dir='ltr'><strong>bonum,</strong></span> <span class='ocrx_word' id='word_1_272' title='bbox 1415 2554 1466 2582; x_wconf 91' lang='lat' dir='ltr'><strong>ac</strong></span> <span class='ocrx_word' id='word_1_273' title='bbox 1495 2553 1632 2580; x_wconf 91' lang='lat' dir='ltr'><strong>unum</strong></span> <span class='ocrx_word' id='word_1_274' title='bbox 1655 2546 1773 2587; x_wconf 89' lang='lat' dir='ltr'><strong>sunt,</strong></span> 
     </span>
     <span class='ocr_line' id='line_1_36' title="bbox 280 2603 1774 2659; baseline -0.003 -12"><span class='ocrx_word' id='word_1_275' title='bbox 280 2606 345 2647; x_wconf 90' lang='lat' dir='ltr'><strong>ita</strong></span> <span class='ocrx_word' id='word_1_276' title='bbox 376 2619 493 2647; x_wconf 89' lang='lat' dir='ltr'><strong>uxor</strong></span> <span class='ocrx_word' id='word_1_277' title='bbox 524 2611 571 2647; x_wconf 87' lang='lat' dir='ltr'><strong>et</strong></span> <span class='ocrx_word' id='word_1_278' title='bbox 612 2606 831 2656; x_wconf 89' lang='lat' dir='ltr'><strong>maritus;</strong></span> <span class='ocrx_word' id='word_1_279' title='bbox 872 2619 1010 2659; x_wconf 87' lang='lat' dir='ltr'><strong>quare</strong></span> <span class='ocrx_word' id='word_1_280' title='bbox 1042 2605 1079 2645; x_wconf 86' lang='lat' dir='ltr'><strong>si</strong></span> <span class='ocrx_word' id='word_1_281' title='bbox 1112 2604 1395 2646; x_wconf 88' lang='lat' dir='ltr'><strong>Christianus</strong></span> <span class='ocrx_word' id='word_1_282' title='bbox 1428 2617 1616 2644; x_wconf 86' lang='lat' dir='ltr'><strong>uxorem</strong></span> <span class='ocrx_word' id='word_1_283' title='bbox 1644 2603 1774 2643; x_wconf 86' lang='lat' dir='ltr'><strong>uxori</strong></span> 
     </span>
     <span class='ocr_line' id='line_1_37' title="bbox 281 2666 1773 2722; baseline -0.003 -12"><span class='ocrx_word' id='word_1_284' title='bbox 281 2668 566 2722; x_wconf 86' lang='lat' dir='ltr'><strong>adjungeret,</strong></span> <span class='ocrx_word' id='word_1_285' title='bbox 590 2667 848 2722; x_wconf 87' lang='lat' dir='ltr'><strong>conjugium</strong></span> <span class='ocrx_word' id='word_1_286' title='bbox 871 2668 982 2709; x_wconf 91' lang='lat' dir='ltr'><strong>illud</strong></span> <span class='ocrx_word' id='word_1_287' title='bbox 1009 2667 1244 2722; x_wconf 87' lang='lat' dir='ltr'><strong>spirituale</strong></span> <span class='ocrx_word' id='word_1_288' title='bbox 1266 2667 1386 2721; x_wconf 88' lang='lat' dir='ltr'><strong>apud</strong></span> <span class='ocrx_word' id='word_1_289' title='bbox 1413 2681 1461 2707; x_wconf 90' lang='lat' dir='ltr'><strong>se</strong></span> <span class='ocrx_word' id='word_1_290' title='bbox 1482 2666 1773 2714; x_wconf 86' lang='lat' dir='ltr'><strong>discinderet,</strong></span> 
     </span>
     <span class='ocr_line' id='line_1_38' title="bbox 282 2729 1775 2787; baseline -0.004 -13"><span class='ocrx_word' id='word_1_291' title='bbox 282 2733 472 2787; x_wconf 85' lang='lat' dir='ltr'><strong>proinde</strong></span> <span class='ocrx_word' id='word_1_292' title='bbox 495 2732 717 2785; x_wconf 88' lang='lat' dir='ltr'><strong>originem</strong></span> <span class='ocrx_word' id='word_1_293' title='bbox 739 2733 806 2773; x_wconf 89' lang='lat' dir='ltr'><strong>sui</strong></span> <span class='ocrx_word' id='word_1_294' title='bbox 829 2731 1026 2786; x_wconf 88' lang='lat' dir='ltr'><strong>conjugii</strong></span> <span class='ocrx_word' id='word_1_295' title='bbox 1048 2731 1324 2785; x_wconf 86' lang='lat' dir='ltr'><strong>profanaret,</strong></span> <span class='ocrx_word' id='word_1_296' title='bbox 1343 2737 1391 2772; x_wconf 92' lang='lat' dir='ltr'><strong>et</strong></span> <span class='ocrx_word' id='word_1_297' title='bbox 1415 2731 1478 2771; x_wconf 92' lang='lat' dir='ltr'><strong>sic</strong></span> <span class='ocrx_word' id='word_1_298' title='bbox 1501 2729 1775 2771; x_wconf 90' lang='lat' dir='ltr'><strong>adulterium</strong></span> 
     </span>
     <span class='ocr_line' id='line_1_39' title="bbox 281 2791 1775 2850; baseline -0.004 -13"><span class='ocrx_word' id='word_1_299' title='bbox 281 2795 513 2849; x_wconf 89' lang='lat' dir='ltr'><strong>spirituale</strong></span> <span class='ocrx_word' id='word_1_300' title='bbox 531 2795 869 2838; x_wconf 90' lang='lat' dir='ltr'><strong>committeret:</strong></span> <span class='ocrx_word' id='word_1_301' title='bbox 902 2795 1022 2850; x_wconf 91' lang='lat' dir='ltr'><strong>quod</strong></span> <span class='ocrx_word' id='word_1_302' title='bbox 1041 2794 1252 2848; x_wconf 87' lang='lat' dir='ltr'><strong>conjugia</strong></span> <span class='ocrx_word' id='word_1_303' title='bbox 1269 2795 1312 2835; x_wconf 92' lang='lat' dir='ltr'><strong>in</strong></span> <span class='ocrx_word' id='word_1_304' title='bbox 1337 2794 1468 2835; x_wconf 89' lang='lat' dir='ltr'><strong>terris</strong></span> <span class='ocrx_word' id='word_1_305' title='bbox 1486 2807 1544 2833; x_wconf 88' lang='lat' dir='ltr'><strong>ex</strong></span> <span class='ocrx_word' id='word_1_306' title='bbox 1564 2791 1775 2844; x_wconf 85' lang='lat' dir='ltr'><strong>conjugio</strong></span> 
     </span>
     <span class='ocr_line' id='line_1_40' title="bbox 282 2854 1774 2912; baseline -0.003 -12"><span class='ocrx_word' id='word_1_307' title='bbox 282 2859 453 2901; x_wconf 90' lang='lat' dir='ltr'><strong>boniet</strong></span> <span class='ocrx_word' id='word_1_308' title='bbox 474 2860 567 2901; x_wconf 92' lang='lat' dir='ltr'><strong>veri</strong></span> <span class='ocrx_word' id='word_1_309' title='bbox 585 2859 860 2908; x_wconf 88' lang='lat' dir='ltr'><strong>deriventur,</strong></span> <span class='ocrx_word' id='word_1_310' title='bbox 876 2859 1085 2900; x_wconf 89' lang='lat' dir='ltr'><strong>videatur</strong></span> <span class='ocrx_word' id='word_1_311' title='bbox 1102 2872 1235 2912; x_wconf 88' lang='lat' dir='ltr'><strong>supra</strong></span> <span class='ocrx_word' id='word_1_312' title='bbox 1260 2857 1323 2911; x_wconf 92' lang='lat' dir='ltr'><strong>(n.</strong></span> <span class='ocrx_word' id='word_1_313' title='bbox 1353 2855 1577 2909; x_wconf 86' lang='lat'>116—131).</span> <span class='ocrx_word' id='word_1_314' title='bbox 1639 2854 1774 2908; x_wconf 80' lang='lat' dir='ltr'><strong>Quod</strong></span> 
     </span>
     <span class='ocr_line' id='line_1_41' title="bbox 283 2917 1774 2976; baseline -0.004 -12"><span class='ocrx_word' id='word_1_315' title='bbox 283 2922 570 2964; x_wconf 88' lang='lat' dir='ltr'><strong>Christianus</strong></span> <span class='ocrx_word' id='word_1_316' title='bbox 602 2936 681 2976; x_wconf 92' lang='lat' dir='ltr'><strong>per</strong></span> <span class='ocrx_word' id='word_1_317' title='bbox 706 2922 967 2976; x_wconf 88' lang='lat' dir='ltr'><strong>conjugium</strong></span> <span class='ocrx_word' id='word_1_318' title='bbox 994 2922 1336 2976; x_wconf 89' lang='lat' dir='ltr'><strong>polygamicum</strong></span> <span class='ocrx_word' id='word_1_319' title='bbox 1364 2920 1625 2974; x_wconf 88' lang='lat' dir='ltr'><strong>profanaret</strong></span> <span class='ocrx_word' id='word_1_320' title='bbox 1658 2917 1774 2959; x_wconf 90' lang='lat' dir='ltr'><strong>Ver-</strong></span> 
     </span>
     <span class='ocr_line' id='line_1_42' title="bbox 283 2980 1774 3040; baseline -0.005 -12"><span class='ocrx_word' id='word_1_321' title='bbox 283 2985 391 3027; x_wconf 90' lang='lat' dir='ltr'><strong>bum</strong></span> <span class='ocrx_word' id='word_1_322' title='bbox 422 2992 470 3028; x_wconf 92' lang='lat' dir='ltr'><strong>et</strong></span> <span class='ocrx_word' id='word_1_323' title='bbox 501 2986 760 3036; x_wconf 89' lang='lat' dir='ltr'><strong>ecclesiam,</strong></span> <span class='ocrx_word' id='word_1_324' title='bbox 788 2992 859 3028; x_wconf 88' lang='lat' dir='ltr'><strong>est</strong></span> <span class='ocrx_word' id='word_1_325' title='bbox 891 2987 995 3040; x_wconf 88' lang='lat' dir='ltr'><strong>quia</strong></span> <span class='ocrx_word' id='word_1_326' title='bbox 1022 2985 1224 3027; x_wconf 91' lang='lat' dir='ltr'><strong>Verbum</strong></span> <span class='ocrx_word' id='word_1_327' title='bbox 1258 2985 1301 3025; x_wconf 89' lang='lat' dir='ltr'><strong>in</strong></span> <span class='ocrx_word' id='word_1_328' title='bbox 1334 2997 1382 3025; x_wconf 92' lang='lat' dir='ltr'><strong>se</strong></span> <span class='ocrx_word' id='word_1_329' title='bbox 1414 2980 1672 3037; x_wconf 65' lang='lat' dir='ltr'><strong>spectatum</strong></span> <span class='ocrx_word' id='word_1_330' title='bbox 1703 2986 1774 3022; x_wconf 90' lang='lat' dir='ltr'><strong>est</strong></span> 
     </span>
    </p>
   </div>
  </div>
 </body>
</html>
