2014 3386
316 362 395 415 196
773 371 1016 404 DELICIAE
1049 370 1353 403 SAPIENTIAE

310 500 489 541 quoque
511 486 570 528 ab
591 485 660 528 his
683 492 754 528 est
777 486 963 527 vesania
985 485 1177 540 plurium
1201 485 1432 528 mentibus
1453 486 1669 537 insidens,
1687 485 1815 541 quod·

310 550 536 592 adulteria
562 563 653 591 non
679 550 772 591 sint
798 550 919 591 mala
945 550 1191 603 religionis.

394 624 525 669 244·
559 612 663 668 (ix.)
700 613 829 664 Quod
844 627 1002 654 causae
1017 613 1309 666 supradic‘lae
1323 613 1417 655 sint
1432 627 1590 654 causae
1597 612 1809 666 frigoris

310 676 488 726 interni,
516 676 600 718 sed
620 690 704 718 non
725 676 865 718 simul
883 676 1072 726 externi,
1096 677 1223 729 apud
1235 676 1513 729 plures.-—Si
1536 690 1698 717 causae
1722 676 1808 717 huc

310 754 452 794 usque
479 740 749 793 designatae
781 746 828 781 et
860 739 1170 788 confirmatae,
1198 753 1314 793 quae
1345 747 1451 781 sunt
1483 753 1646 781 causae
1671 739 1810 792 frigo·

310 805 370 845 ris
400 805 445 845 in
470 804 674 852 internis,
704 804 1009 856 producerent
1036 802 1183 844 simile
1208 803 1348 856 frigus
1380 804 1424 844 in
1456 804 1672 852 externis,
1701 808 1811 844 tunc

310 868 470 909 fierent
493 874 565 909 tot
583 868 909 921 separationes,
929 873 1039 921 quot
1061 867 1229 920 frigora
1250 868 1454 917 interna;
1487 873 1533 908 et
1556 873 1628 908 tot
1645 867 1813 920 frigora

311 937 432 980 sunt,
466 937 577 985 quot
609 930 819 984 conjugia
844 930 1023 971 illorum
1055 931 1130 983 qui
1160 930 1205 970 in
1235 929 1359 970 falsis
1385 930 1632 983 religionis,
1660 931 1735 984 qui
1766 931 1811 971 in

311 995 490 1035 diversa
515 994 750 1048 religione,
779 1001 825 1035 et
852 994 925 1047 qui
956 994 1000 1034 in
1027 993 1151 1034 nulla
1175 992 1396 1046 religione
1422 998 1539 1042 sunt,
1567 993 1624 1034 de
1649 993 1811 1047 quibus

311 1056 462 1098 actum
495 1064 592 1099 est:
636 1065 683 1099 et
721 1064 877 1099 tamen
910 1063 1070 1098 notum
1107 1062 1193 1105 est,
1227 1056 1348 1110 quod
1380 1055 1511 1097 multi
1543 1056 1812 1098 cohabitent

315 1119 433 1158 sicut
465 1130 643 1158 amores
674 1122 720 1158 et
752 1118 868 1157 sicut
900 1122 1084 1158 mutuae
1118 1118 1372 1168 amicitiae;
1415 1118 1497 1159 sed
1529 1118 1648 1158 unde
1678 1117 1808 1166 haec,

315 1179 435 1233 apud
458 1180 560 1221 illos
579 1180 653 1234 qui
674 1180 719 1220 in
737 1179 916 1220 interno
933 1179 1097 1233 frigore
1115 1187 1234 1229 sunt,
1254 1181 1299 1221 in
1317 1186 1538 1234 sequente
1556 1181 1723 1234 capite,
1740 1180 1810 1223 De

312 1241 470 1283 Causis
492 1243 756 1296 apparentis
778 1242 977 1291 Amoris,
994 1242 1254 1292 Amicitiae,
1275 1249 1321 1284 et
1345 1243 1532 1284 Favoris
1555 1244 1673 1286 inter
1689 1243 1811 1286 Con-

307 1304 454 1358 juges,
483 1306 672 1347 dicetur.
733 1305 849 1347 Sunt
881 1305 1033 1359 plures
1057 1319 1237 1354 causae,
1267 1320 1382 1360 quae
1409 1306 1691 1360 conjungunt
1717 1308 1813 1349 ani-

313 1382 426 1418 mos,
455 1369 536 1410 sed
562 1383 702 1423 usque
726 1382 817 1410 non
840 1368 1124 1422 conjungunt
1146 1370 1347 1420 animas;
1380 1370 1498 1410 inter
1520 1383 1680 1411 causas
1705 1377 1812 1413 sunt

313 1431 491 1486 aliquae
514 1447 572 1474 ex
596 1434 834 1474 recensitis
857 1446 991 1486 supra
1015 1432 1077 1486 (n.
1110 1433 1207 1487 183)
1226 1448 1235 1484 ;
1269 1434 1349 1474 sed
1372 1447 1513 1487 usque
1534 1434 1673 1487 frigus
1694 1434 1812 1475 inte-

313 1496 402 1537 rius
434 1497 723 1538 reconditum
756 1496 886 1546 latet,
921 1503 968 1538 et
999 1497 1107 1538 facit
1140 1505 1188 1538 ut
1221 1498 1389 1550 passim
1422 1497 1816 1537 animadvertatur

312 1566 359 1601 et
390 1561 640 1611 sentiatur;
683 1560 802 1613 apud
834 1560 918 1601 hos
950 1559 1211 1601 affectiones
1243 1560 1300 1600 ab
1331 1561 1524 1601 invicem
1555 1559 1811 1607 discedunt,

313 1623 395 1664 sed
415 1624 740 1677 cogitationes,
760 1624 866 1664 dum
885 1631 1059 1664 exeunt
1081 1625 1125 1664 in
1149 1623 1352 1678 loquelas
1375 1630 1422 1664 et
1445 1636 1607 1672 moreS‚
1628 1629 1815 1676 propter

313 1693 612 1739 apparentem
644 1687 890 1728 amicitiam
922 1694 969 1727 et
1000 1687 1216 1736 favorem,
1250 1687 1502 1737 accedunt;
1539 1691 1815 1740 quapropter

312 1750 377 1790 illi
409 1750 520 1791 nihil
552 1751 702 1792 sciunt
734 1750 790 1791 de
827 1751 1110 1791 amoenitate
1156 1757 1202 1791 et
1239 1749 1540 1803 jucunditate,
1574 1755 1621 1790 et
1666 1749 1814 1790 minus

314 1814 371 1854 de
403 1813 639 1855 faustitate
672 1820 719 1855 et
750 1814 1034 1855 beatitudine
1061 1814 1226 1854 amoris
1257 1827 1363 1854 vere
1395 1812 1689 1866 conjugialis;
1726 1812 1812 1853 hae

312 1884 419 1918 sunt
445 1878 532 1918 illis
557 1878 636 1919 vix
663 1877 784 1918 aliud
811 1891 946 1931 quam
972 1877 1165 1918 fabulae.
1228 1877 1290 1918 Hi
1322 1877 1441 1918 inter
1466 1876 1569 1917 illos
1595 1882 1713 1926 sunt,
1738 1877 1813 1930 qui

313 1941 538 1994 effingunt
564 1942 761 1994 origines
788 1942 953 1982 amoris
985 1940 1252 1994 conjugialis
1284 1954 1343 1981 ex
1375 1940 1536 1980 iisdem
1563 1940 1723 1988 causis,
1751 1953 1812 1981 ex

312 2005 473 2059 quibus
500 2017 665 2045 novem
692 2011 851 2045 coetus
877 2005 1134 2057 sapientum
1167 2018 1227 2045 ex
1259 2003 1412 2056 regnis
1438 2004 1724 2056 congregati,
1753 2003 1811 2044 de

313 2068 473 2122 quibus
500 2081 634 2121 supra
659 2068 704 2108 in
732 2067 1018 2109 Memorabili
1047 2066 1109 2121 (n.
1141 2066 1367 2121 103—114).

401 2142 530 2187 245.
565 2130 738 2173 Contra
778 2145 913 2185 supra
956 2131 1226 2172 confirmata
1262 2136 1418 2184 potest
1459 2129 1552 2171 fieri
1598 2128 1809 2183 objectio,

313 2196 437 2250 quod
464 2209 604 2249 usque
631 2198 782 2236 anima
803 2209 862 2236 ex
890 2202 1020 2249 patre
1047 2201 1338 2249 propagetur,
1366 2195 1553 2236 tametsi
1579 2207 1669 2236 non
1701 2207 1811 2236 con-

308 2257 465 2312 juncta
490 2266 561 2300 est
588 2260 766 2300 animae
792 2260 962 2307 matris,
986 2260 1126 2300 immo
1148 2259 1333 2300 tametsi
1359 2258 1497 2311 frigus
1523 2258 1584 2299 ibi
1609 2257 1812 2299 residens

313 2329 522 2376 separat;
555 2322 637 2363 sed
663 2323 784 2376 quod
812 2330 967 2364 tamen
995 2329 1306 2376 propagentur
1331 2323 1509 2363 animae
1535 2335 1613 2362 seu
1645 2320 1808 2375 proleS‚

313 2394 384 2428 est
415 2399 564 2435 causa,
598 2387 701 2441 quia
740 2385 1002 2428 intellectus
1042 2386 1123 2427 viri
1163 2399 1253 2426 non
1291 2385 1558 2434 occluditur,
1593 2386 1699 2438 quin
1738 2383 1811 2425 hic

313 2449 480 2491 elevari
507 2452 651 2503 possit
677 2451 722 2491 in
749 2450 911 2494 lucem.
936 2450 980 2490 in
1007 2463 1094 2503 qua
1115 2455 1186 2490 est
1212 2449 1392 2499 anima;
1425 2455 1473 2491 at
1499 2461 1627 2489 amor
1648 2447 1810 2489 volun-

313 2513 425 2554 tatis
451 2512 544 2566 ejus
582 2526 673 2554 non
706 2513 912 2554 elevatur
948 2513 992 2554 in
1030 2511 1228 2553 calorem
1255 2511 1690 2564 correspondentem
1722 2510 1809 2552 luci

312 2577 387 2625 ibi,
416 2577 500 2616 nisi
523 2590 602 2629 per
627 2577 785 2626 vitam,
809 2590 924 2630 quae
950 2576 1058 2617 facit
1081 2575 1207 2616 illum
1234 2588 1261 2615 a
1286 2574 1480 2615 naturali
1501 2573 1809 2627 spiritualem;

313 2639 418 2680 inde
455 2646 542 2690 est,
570 2640 692 2694 quod
719 2653 858 2693 usque
885 2640 1035 2680 anima
1062 2644 1340 2692 procreetur,
1368 2638 1450 2679 sed
1490 2637 1730 2679 obveletur
1765 2637 1808 2678 in

313 2703 553 2752 descensu,
578 2703 684 2743 dum
710 2702 760 2743 fit
787 2716 957 2751 semen,
981 2715 1062 2756 per
1086 2701 1196 2742 talia
1220 2715 1336 2755 quae
1359 2707 1464 2742 sunt
1486 2701 1652 2742 amoris
1675 2707 1808 2742 natu-

313 2765 420 2808 ralis
464 2765 589 2820 ejus;
638 2780 698 2807 ex
743 2766 830 2807 hoc
876 2766 1066 2807 scaturit
1111 2764 1279 2805 malum
1316 2764 1652 2811 hereditarium.
1724 2763 1809 2804 His

314 2829 525 2883 adjiciam
562 2842 791 2878 arcanum,
819 2829 939 2883 quod
980 2842 1006 2870 e
1043 2827 1171 2869 caelo
1212 2834 1298 2876 est,
1327 2828 1448 2881 quod
1486 2828 1604 2868 inter
1637 2827 1810 2868 animas

314 2891 561 2946 disjunctas
592 2892 797 2940 duorum,
825 2892 1042 2945 imprimis
1073 2890 1331 2944 conjugum,
1365 2890 1444 2932 fiat
1475 2888 1734 2943 conjunctio
1764 2890 1808 2930 in

315 2957 467 2999 medio
498 2969 665 3005 amore,
699 2962 746 2997 et
777 2952 898 3009 quod
930 2955 1095 3008 alioqui
1126 2954 1245 3007 apud
1282 2954 1490 2995 homines
1522 2967 1612 2994 non
1649 2953 1808 2994 fierent

317 3021 656 3075 conceptiones.
717 3019 901 3060 Praeter
931 3018 1043 3060 haec
1081 3018 1138 3059 de
1179 3017 1344 3072 frigore
1375 3017 1632 3071 conjugiali,
1666 3023 1712 3058 et
1752 3016 1808 3058 de
