2014 3386
323 354 405 397 394
768 348 1095 383 VOLUPTATES
1126 348 1372 381 INSANIAE

318 473 367 509 et
392 473 501 509 tunc
528 479 588 508 ex
615 464 761 506 lubitu
783 464 1022 519 possident
1043 463 1147 505 illas
1166 476 1177 516 ;
1211 463 1371 518 quibus
1391 462 1586 518 peractis
1608 463 1815 518 gaudent

319 531 472 579 corde,
500 543 552 570 ae
580 528 778 570 violatas
803 529 1007 570 irrident.

402 603 530 647 514·
572 592 679 634 Sors
701 591 865 633 horum
887 589 1177 634 seductorum
1200 596 1307 645 post
1329 597 1526 633 mortem
1553 596 1626 633 est
1651 591 1814 640 tristis,

318 658 534 712 quoniam
566 654 772 698 seductio
802 655 882 697 illa
917 669 1009 697 non
1041 655 1181 696 modo
1212 660 1284 696 est
1316 655 1529 709 impietas
1561 655 1643 697 sed
1673 656 1816 698 etiam

318 720 597 773 malignitas
654 719 741 769 Illi,
761 725 1007 773 postquam
1027 719 1218 772 primam
1236 718 1471 772 periodum
1489 719 1815 772 transigerant,
1841 752 1845 756 .

318 797 433 838 quae
459 789 531 824 est
557 783 602 824 in
628 783 847 832 externis,
876 783 921 823 in
948 783 1109 836 quibus
1134 795 1243 836 prae
1269 782 1422 823 multis
1448 782 1549 823 aliis
1575 782 1817 836 elegantes

318 845 518 887 moribus
544 852 591 887 et
617 846 993 900 suaviloquentes
1019 846 1305 887 sermonibus
1330 851 1451 895 sunt,
1475 846 1745 899 rediguntur
1769 846 1816 888 in

317 909 515 952 alteram
542 910 776 963 periodum
804 911 925 951 vitae
951 923 1075 959 suae,
1102 922 1218 963 quae
1244 915 1316 950 est
1342 909 1386 950 in
1413 909 1620 959 internis,
1647 910 1692 950 in
1718 910 1817 964 qui-

318 973 402 1014 bus
424 973 565 1014 libido
588 973 940 1023 manumittitur,
965 979 1012 1014 et
1034 972 1222 1013 inchoat
1244 985 1373 1013 suum
1396 972 1563 1014 ludum.
1622 972 1686 1014 Et
1708 979 1818 1014 tunc

317 1036 512 1089 primum
544 1036 748 1077 feruntur
783 1037 841 1077 ad
881 1036 1087 1085 feminas,
1121 1049 1235 1089 quae
1268 1036 1534 1077 castitatem
1565 1042 1816 1078 voverant:

317 1100 437 1153 apud
462 1100 545 1141 has
573 1099 1041 1153 explorantur'qualis
1063 1099 1266 1152 maligna
1286 1098 1466 1140 illorum
1490 1100 1818 1152 concupiscen-

317 1164 382 1205 tia
413 1169 498 1212 est,
527 1170 715 1216 propter
746 1176 929 1219 causam
961 1176 1018 1204 ne
1045 1162 1305 1216 judicentur
1336 1163 1421 1203 nisi
1453 1161 1676 1204 convicti:
1714 1174 1817 1205 cum

317 1226 496 1268 illarum
519 1228 783 1268 castitatem
805 1227 1023 1273 sentiunt,
1048 1226 1179 1267 dolus
1205 1226 1386 1267 illorum
1409 1226 1567 1279 incipit
1589 1240 1741 1280 agere,
1765 1240 1818 1269 ac

317 1290 463 1331 moliri
504 1304 608 1331 suos
650 1296 802 1341 astus;
849 1290 930 1331 sed
971 1290 1075 1343 quia
1118 1290 1360 1338 incassum,
1394 1290 1452 1331 ab
1496 1289 1586 1331 illis
1629 1290 1815 1332 abeunt.

317 1354 486 1395 Postea
529 1354 878 1395 introducuntur
917 1353 975 1394 ad
1015 1353 1207 1394 seminas
1242 1353 1470 1407 genuinae
1509 1353 1816 1395 innocentiae.

320 1416 420 1458 Has
448 1430 551 1458 cum
577 1416 785 1457 similiter
811 1417 1021 1469 decipere
1048 1423 1285 1466 conantur,
1304 1430 1364 1458 ex
1391 1416 1501 1458 data
1525 1416 1704 1458 feminis
1728 1417 1818 1458 illis

317 1481 541 1534 potentia,
575 1480 777 1533 graviter
808 1478 1110 1532 mulctantur3
1148 1479 1345 1521 inferunt
1377 1481 1498 1521 enim
1530 1480 1738 1522 manibus
1769 1487 1818 1522 et

316 1544 508 1596 pedibus
547 1544 728 1585 illorum
768 1544 1064 1597 gravedinem
1106 1544 1318 1597 stuporis,
1355 1544 1527 1597 pariter
1566 1544 1818 1585 cervicibus

316 1607 511 1657 illorum,
545 1614 592 1649 et
634 1608 817 1648 demum
848 1607 1019 1648 faciunt
1055 1607 1159 1648 illos
1190 1608 1361 1648 sentire
1393 1608 1509 1649 sicut
1541 1607 1816 1662 deliquium;

318 1684 434 1724 quae
461 1671 567 1711 dum
594 1671 716 1724 passi
742 1677 864 1720 sunt,
892 1684 940 1711 se
967 1671 1025 1712 ab
1049 1670 1138 1711 illis
1164 1671 1372 1724 eripiunt.
1434 1671 1543 1712 Post
1569 1671 1682 1712 haec
1708 1684 1818 1725 ape-

316 1735 428 1775 ritur
452 1734 540 1775 illis
567 1736 639 1775 via
665 1735 721 1775 ad
745 1734 974 1788 quandam
1001 1740 1234 1775 catervam
1260 1734 1565 1783 meretricum,
1585 1747 1700 1788 quae
1722 1732 1818 1775 cal-

316 1796 407 1838 lide
426 1798 608 1838 mentiri
631 1798 941 1839 innocentiam
959 1797 1215 1839 didicerant
1235 1812 1245 1849 ;
1279 1803 1325 1839 et
1348 1797 1434 1839 hae
1457 1798 1648 1851 primum
1670 1810 1818 1850 expo-

317 1867 432 1902 nunt
458 1861 561 1902 illos
587 1862 690 1902 risui
715 1862 835 1902 inter
861 1875 924 1910 se,
953 1867 1001 1902 et
1027 1861 1209 1902 demum
1236 1867 1342 1914 post
1368 1862 1516 1902 varias
1544 1862 1816 1915 sponsiones

318 1925 555 1977 patiuntur
581 1938 628 1965 se
655 1925 826 1966 violari.
889 1925 998 1966 Post
1025 1924 1143 1966 tales
1169 1925 1343 1978 aliquot
1369 1938 1531 1966 scenas
1556 1926 1818 1978 supervenit

316 1987 455 2028 tertia
486 1988 713 2040 periodus,
747 2002 861 2041 quae
893 1995 964 2029 est
991 1987 1176 2041 judicii;
1223 1994 1270 2030 et
1302 1994 1408 2029 tunc
1441 1986 1638 2029 convicti
1669 1987 1817 2029 subsi-

317 2050 446 2099 dunt,
475 2056 522 2091 et
563 2050 841 2103 colliguntur
881 2051 938 2091 ad
980 2051 1151 2092 similes
1192 2051 1237 2091 in
1278 2051 1466 2100 inferno,
1495 2051 1616 2104 quod
1656 2057 1728 2092 est
1769 2051 1814 2092 in

318 2113 457 2167 plaga
490 2114 856 2166 septentrionali,
889 2120 936 2155 et
977 2114 1037 2155 ibi
1077 2120 1302 2167 apparent
1342 2128 1366 2155 e
1407 2113 1659 2168 longinquo
1699 2114 1817 2156 sicut

317 2176 555 2218 mustelae.
617 2175 706 2218 Sed
733 2178 768 2218 si
795 2176 903 2218 dolo
929 2178 1121 2218 inescati
1151 2177 1330 2224 fuerint,
1355 2177 1412 2218 ab
1437 2177 1525 2219 hoc
1552 2178 1818 2220 deseruntur

317 2240 374 2281 ad
397 2240 619 2280 infernum
642 2240 918 2288 dolosorum,
943 2241 1064 2294 quod
1086 2246 1157 2282 est
1183 2241 1228 2281 in
1255 2240 1393 2294 plaga
1415 2241 1690 2282 occidentali
1712 2254 1817 2295 pro-

316 2303 452 2345 funde
489 2318 514 2344 a
552 2311 711 2357 tergo:
758 2304 803 2344 in
835 2303 921 2345 hoc
963 2317 987 2344 e
1029 2303 1281 2357 longinquo
1312 2311 1537 2358 apparent
1569 2305 1687 2346 sicut
1719 2318 1815 2346 ser·

316 2373 482 2421 pentes
523 2369 632 2408 varii
674 2368 869 2420 generis,
903 2373 950 2408 et
991 2367 1229 2408 dolossimi
1270 2368 1387 2409 sicut
1418 2369 1630 2422 viperae;
1676 2374 1726 2410 at
1766 2369 1812 2410 in

316 2431 415 2483 ipso
445 2431 634 2478 inferno,
668 2432 711 2471 in
745 2430 866 2484 quod
898 2431 1056 2472 datum
1087 2437 1159 2472 est
1191 2431 1428 2484 inspicere,
1456 2432 1539 2473 visi
1569 2431 1679 2473 mihi
1708 2438 1816 2474 sunt

316 2494 431 2535 sicut
454 2494 598 2543 luridi,
619 2494 731 2535 facie
750 2493 970 2545 calcaria;
1002 2500 1050 2535 et
1071 2495 1175 2548 quia
1197 2501 1302 2536 sunt
1321 2507 1471 2536 merae
1490 2495 1815 2550 concupiscen-

317 2558 424 2607 tiae,
452 2571 543 2598 non
572 2563 729 2598 amant
756 2557 906 2611 loqui;
945 2564 991 2599 et
1017 2557 1054 2599 si
1080 2557 1341 2612 loquuntur,
1370 2558 1518 2600 solum
1543 2559 1741 2600 mutiunt
1767 2563 1815 2600 et

318 2627 599 2661 murmurant
632 2621 769 2670 varia,
803 2635 918 2675 quae
951 2634 1041 2662 non
1074 2621 1132 2662 ab
1163 2621 1261 2662 aliis
1292 2635 1429 2676 quam
1469 2635 1495 2663 a
1530 2623 1757 2663 consociis
1787 2635 1815 2664 a

317 2682 461 2724 latere
482 2684 831 2737 intelliguntur3
864 2684 944 2725 sed
971 2697 1081 2725 mox
1108 2690 1158 2725 ut
1184 2685 1347 2727 sedent
1374 2691 1453 2727 aut
1478 2691 1616 2735 stant,
1639 2685 1813 2727 faciunt

318 2759 368 2786 se
400 2744 770 2799 fflinconspieuos,
799 2754 846 2788 et
878 2748 922 2788 in
954 2760 1149 2789 caverna
1175 2748 1544 2790 circumvolitant
1574 2749 1692 2790 sicut
1723 2747 1813 2790 lar-

316 2822 427 2860 vae;
469 2816 577 2851 tunc
611 2811 731 2850 enim
764 2811 807 2851 in
840 2811 1082 2863 phantasia
1112 2818 1233 2861 sunt,
1266 2818 1313 2853 et
1345 2812 1588 2865 phantasia
1620 2817 1813 2865 apparet

316 2872 485 2914 volare.
547 2873 655 2914 Post
680 2873 886 2915 volatum
912 2888 959 2915 se
991 2881 1245 2927 reponunt3
1279 2881 1325 2917 et
1352 2882 1475 2925 tunc,
1504 2875 1624 2929 quod
1651 2875 1811 2916 mirum

317 2942 403 2983 est,
432 2949 521 2977 non
554 2938 795 2990 cognoscit
827 2937 1192 2989 unus-alterum3
1238 2938 1324 2980 hoc
1357 2939 1462 2980 inde
1505 2945 1590 2988 est,
1623 2939 1727 2992 quia
1765 2938 1811 2979 in

319 2999 427 3041 dolo
458 3007 578 3050 sunt,
605 3014 656 3042 ac
695 3001 826 3042 dolus
853 3015 943 3042 non
971 3002 1114 3043 credit
1140 3001 1287 3052 alteri,
1316 3009 1363 3044 et
1394 3003 1456 3044 sic
1489 3002 1716 3043 subtrahit
1748 3015 1810 3042 se.
