2014 3386
502 348 569 380 DE
601 347 782 381 AMORE
815 347 1241 391 CONJUGIAL1.—N.
1271 350 1365 393 270.
1596 351 1678 393 213

181 459 323 506 spiritu
342 460 545 502 diabolus;
570 471 662 496 nam
681 460 721 496 in
739 471 907 507 corpore
924 472 1011 497 sum
1030 461 1070 496 in
1089 460 1307 502 intellectm
1327 461 1366 496 in
1385 461 1526 507 spiritu
1545 468 1679 497 autem

180 525 267 549 sum
289 514 328 549 in
345 515 565 556 voluntate,
583 525 630 550 ac
648 514 874 551 intellectus
892 526 956 551 me
973 514 1050 551 fert
1067 526 1235 556 sursum,
1254 521 1296 551 at
1315 515 1502 551 voluntas
1521 515 1681 551 mesert

180 568 390 609 deorsum:
423 575 464 604 et
489 579 580 604 cum
607 568 647 604 in
675 568 879 604 intellectu
905 580 1005 610 sum,
1031 569 1235 616 cingulum
1262 569 1408 604 album·
1422 568 1681 605 circumvelat

179 628 300 668 caput
318 633 474 664 meum3
499 628 542 657 at
563 622 658 657 dum
678 621 905 658 intellectus
925 633 968 658 se
985 633 1147 668 prorsus
1165 622 1392 668 emancipat
1408 622 1620 663 voluntati,
1639 631 1680 658 et

178 675 224 710 fit
236 675 334 721 ejus,
346 675 455 721 quod
468 681 530 710 est
543 686 629 711 sors
644 682 781 711 nostra
793 675 945 716 ultima,
957 682 1055 711 tunc
1069 675 1259 721 nigrescit
1270 675 1484 722 cingulum,
1497 686 1543 711 ac
1557 676 1659 721 perit
1671 688 1679 717 ;

178 738 259 774 quo
271 727 379 764 fac'to
396 739 476 764 non
492 739 704 774 possumus
718 729 892 774 amplius
910 729 949 763 in
967 729 1096 764 lucem
1112 729 1215 764 hanc
1227 729 1480 765 ascendere.''
1512 724 1516 732 “
1531 728 1680 765 Postea

178 782 228 817 de
246 781 396 828 duplici
414 792 487 817 suo
505 788 624 822 statu,
642 788 809 817 externo
823 788 863 817 et
881 782 1050 822 interno,
1069 782 1228 817 locutus
1246 788 1307 827 est
1326 782 1414 828 plus
1433 781 1680 818 rationaliter

177 845 296 880 quam
315 834 460 880 aliquis
480 835 600 870 alter:
626 835 697 870 sed
718 834 863 874 subito,
882 846 972 870 cum
994 835 1098 870 vidit
1117 835 1283 881 angelos
1304 835 1410 881 apud
1430 845 1503 875 me,
1523 835 1678 870 inflam-

178 894 309 923 matus
330 894 392 923 est
412 887 512 923 facie
534 896 575 923 et
594 899 706 929 voce,
729 895 769 923 et
795 887 924 923 faetus
945 894 1007 923 est
1028 888 1151 934 niger,
1173 887 1292 923 etiam
1317 888 1449 934 quoad
1471 888 1676 934 cingulum

176 940 325 976 circum
346 947 487 987 caput;
513 947 554 976 et
575 952 646 987 per
661 948 899 987 aperturam,
918 952 988 987 per
1008 952 1127 988 quam
1145 941 1327 982 surrexit,
1345 942 1532 987 delapsus
1553 948 1614 977 est
1636 942 1675 976 in

178 992 389 1030 infernum.

247 1047 468 1082 Adstantes
486 1057 535 1082 ex
553 1046 631 1083 illis
647 1046 743 1082 visis
762 1046 941 1082 fecerunt
958 1046 1036 1082 hoc
1053 1047 1296 1087 conclusum,
1314 1048 1422 1093 quod
1445 1047 1567 1083 homo
1584 1047 1676 1083 talis

175 1099 229 1135 sit
246 1099 374 1146 qualis
391 1106 453 1135 est
473 1100 560 1146 ejus
577 1111 700 1141 amor,
717 1106 759 1135 et
779 1110 860 1135 non
878 1100 1008 1146 qualis
1025 1106 1087 1135 est
1107 1100 1193 1146 ejus
1212 1100 1457 1142 intellectum
1483 1101 1674 1147 quoniam

174 1162 288 1188 amor
308 1151 555 1188 intelleflum
575 1152 689 1188 facile
707 1152 837 1188 aufert
856 1153 895 1188 in
914 1164 1005 1188 suas
1024 1160 1156 1199 partes
1174 1160 1215 1189 et
1227 1154 1465 1200 emancipat.
1691 1169 1693 1171 ·

184 1218 187 1220 ·
245 1205 359 1241 Tunc
376 1206 553 1252 quaesivi
571 1206 746 1252 angelos,
766 1211 786 1224 ‘⁴
799 1205 918 1242 Unde
935 1206 1028 1242 talis
1045 1206 1292 1242 rationalitas
1310 1213 1372 1242 est
1389 1207 1558 1243 diabolis
1568 1206 1610 1243 ?''

247 1258 298 1294 Et
315 1258 512 1300 dicebant,
532 1264 552 1277 “
567 1259 638 1294 Est
655 1270 704 1294 ex
721 1259 850 1305 gloria
865 1260 1013 1295 amoris
1030 1259 1101 1300 sui,
1121 1271 1211 1295 nam
1231 1271 1344 1295 amor
1356 1260 1417 1296 sui
1436 1260 1672 1296 circumcin-

173 1311 284 1358 gitur
299 1312 438 1358 gloria,
456 1318 497 1347 et
516 1312 644 1358 gloria
660 1312 791 1347 elevat
810 1312 1058 1348 intellectum
1073 1324 1200 1359 usque
1222 1313 1261 1348 in
1283 1314 1411 1349 lucem
1434 1314 1554 1355 caeli:
1581 1325 1673 1349 nam

175 1363 402 1400 intellectus
427 1366 533 1411 apud
560 1365 870 1411 unumquemvis
895 1365 1100 1401 hominem
1127 1366 1331 1402 elevabilis
1356 1373 1418 1402 est
1451 1368 1672 1402 secundum

173 1417 437 1464 cognitiones,
464 1418 533 1453 sed
560 1429 641 1453 non
667 1418 855 1454 voluntas
881 1419 957 1454 nisi
984 1430 1055 1464 per
1078 1419 1202 1454 vitam
1229 1420 1450 1455 secundum
1482 1421 1674 1457 ecclesiae

173 1477 215 1506 et
242 1470 409 1507 rationis
438 1482 554 1513 vera;
588 1471 682 1507 inde
711 1478 782 1512 est,
801 1472 908 1517 quod
947 1472 1021 1518 ipsi
1048 1472 1170 1513 athei,
1201 1472 1268 1518 qui
1307 1473 1347 1507 in
1383 1473 1511 1519 gloria
1544 1473 1672 1510 famae

173 1530 268 1560 sunt
292 1535 341 1559 ex
365 1535 501 1560 amore
526 1524 599 1564 sui,
620 1531 662 1560 et
688 1524 781 1560 inde
802 1525 907 1560 fastu
935 1525 1117 1571 propriae
1145 1525 1445 1572 intelligentiae,
1471 1527 1673 1573 gaudeant

173 1577 444 1613 rationalitate
470 1577 711 1619 sublimiore,
736 1589 856 1624 quam
883 1578 998 1613 multi
1025 1578 1112 1618 alii:
1149 1579 1218 1614 sed
1248 1585 1344 1614 tunc
1371 1590 1462 1614 cum
1497 1579 1537 1614 in
1563 1580 1673 1626 cogi—

172 1631 327 1666 tatione
346 1630 571 1666 intelleRus
590 1638 694 1670 sunt,
714 1642 794 1666 non
812 1638 946 1666 autem
964 1642 1054 1666 cum
1074 1632 1113 1666 in
1132 1631 1345 1667 affefflone
1362 1633 1605 1674 voluntatis;
1631 1641 1672 1669 et

171 1682 332 1719 affectio
364 1684 585 1719 voluntatis
611 1684 790 1729 possidet
812 1684 1012 1719 internum
1047 1684 1233 1726 hominis,
1260 1692 1301 1720 at
1334 1686 1529 1732 cogitatio
1555 1686 1671 1722 intel—

172 1736 297 1773 lectus
313 1743 523 1772 externum
542 1736 664 1782 ejus.''
715 1737 842 1772 Porro
860 1737 961 1772 dixit
978 1737 1144 1784 angelus
1161 1749 1332 1779 causam,
1347 1749 1418 1774 cur
1435 1739 1558 1775 homo
1575 1750 1671 1775 con-

171 1790 289 1826 flatus
316 1796 377 1825 est
400 1800 449 1825 ex
474 1790 601 1825 tribus
621 1789 860 1836 supradictis
881 1791 1096 1831 amoribus,
1117 1791 1305 1826 videlicet
1329 1802 1378 1827 ex
1403 1802 1539 1827 amore
1564 1803 1670 1833 usus,

171 1854 220 1878 ex
237 1853 372 1878 amore
390 1843 540 1883 mundi,
555 1849 596 1878 et
613 1854 662 1879 ex
679 1854 815 1879 amore
829 1843 911 1884 sui:
936 1854 1038 1890 quae
1052 1850 1123 1884 est,
1142 1850 1188 1879 ut
1206 1844 1329 1880 homo
1343 1845 1494 1891 cogitet
1507 1856 1556 1881 ex
1572 1845 1669 1886 Deo,

170 1896 329 1932 tametsi
363 1896 467 1931 sicut
500 1907 549 1931 ex
581 1907 643 1932 se:
685 1897 788 1931 dixit
808 1897 916 1943 quod
955 1908 1142 1942 suprema
1175 1897 1214 1932 in
1248 1897 1410 1933 homine
1442 1909 1557 1934 versa
1589 1899 1670 1934 sint

171 1959 328 1984 sursum
349 1949 399 1984 ad
420 1949 560 1990 Deum,
581 1950 713 1984 media
729 1956 950 1985 extrorsum
969 1951 1020 1985 ad
1039 1950 1244 1991 mundum,
1263 1961 1309 1986 ac
1328 1950 1465 1986 infima
1481 1952 1668 1987 deorsum

170 2002 221 2037 ad
239 2013 281 2038 se
294 2013 302 2043 ς
324 2009 365 2037 et
378 2002 472 2048 quia
485 2002 584 2038 haec
597 2014 712 2038 versa
725 2009 818 2039 sunt
832 2003 1031 2044 deorsum,
1045 2003 1197 2050 cogitat
1211 2003 1334 2040 homo
1344 2004 1449 2040 sicut
1465 2015 1489 2040 a
1505 2016 1558 2047 se,
1576 2016 1666 2041 cum

171 2062 306 2091 tamen
324 2065 348 2091 a
366 2055 464 2091 Deo.

170 2145 300 2191 270.
329 2137 538 2179 Tertium
565 2137 865 2179 Memorabile
885 2151 956 2179 :—

242 2215 426 2264 Quodam
442 2227 558 2252 mane
573 2223 665 2262 post
682 2227 868 2252 somnum
883 2216 1140 2263 profundavit
1158 2229 1200 2253 se
1218 2218 1412 2264 cogitatio
1429 2229 1518 2254 mea
1538 2218 1577 2255 in
1595 2220 1667 2255 ali-

170 2281 249 2316 qua
262 2281 406 2305 arcana
417 2269 564 2305 amoris
581 2270 829 2316 conjugialis,
844 2277 885 2305 et
899 2271 1061 2305 demum
1078 2271 1116 2305 in
1132 2271 1219 2312 hoc,
1233 2276 1252 2290 ‘⁴
1263 2272 1314 2306 In
1327 2283 1499 2317 quanam
1513 2275 1667 2319 regione

170 2325 307 2358 mentis
322 2323 517 2358 humanae
532 2323 672 2358 residet
688 2334 800 2358 amor
809 2335 898 2358 vere
913 2325 1158 2370 conjugz'alzlr,
1173 2328 1210 2359 et
1226 2325 1316 2359 inde
1334 2327 1377 2359 in
1395 2336 1566 2370 quanam
1573 2327 1664 2372 sri-

160 2388 241 2423 gus
255 2377 474 2423 conjugiale
482 2375 525 2412 Γ·
567 2375 672 2412 Scivi
689 2377 798 2422 quod
814 2377 995 2423 regiones
1014 2378 1158 2413 mentis
1176 2378 1374 2414 humanae
1388 2378 1468 2414 sint
1481 2385 1572 2420 tres,
1588 2390 1667 2415 una

170 2440 290 2475 supra
305 2430 492 2470 alteram3
518 2435 559 2465 et
578 2429 687 2475 quod
709 2429 749 2464 in
771 2429 907 2464 infima
924 2430 1085 2476 regione
1103 2430 1259 2466 habitet
1277 2431 1466 2467 naturalis
1484 2443 1606 2472 amor,
1627 2433 1666 2467 in

169 2483 372 2528 superiore
390 2483 606 2529 spiritualis
628 2494 751 2524 amor,
765 2490 806 2518 et
828 2483 867 2518 in
889 2495 1075 2529 suprema
1092 2485 1274 2520 caelestis
1294 2496 1416 2526 amor,
1432 2492 1473 2521 et
1493 2486 1602 2532 quod
1626 2486 1664 2521 in

169 2535 386 2582 unaquavis
400 2536 562 2582 regione
575 2536 627 2572 sit
637 2536 868 2583 conjugium
880 2537 975 2572 boni
989 2544 1030 2572 et
1042 2538 1125 2573 veri
1138 2550 1146 2578 ;
1168 2545 1208 2573 et
1219 2538 1311 2584 quia
1322 2539 1472 2574 bonum
1484 2546 1545 2575 est
1555 2550 1666 2574 amo-

170 2588 233 2629 ris,
248 2595 288 2623 et
301 2600 437 2624 verum
452 2595 513 2624 est
526 2589 758 2635 sapientiae,
772 2590 882 2635 quod
902 2590 941 2625 in
956 2591 1176 2636 unaquavis
1192 2591 1354 2638 regione
1368 2592 1420 2627 sit
1433 2592 1663 2638 conjugium

169 2643 314 2678 amoris
327 2649 368 2678 et
385 2643 626 2689 sapientiae:
652 2650 694 2679 et
710 2643 818 2689 quod
838 2644 915 2679 hoc
926 2645 1157 2691 conjugium
1177 2646 1229 2681 sit
1247 2646 1352 2681 idem
1371 2657 1461 2681 cum
1476 2646 1666 2693 conjugio

170 2695 386 2731 voluntatis
401 2702 443 2731 et
457 2694 693 2735 inteneems.
706 2696 896 2742 quoniam
910 2698 1097 2734 voluntas
1115 2705 1177 2734 est
1194 2700 1490 2746 receptaculum
1505 2699 1664 2739 amoris,

170 2759 217 2784 ac
235 2748 459 2785 intellectus
478 2750 772 2796 receptaculum
791 2750 1022 2796 sapientiae.

241 2801 342 2839 Cum
362 2804 400 2839 in
420 2804 622 2850 profundo
639 2805 759 2852 hujus
777 2807 1034 2853 cogitationis
1053 2817 1171 2847 eram,
1186 2817 1278 2842 ecce
1295 2806 1378 2842 vidi
1398 2807 1500 2842 duos
1513 2817 1663 2853 cygnos

169 2856 350 2893 volantes
363 2869 502 2894 versus
517 2860 842 2904 septentrionem,
857 2867 898 2896 et
916 2871 1009 2895 mox
1023 2860 1123 2895 duas
1135 2871 1229 2896 aves
1244 2860 1509 2906 paradisiacas
1523 2860 1662 2895 volan-

170 2915 232 2944 tes
245 2920 382 2946 versus
395 2911 613 2952 meridiem,
629 2918 670 2947 et
686 2923 847 2958 quoque
862 2913 964 2948 duos
978 2920 1152 2948 turtures
1165 2913 1348 2948 volantes
1368 2913 1406 2947 in
1421 2913 1596 2953 oriente:
1621 2919 1663 2948 et

171 2972 261 2998 cum
282 2970 440 2999 secutus
461 2963 622 3009 aspectu
643 2965 812 3006 volatus,
833 2966 915 3000 vidi
937 2966 1044 3012 quod
1072 2965 1153 3000 bini
1179 2966 1295 3012 cygni
1319 2965 1524 3001 flecterent
1549 2977 1660 3000 suam

174 3015 275 3051 viam
296 3027 320 3052 a
343 3018 615 3063 septentrione
636 3019 686 3054 ad
708 3019 916 3060 orientem,
938 3019 1123 3055 similiter
1143 3020 1259 3055 binae
1279 3030 1373 3055 aves
1396 3019 1662 3065 paradisiacae
