2014 3386
512 355 579 387 DE
611 354 791 387 AMORE
823 354 1249 398 CONJUGIAL1.-N.
1279 357 1373 400 293.
1605 359 1689 403 229

191 473 421 504 nostrorum
443 478 466 503 a
487 478 602 503 mane
623 478 749 514 usque
766 467 815 503 ad
838 477 1067 513 vesperam:
1091 467 1158 503 vix
1177 467 1216 502 in
1236 467 1300 503 die
1316 467 1528 504 intercedit
1546 468 1690 508 horula

192 521 447 561 intercalaris,
464 528 536 556 vseu
555 520 594 556 in
613 532 692 567 qua
710 521 907 567 cogitatio
926 520 1112 556 intuitiva
1128 527 1266 556 nostra
1281 521 1331 556 ab
1350 521 1426 557 illis
1445 522 1561 567 plane
1579 531 1688 558 rece-

191 575 262 616 dit,
274 586 344 610 seu
361 582 422 610 est
438 575 603 616 absens;
620 574 796 611 vicissim
815 575 947 610 mariti
966 575 1016 611 de
1034 582 1173 611 nostro
1191 581 1299 611 statu
1314 586 1525 622 perparum
1538 575 1688 621 aliquid

191 628 232 663 in
250 628 316 664 die
332 628 536 675 cogitant:
563 627 656 663 inde
673 635 745 669 est,
764 628 873 674 quod
891 628 1064 664 sciamus
1078 639 1181 675 quae
1201 629 1359 664 illorum
1373 628 1571 675 sapientia
1590 630 1689 664 deli-

190 681 318 716 ciatur
335 681 374 716 in
393 681 530 717 nobis:
565 689 714 716 vocant
728 681 860 717 mariti
878 682 1115 728 sapientiam
1130 681 1237 717 illam
1250 681 1486 727 sapientiam
1506 682 1691 727 spiritua-

190 734 269 769 lem
299 734 547 774 rationalem,
573 745 620 770 ac
653 734 899 780 spiritualem
927 734 1140 776 moralem;
1174 735 1410 781 sapientiam
1441 734 1688 781 spiritualem

178 787 429 823 <rationalem
452 787 593 823 dicunt
618 798 706 823 esse
732 787 959 824 intellectus
984 793 1025 823 et
1058 788 1350 834 cognitionum,
1377 799 1424 823 ac
1449 787 1688 833 sapientiam

190 840 438 886 spiritualem
458 841 647 876 moralem
667 841 806 876 dicunt
827 852 914 876 esse
935 841 1155 877 voluntatis
1176 847 1217 876 et
1237 841 1363 882 vitae;
1388 847 1430 877 at
1447 841 1585 876 ambas
1604 841 1691 876 illas

190 894 443 940 conjungunt
475 901 517 929 et
551 893 703 929 faciunt
732 905 863 935 unam,
894 900 936 930 et
964 900 1148 930 statuunt
1177 894 1286 941 quod
1320 894 1439 940 hujus
1472 893 1691 940 sapientiae

190 947 457 983 amoenitates
478 958 500 982 e
519 947 720 983 mentibus
739 947 894 983 illorum
914 947 1230 983 transcribantur
1251 947 1290 982 in
1309 947 1472 982 delicias
1494 947 1533 982 in
1556 946 1692 993 pecto-

191 1000 301 1035 ribus
322 1001 480 1041 nostris,
503 1007 544 1035 et
569 1011 592 1035 a
612 1000 760 1036 nostris
786 1001 825 1036 in
852 1000 1015 1047 peitora
1040 1000 1209 1042 illorum,
1230 1007 1272 1036 et
1294 1000 1352 1036 sic
1377 1001 1428 1036 ad
1454 1000 1690 1047 sapientiam

191 1052 386 1099 originem
408 1065 531 1094 suam,
550 1053 749 1089 redeant.’'

266 1106 316 1141 Et
329 1113 426 1141 tunc
441 1106 631 1152 quaesivi,
646 1118 740 1141 num
759 1106 887 1142 sciant
903 1106 1053 1153 aliquid
1072 1106 1160 1153 plus
1174 1106 1223 1142 de
1242 1106 1439 1153 sapientia
1457 1106 1691 1142 maritorum

192 1159 405 1195 deliciante
425 1159 463 1194 in
481 1160 608 1195 vobis.
705 1193 711 1198 .

266 1212 474 1251 Dixerunt.
493 1218 513 1231 ‘⁴
527 1212 704 1253 Scimus:
731 1219 792 1248 est
809 1212 1007 1259 sapientia
1019 1212 1247 1258 spiritualis,
1262 1219 1302 1248 et
1321 1212 1413 1248 inde
1428 1211 1634 1248 rationalis
1652 1218 1693 1247 et

193 1266 376 1307 moralis:
409 1266 606 1311 sapientia
631 1266 846 1312 spiritualis
872 1272 933 1301 est
958 1276 1175 1313 agnoscere
1203 1265 1420 1301 Dominum
1443 1264 1692 1301 Salvatorem

194 1329 266 1366 pro
287 1318 372 1354 Deo
390 1319 488 1354 caeli
510 1326 550 1354 et
571 1326 710 1360 terrae,
729 1326 769 1354 et
789 1320 839 1354 ab
863 1318 967 1365 Ipso,
985 1319 1095 1365 quod
1117 1319 1162 1354 fit
1183 1330 1253 1365 per
1270 1319 1447 1354 Verbum
1470 1329 1516 1354 ac
1537 1318 1693 1364 praedi·

193 1371 372 1407 cationes
394 1372 499 1412 inde,
516 1383 747 1418 comparare
768 1372 843 1407 sibi
865 1372 1056 1408 ecclesiae
1076 1383 1181 1412 vera,
1201 1372 1308 1407 unde
1330 1372 1549 1418 spiritualis
1570 1371 1694 1406 ratio-

194 1425 359 1466 nalitas;
384 1432 426 1460 et
444 1425 493 1460 ab
514 1424 607 1470 Ipso
624 1425 760 1460 vivere
774 1425 996 1460 secundum
1016 1425 1093 1466 illa,
1108 1425 1215 1460 unde
1230 1425 1449 1471 spiritualis
1463 1424 1692 1464 moralitas;

194 1478 266 1513 has
284 1478 383 1513 duas
400 1485 548 1513 vocant
562 1478 693 1513 mariti
712 1478 959 1524 sapientiam,
974 1489 1076 1524 quae
1094 1478 1134 1512 in
1151 1489 1296 1524 genere
1314 1484 1504 1524 operatur
1515 1488 1694 1513 amorem

193 1542 286 1566 vere
300 1531 580 1577 conjugialem.
630 1531 871 1566 Audivimus
888 1532 938 1566 ab
957 1531 1033 1566 illis
1051 1531 1170 1566 etiam
1186 1542 1357 1572 causam,
1372 1531 1479 1577 quod
1499 1542 1569 1577 per
1586 1531 1694 1566 illam

195 1584 430 1630 sapientiam
443 1584 672 1630 aperiantur
685 1584 875 1619 interiora
889 1584 1035 1619 mentis
1049 1590 1090 1619 et
1105 1584 1197 1619 inde
1211 1584 1390 1630 corporis
1405 1584 1575 1625 illorum,
1587 1585 1695 1619 unde

195 1637 332 1672 existit
350 1637 450 1672 liber
466 1638 658 1672 transitus
678 1649 702 1672 a
723 1637 859 1683 primis
876 1648 1002 1683 usque
1024 1637 1071 1672 ad
1095 1637 1236 1672 ultima
1257 1648 1329 1683 pro
1349 1648 1453 1672 vena
1469 1637 1627 1677 amoris,
1646 1648 1696 1672 ex

195 1691 309 1736 cujus
323 1689 482 1731 affluxu,
497 1690 746 1730 sufficientia,
761 1697 802 1725 et
814 1690 974 1731 virtute,
990 1691 1139 1735 pendet
1153 1697 1194 1725 et
1208 1690 1308 1725 vivit
1322 1701 1436 1725 arnor
1444 1689 1695 1737 conjugialis.

197 1743 403 1790 Sapientia
424 1743 658 1778 maritorum
682 1750 910 1779 nostrorum
933 1743 1151 1789 spiritualis
1173 1743 1378 1779 rationalis
1404 1749 1445 1778 et
1471 1743 1633 1779 moralis
1655 1743 1695 1778 in

196 1797 329 1843 specie
349 1797 481 1843 quoad
503 1797 735 1843 conjugium
758 1807 829 1842 pro
851 1796 929 1832 fine
950 1803 990 1832 et
1011 1807 1134 1842 scopo
1156 1797 1278 1832 habet
1295 1807 1429 1831 amare
1449 1796 1575 1831 solam
1597 1807 1697 1831 uxo-

197 1861 291 1890 rem,
313 1857 354 1885 et
374 1861 519 1885 exuere
540 1861 701 1885 omnem
722 1849 1090 1895 concupiscentiam
1112 1850 1161 1884 ad
1184 1850 1301 1885 alias:
1334 1856 1376 1885 et
1401 1855 1595 1895 quantum
1618 1848 1696 1884 hoc

197 1903 252 1944 fit,
270 1910 428 1939 tantum
456 1903 656 1939 exaltatur
681 1914 794 1939 amor
820 1903 1043 1949 ille-quoad
1069 1903 1248 1950 gradum,
1267 1913 1313 1938 ac
1340 1903 1544 1948 perficitur
1560 1902 1693 1948 quoad

196 1957 324 2002 quale,
342 1963 384 1992 et
401 1967 561 2003 quoque
578 1963 737 1991 tantum
756 1955 983 1992 distinffius
1001 1963 1043 1991 et
1063 1956 1299 2002 exquisitius
1318 1956 1513 1991 sentimus
1532 1955 1696 1991 delicias

198 2009 238 2044 in
257 2010 372 2045 nobis
385 2010 746 2056 correspondentes
758 2009 944 2056 jucundis
958 2008 1214 2045 affectionum
1235 2016 1275 2044 et
1292 2009 1472 2044 amoenis
1486 2009 1698 2056 cogitatio-

198 2073 293 2098 num
313 2063 545 2098 maritorum
566 2062 832 2098 nostrorum.’'

271 2115 419 2151 Postea
435 2116 624 2162 quaesivi,
644 2126 738 2150 num
756 2116 886 2151 sciant
903 2115 1110 2162 quomodo
1127 2115 1173 2150 fit
1189 2114 1514 2150 communicatio.

270 2168 479 2209 Dixerunt,
502 2168 580 2204 “In
602 2169 713 2204 omni
734 2167 1018 2215 conjunftione
1039 2180 1110 2215 per
1129 2179 1307 2204 amorem
1329 2168 1405 2203 erit
1425 2167 1541 2208 actio,
1563 2178 1700 2213 recep-

198 2222 268 2263 tio,
289 2229 331 2258 et
359 2221 528 2264 reafflo:
558 2229 687 2258 status
708 2222 922 2258 deliciosus
944 2223 1091 2258 amoris
1113 2222 1241 2257 nostri
1263 2228 1325 2258 est
1345 2232 1469 2268 agens
1490 2233 1560 2257 seu
1581 2220 1698 2261 aftio,

199 2283 328 2313 status
354 2276 574 2322 sapientiae
597 2277 830 2312 maritorum
858 2283 919 2312 est
944 2276 1139 2322 recipiens
1165 2287 1234 2311 seu
1260 2276 1449 2322 receptio,
1471 2282 1512 2311 et
1537 2285 1700 2321 quoque

201 2335 262 2365 est
288 2340 452 2376 reagens
473 2341 543 2365 seu
570 2328 718 2365 reactio
739 2330 960 2365 secundum
984 2329 1293 2376 perceptionem.
1316 2335 1357 2364 et
1383 2329 1482 2364 haec
1503 2327 1652 2364 reaCtio
1677 2339 1701 2363 a

201 2382 316 2418 nobis
343 2382 559 2428 percipitur
582 2393 672 2418 cum
701 2382 853 2418 deliciis
885 2382 924 2417 in
952 2381 1112 2428 pectore
1133 2382 1352 2417 secundum
1375 2386 1525 2417 statum
1550 2381 1701 2427 jugiter

200 2446 418 2482 expansum
446 2442 488 2470 et
517 2442 793 2481 praeparatum
822 2435 872 2471 ad
905 2435 1177 2481 recipiendum
1207 2435 1284 2475 illa,
1303 2445 1405 2481 quae
1432 2445 1523 2469 cum
1550 2434 1700 2469 virtute

200 2488 306 2534 apud
326 2489 501 2529 maritos,
516 2488 572 2523 ita
588 2499 749 2534 quoque
766 2499 856 2523 cum
871 2495 979 2524 statu
996 2494 1176 2523 extremo
1190 2487 1337 2523 amoris
1354 2487 1460 2533 apud
1479 2498 1551 2522 nos
1569 2487 1702 2532 aliqua

202 2541 356 2576 ratione
381 2542 598 2577 cohaerent
624 2547 665 2577 et
691 2541 783 2576 inde
810 2541 1067 2587 procedunt.''
1119 2540 1245 2576 Porro
1266 2541 1463 2581 dixerunt,
1486 2539 1625 2575 “Cave
1651 2550 1702 2574 ne

203 2605 273 2639 per
289 2594 462 2635 delicias,
481 2605 578 2640 quas
597 2594 916 2635 memoravimus,
933 2593 1130 2640 intelligas
1148 2593 1310 2628 delicias
1326 2593 1429 2628 illius
1444 2593 1590 2628 amoris
1608 2591 1702 2626 ulti-

205 2657 306 2688 mas:
333 2647 383 2682 de
404 2647 465 2682 his
487 2657 682 2693 nusquam
702 2647 850 2693 aliquid
869 2646 1079 2693 loquimur,
1098 2647 1168 2682 sed
1191 2647 1241 2682 de
1263 2646 1416 2681 deliciis
1435 2645 1701 2691 pectoralibus

207 2700 362 2740 nostris,
379 2711 548 2747 quarum
567 2707 760 2746 perpetua
779 2700 1137 2748 correspondentia
1156 2707 1218 2735 est
1238 2711 1329 2735 cum
1352 2705 1459 2736 statu
1482 2698 1702 2745 sapientiae

206 2753 439 2788 maritorum
459 2753 724 2789 nostrorum.”

274 2805 372 2841 Post
384 2806 482 2842 hacc
493 2806 676 2852 apparuit
690 2817 711 2841 e
722 2806 944 2853 longinquo
954 2812 1145 2852 tanquam
1157 2805 1342 2841 columba
1353 2805 1493 2840 volans
1503 2814 1593 2839 cum
1606 2802 1702 2838 folio

205 2858 356 2894 arboris
383 2859 422 2894 in
449 2870 538 2900 ore:
571 2859 642 2894 sed
668 2859 772 2894 sicut
791 2859 1139 2905 appropinquavit,
1161 2859 1251 2894 loco
1276 2858 1485 2893 columbae
1507 2857 1615 2891 visus
1641 2862 1703 2891 est

209 2910 395 2955 puerulus
416 2921 506 2945 cum
533 2910 672 2946 charta
698 2910 737 2945 in
763 2921 893 2951 manu,
915 2917 956 2946 et
981 2911 1032 2946 ad
1059 2921 1133 2945 nos
1150 2910 1343 2945 accedens
1366 2909 1471 2943 illam
1495 2907 1590 2942 mihi
1613 2917 1703 2952 por-

209 2962 320 3002 rexit,
331 2968 372 2998 et
385 2963 496 3003 dixit,
512 2968 532 2981 ‘⁴
547 2963 651 3010 Lege
667 2963 773 2998 illam
787 2974 921 2998 coram
937 2963 998 2998 his
1013 2962 1232 3009 virginibus
1247 2962 1368 2997 fontis
1380 2962 1411 3002 ;“’
1433 2967 1474 2996 et
1491 2960 1567 3006 legi
1585 2959 1702 3000 haec:

211 3014 318 3050 “Dic
338 3016 533 3052 terricolis
559 3027 649 3051 cum
675 3016 819 3062 quibus
845 3027 898 3056 es,
919 3016 1027 3062 quod
1054 3016 1174 3051 detur
1197 3026 1309 3050 amor
1334 3025 1426 3050 vere
1451 3013 1706 3059 conjugialis,
