2014 3386
524 343 591 376 DE
623 342 802 375 AMORE
834 342 1260 386 CONJUGIALI.—N.
1293 315 1385 388 1'94.
1619 337 1694 378 161

206 457 347 511 possit
371 471 475 498 vere
497 456 812 510 conjugialiter
833 470 984 498 amare
1011 455 1266 510 conjugem,
1288 458 1364 511 qui
1390 457 1433 498 in
1455 457 1578 499 sastu'
1595 473 1697 512 pro·

205 521 327 574 priae
353 519 686 573 intelligentiae
712 534 772 560 ex
799 533 951 561 amore
978 521 1044 561 sui
1070 526 1154 561 est.
1216 520 1462 574 Postquam
1494 521 1700 562 intellec-

205 590 302 624 tum
343 589 413 624 est
453 583 539 624 hoc
580 596 793 624 arcanum
835 584 1076 624 creationis
1112 583 1305 625 feminae
1345 598 1372 625 a
1411 585 1519 633 viro,
1559 585 1700 639 videri

204 652 360 699 potest
387 646 508 700 quod
539 646 704 687 semina
729 646 938 688 similiter
959 647 1085 700 quasi
1117 640 1294 688 creetur
1320 661 1399 688 seu
1430 648 1648 689 formetur
1674 663 1699 689 a

203 710 301 750 viro
325 710 370 750 in
393 709 616 762 conjugio,
641 716 687 751 et
710 711 830 764 quod
856 710 943 751 hoc
970 709 1048 751 fiat
1075 710 1132 751 ab
1158 725 1315 760 uxore,
1340 717 1417 752 aut
1444 712 1593 764 potius
1621 725 1700 764 per

204 785 395 814 uxorem
422 787 448 813 a
470 773 683 822 Domino,
712 774 785 827 qui
817 773 977 814 infudit
1009 773 1329 815 inclinationes
1355 775 1400 815 in
1426 775 1616 815 feminas
1642 775 1700 816 ad

203 837 269 878 ita
290 836 571 877 faciendum:
605 850 723 877 uxor
744 836 863 877 enim
896 837 939 877 in
966 850 1014 876 se
1045 837 1204 890 recipit
1236 838 1482 890 imaginem
1509 839 1588 878 viri
1621 851 1701 891 per

202 899 326 953 quod
367 899 628 952 appropriet
669 899 753 940 sibi
793 899 885 952 ejus
916 898 1176 940 affectiones
1217 899 1443 953 (videatur
1475 914 1623 954 supra,
1657 914 1700 941 n.

208 962 336 1017 183);
379 970 427 1004 et
468 977 547 1016 per
586 963 707 1016 quod
748 963 996 1016 conjungat
1036 964 1263 1004 internam
1294 964 1375 1005 viri
1414 964 1700 1005 voluntatem

202 1039 304 1068 cum
346 1041 440 1076 sua,
469 1027 525 1067 de
563 1021 652 1080 quo
690 1028 919 1081 sequitur;
962 1032 1007 1068 et
1038 1041 1214 1081 quoque
1247 1041 1326 1081 per
1356 1028 1476 1081 quod
1518 1028 1700 1069 addicet

202 1091 287 1132 sibi
319 1091 593 1145 propagines
624 1091 801 1131 animae
832 1090 939 1143 ejus,
973 1091 1029 1132 de
1061 1105 1149 1145 quo
1180 1091 1318 1132 etiam
1350 1092 1564 1145 sequitur.
1624 1091 1700 1132 Ex

203 1155 272 1196 his
313 1160 455 1208 patet,
489 1154 610 1208 quod
650 1154 816 1195 femina
846 1154 1094 1195 secundum
1127 1155 1480 1207 descriptionem
1513 1156 1700 1196 interius

203 1217 489 1259 intellectam
521 1219 566 1259 in
599 1217 734 1259 Libro
768 1216 1031 1266 Cre-ationis,
1064 1218 1282 1259 formetur
1312 1219 1356 1259 in
1388 1232 1592 1267 uxorem,
1622 1232 1701 1272 per

203 1281 318 1323 talia
343 1296 458 1337 quae
485 1282 683 1324 desumit
709 1296 769 1323 ex
795 1282 960 1322 marito
987 1287 1033 1323 et
1065 1281 1158 1335 ejus
1191 1280 1389 1336 pectore,
1418 1288 1465 1323 et
1496 1282 1699 1324 inscribit

203 1345 303 1387 sibi.

289 1418 421 1463 194.
459 1406 561 1462 (ix.)
598 1406 727 1459 Quod
730 1408 951 1460 formatio
968 1407 1049 1450 illa
1058 1408 1152 1463 fiat
1173 1408 1228 1450 ab
1250 1423 1388 1450 uxore
1408 1409 1549 1450 modis
1570 1422 1698 1450 arca-

204 1472 289 1522 nis,
313 1479 356 1513 et
374 1472 494 1526 qnod
508 1471 587 1512 lzoc
606 1471 885 1525 intelligatur
898 1478 988 1525 per
1010 1472 1314 1526 quodfemz‘na
1339 1479 1488 1514 creata
1508 1473 1571 1513 sz't
1593 1473 1698 1514 dor-

203 1536 362 1577 miente
397 1532 762 1588 vz'r0.—'-Legitur
794 1537 839 1576 in
870 1535 1007 1576 Libro
1041 1535 1305 1585 Creatz'om‘s,
1340 1537 1460 1590 quod
1491 1536 1697 1589 Jehovah

204 1600 329 1640 Deus
366 1599 528 1640 cadere
564 1598 719 1639 fecerit
751 1612 960 1640 somnum
993 1613 1179 1652 gravem
1212 1613 1345 1652 super
1376 1599 1623 1648 Adamum,
1652 1606 1700 1640 ut

203 1664 500 1712 obdormiret,
542 1670 588 1704 et
634 1669 742 1704 tunc
782 1664 1024 1716 sumpserit
1065 1676 1200 1703 unam
1240 1663 1297 1704 de
1337 1664 1477 1704 costis
1509 1663 1616 1716 ejus,
1651 1669 1698 1705 et

203 1726 508 1768 aedificaverit
534 1726 658 1767 illam
689 1727 733 1766 in
761 1726 992 1767 mulierem
1022 1725 1138 1779 (cap.
1166 1727 1207 1767 ii.
1234 1737 1301 1775 21,
1331 1726 1432 1780 22);
1467 1727 1587 1780 quod
1619 1741 1698 1780 per

205 1790 485 1832 “somnum''
511 1796 557 1831 et
587 1789 1044 1831 “obdormitionem'’
1070 1790 1165 1839 viri,
1193 1789 1471 1843 significetur
1497 1790 1698 1843 plenaria

202 1854 463 1908 ignorantia
502 1852 609 1906 ejus,
643 1853 764 1906 quod
796 1867 911 1894 uxor
946 1853 1163 1894 formetur
1194 1860 1240 1894 et
1280 1854 1396 1894 sicut
1433 1860 1621 1894 creetur·
1641 1853 1699 1894 ab

202 1917 295 1967 illo,
319 1923 448 1970 patet
475 1930 534 1957 ex
562 1916 759 1957 ostensis
786 1916 829 1956 in
856 1916 1161 1970 praecedente
1188 1917 1351 1969 capite,
1376 1923 1423 1957 et
1449 1930 1627 1970 quoque
1653 1917 1698 1957 in

203 1981 305 2030 hoc,
339 1981 395 2021 de
437 1980 570 2021 insita
607 1979 847 2033 prudentia
880 1986 927 2020 et
964 1978 1367 2032 circumspectione
1400 1993 1607 2028 uxorum,
1641 1993 1697 2021 ne

203 2044 442 2097 quicquam
482 2042 698 2095 evulgent
735 2043 791 2083 de
833 2055 986 2083 amore
1026 2056 1120 2091 suo,
1163 2056 1246 2084 nec
1288 2043 1345 2084 de
1385 2043 1697 2096 assumptione

202 2106 489 2149 affee'tionum
517 2107 638 2146 vitae
665 2106 759 2154 viri,
788 2112 834 2147 et
861 2106 923 2146 sic
950 2106 1302 2159 transcriptione
1329 2105 1421 2159 ejus
1447 2107 1698 2159 sapientiae

203 2171 247 2212 in
274 2185 349 2222 se3
383 2170 502 2224 quod
525 2170 610 2210 hoc
633 2167 712 2210 fiat
730 2169 787 2209 ab
805 2183 962 2218 uxore,
983 2170 1215 2210 nesciente
1233 2176 1279 2210 et
1298 2170 1422 2223 quasi
1441 2169 1697 2211 dormiente

203 2234 381 2282 marito,
415 2234 480 2273 ita
519 2232 665 2273 modis
705 2233 894 2281 arcanis,
929 2238 1059 2284 patet
1100 2233 1158 2273 ab
1189 2232 1433 2285 explicatis
1465 2246 1600 2285 supra
1634 2231 1696 2286 (n.

209 2297 412 2345 166-168,
447 2295 592 2349 seq.);
639 2295 713 2336 ubi
745 2296 883 2336 etiam
923 2295 1187 2344 illustratur,
1221 2296 1342 2349 quod
1382 2296 1626 2348 prudentia,
1653 2296 1697 2336 id

205 2360 452 2414 peragendi
492 2359 750 2400 mulieribus
787 2373 813 2399 a
853 2359 1100 2408 creatione,
1141 2365 1188 2400 et
1229 2359 1334 2400 inde
1371 2373 1398 2400 a
1437 2360 1695 2408 nativitate,

203 2424 339 2465 insita
364 2424 437 2472 sit,
466 2429 652 2476 propter
678 2436 851 2471 causaS,
879 2436 994 2476 quae
1026 2429 1130 2463 sunt
1164 2423 1475 2471 necessitates,
1505 2429 1553 2463 ut
1586 2435 1696 2463 con-

199 2486 378 2541 jugialis
419 2499 559 2535 amor,
602 2486 815 2534 amicitia,
854 2491 900 2526 et
939 2485 1228 2535 confidentia,
1267 2492 1314 2527 et
1355 2486 1417 2526 sic
1458 2485 1698 2526 beatitudo

204 2550 572 2598 cohabitationis,
615 2556 662 2590 et
701 2549 895 2590 felicitas
936 2550 1071 2598 vitae,
1114 2549 1518 2599 constabiliantur;
1560 2562 1710 2602 quare-

205 2619 253 2654 ut
280 2613 365 2655 hoc
392 2614 476 2654 rite
503 2612 594 2660 fiat,
619 2611 864 2665 injunctum
892 2619 962 2653 est
989 2613 1098 2661 viro,
1123 2618 1172 2653 ut
1197 2612 1421 2666 relinquat
1449 2619 1624 2664 patrem
1651 2617 1698 2652 et

205 2683 412 2726 matrem,
440 2682 487 2717 et
519 2676 767 2717 adhaereat
800 2676 928 2716 uxori
963 2674 1137 2729 (Genes.
1164 2675 1207 2716 ii.
1229 2686 1314 2726 243
1345 2674 1511 2716 Mattlz.
1535 2675 1631 2714 xix.
1652 2684 1696 2724 4,

208 2738 278 2793 5);
312 2752 391 2793 per
419 2743 632 2792 “patrem
658 2745 705 2780 et
731 2737 964 2787 matrem,''
989 2752 1102 2792 quos
1128 2739 1194 2779 vir
1218 2737 1456 2791 relinquet,
1486 2738 1529 2777 in
1562 2750 1697 2776 sensu

204 2802 425 2855 spirituali
451 2802 722 2855 intelligitur
747 2801 840 2854 ejus
871 2802 1099 2855 proprium
1123 2800 1372 2841 voluntatis
1399 2807 1445 2840 et
1468 2799 1696 2852 proprium

204 2863 477 2915 intellectus,
506 2871 552 2906 et
584 2865 810 2918 proprium
841 2864 1094 2905 voluntatis
1124 2863 1319 2904 hominis
1351 2869 1422 2903 est
1449 2875 1600 2902 amare
1631 2874 1695 2910 se,

206 2933 253 2969 et
280 2929 508 2981 proprium
539 2926 799 2969 intellectus
830 2927 923 2980 ejus
949 2933 1020 2968 est
1052 2940 1204 2967 amare
1236 2939 1363 2967 suam
1396 2924 1695 2977 sapientiam;

200 2997 254 3033 'et
285 3004 364 3046 per
392 2991 674 3033 “adhaerere
686 2990 705 3007 ”
730 2990 1009 3045 significatur
1033 2990 1244 3031 addicare
1275 3003 1323 3030 se
1350 2988 1491 3030 amori
1513 2987 1696 3039 uxoris;
