2028 3406
269 585 656 664 DELICIAE
719 580 1214 662 SAPIENTIAE
1284 581 1390 658 DE
1462 545 1758 657 AMORE

761 702 1271 798 CONJUGIALI.

944 1051 952 1059 .
972 1010 1048 1066 [1.]

719 1133 1295 1168 PRAELJMJNARJA.

467 1247 543 1290 DE
576 1246 792 1290 GAUDns
824 1245 998 1295 CAELI,
1027 1254 1091 1286 ET
1123 1253 1191 1286 DE
1223 1243 1432 1300 Num-ns
1463 1251 1548 1285 1131.

343 1383 393 1416 1.
414 1371 692 1413 *Praevideo
713 1369 834 1424 quod
858 1368 988 1411 multi
1015 1368 1089 1423 qui
1115 1368 1276 1422 legunt
1299 1367 1536 1422 sequentia
1556 1365 1685 1416 haec,
1709 1371 1757 1408 et

258 1435 575 1478 Memorabilia
605 1441 710 1488 post
743 1434 906 1487 capita,
940 1432 1153 1474 credituri
1184 1432 1275 1472 sint
1316 1431 1438 1485 quod
1469 1431 1560 1472 sint
1592 1430 1753 1483 imagi-

257 1500 456 1542 nationis
480 1499 694 1549 inventa;
732 1497 812 1538 sed
844 1510 1057 1538 assevero
1088 1496 1132 1536 in
1163 1495 1358 1536 veritate
1389 1494 1510 1548 quod
1541 1506 1632 1535 non
1664 1494 1754 1535 sint

257 1563 461 1612 inventa,
489 1562 570 1603 sed
595 1575 701 1603 vere
726 1559 846 1602 faeta
871 1566 917 1601 et
942 1560 1068 1610 visa3
1101 1572 1184 1600 nec
1211 1559 1309 1599 visa
1333 1557 1378 1598 in
1404 1557 1603 1611 quodam
1630 1563 1755 1598 statu

258 1627 426 1669 mentis
452 1626 644 1680 sopitae,
672 1624 753 1666 sed
786 1625 830 1665 in
857 1629 981 1665 statu
1007 1622 1170 1676 plenae
1195 1621 1403 1675 vigiliae:
1438 1620 1610 1674 placuit
1634 1621 1752 1662 enim

258 1689 458 1732 Domino
484 1687 542 1730 Se
565 1688 718 1741 Ipsum
741 1687 850 1728 mihi
876 1686 1179 1735 manifestare,
1208 1692 1254 1726 et
1281 1697 1353 1726 me
1379 1685 1562 1726 mittere
1588 1684 1646 1726 ad
1673 1685 1754 1725 do-

258 1752 452 1795 cendum
475 1751 566 1801 illa,
593 1765 708 1806 quae
733 1756 866 1792 erunt
897 1749 1057 1791 Novae
1089 1748 1340 1797 Ecclesiae,
1368 1761 1483 1802 quae
1516 1760 1595 1802 per
1623 1748 1754 1790 “No-

257 1828 363 1858 vam
390 1814 760 1867 Hierosolymam
774 1813 794 1829 ’‘
825 1814 869 1854 in
909 1812 1189 1866 Apocalypsi
1220 1811 1522 1865 intelligitur;
1569 1818 1755 1865 propter

258 1892 394 1934 quem
425 1877 561 1919 finem
592 1877 807 1919 interiora
838 1877 1005 1918 mentis
1037 1882 1083 1917 et
1113 1876 1295 1929 spiritus
1327 1875 1415 1916 mei
1446 1876 1651 1929 aperuit;
1693 1889 1754 1917 ex

258 1956 348 1997 quo
374 1941 482 1983 mihi
508 1941 667 1983 datum
693 1946 765 1982 est
791 1941 835 1981 in
862 1940 1033 1981 mundo
1059 1938 1280 1993 spirituali
1304 1951 1406 1980 cum
1432 1938 1612 1992 angelis
1638 1952 1753 1989 esse,

258 2013 306 2050 et
331 2005 464 2048 simul
494 2006 539 2046 in
569 2005 740 2046 mundo
766 2003 961 2045 naturali
986 2016 1088 2045 cum
1113 2002 1398 2054 hominibus;
1440 2008 1487 2044 et
1518 2002 1604 2045 hoc
1637 2016 1754 2044 nunc

258 2083 339 2124 per
363 2070 526 2124 viginti
552 2069 746 2124 quinque
772 2081 929 2110 annos.
952 2113 954 2115 ,
1204 2059 1209 2065 ’

329 2282 377 2314 2.
411 2274 625 2322 Quondam
648 2274 746 2310 mihi
764 2274 873 2310 visus
899 2280 961 2310 est
981 2274 1146 2321 angelus
1167 2274 1241 2309 sub
1266 2273 1378 2309 caelo
1398 2272 1582 2309 orientali
1603 2272 1756 2312 volans.

258 2328 322 2365 cui
342 2329 440 2364 tuba
460 2335 544 2363 erat
570 2328 610 2362 in
632 2338 751 2363 manu
776 2334 816 2363 et
842 2327 892 2362 ad
919 2338 976 2367 os,
999 2327 1066 2374 qui
1093 2326 1244 2362 clanxit
1262 2337 1403 2370 ,versus
1424 2325 1754 2372 septentrionem,

258 2392 395 2417 versus
421 2381 684 2422 occidentem,
710 2387 750 2416 et
780 2391 918 2416 versus
947 2380 1166 2416 meridiem.
1219 2379 1389 2415 Indutus
1418 2386 1504 2415 erat
1533 2378 1755 2424 chlamyde,

259 2445 359 2480 quae
381 2445 429 2470 ex
449 2434 587 2469 volatu
605 2434 754 2468 fluebat
772 2440 1008 2474 retrorsum;
1034 2440 1074 2468 et
1095 2431 1250 2468 cinctus
1271 2439 1357 2468 erat
1377 2432 1498 2467 fascia
1519 2443 1568 2467 ex
1594 2431 1756 2478 pyropis

259 2493 300 2522 et.
317 2486 514 2533 sapphiris
530 2487 633 2522 sicut
650 2486 881 2522 flammante
902 2492 943 2522 et
963 2486 1141 2522 lucente:
1167 2497 1316 2532 pronus
1333 2485 1506 2525 volabat,
1526 2491 1567 2520 et
1593 2484 1755 2520 demisit

259 2549 301 2575 se
326 2539 433 2576 lente
461 2539 500 2575 in
531 2546 689 2580 terram,
716 2550 818 2586 quae
850 2539 946 2574 mihi
977 2539 1188 2575 continens
1218 2545 1328 2574 erat:
1360 2545 1406 2574 ut
1435 2538 1571 2584 tetigit
1597 2544 1755 2576 terram,

258 2591 413 2628 erectus
430 2603 550 2639 super
569 2593 669 2639 pede
686 2593 798 2628 vadit
819 2592 897 2627 huc
916 2592 1018 2632 illuc,
1037 2598 1077 2627 et
1102 2599 1199 2627 tunc
1221 2603 1283 2628 me
1301 2591 1388 2627 viso
1410 2591 1555 2626 direxit
1575 2601 1754 2637 gressum

261 2644 309 2680 ad
328 2655 403 2688 me.
455 2645 571 2681 Eram
591 2645 630 2681 in
645 2645 796 2692 spiritu,
815 2652 856 2681 et
874 2645 914 2680 in
932 2645 1009 2681 hoc
1027 2645 1180 2681 stabam
1194 2655 1313 2691 super
1325 2644 1427 2680 colle
1446 2644 1486 2679 in
1505 2644 1621 2690 plaga
1639 2643 1756 2679 meri-

262 2697 423 2734 dionali.

331 2749 392 2786 Ac
417 2761 509 2786 cum
536 2761 660 2797 prope
685 2757 780 2792 erat,
802 2751 999 2787 allocutus
1026 2750 1136 2785 illum
1157 2749 1346 2796 quaesivi,
1369 2749 1510 2797 “Quid
1537 2749 1592 2785 rei
1619 2747 1754 2784 nunc?

259 2801 393 2837 audivi
411 2802 637 2850 clangorem
655 2805 775 2839 tubae
792 2811 897 2844 tuae,
915 2810 956 2839 et
973 2803 1056 2839 vidi
1075 2803 1312 2839 descensum
1330 2809 1444 2838 tuum
1464 2813 1533 2848 per
1551 2800 1719 2837 aerem.'’

331 2853 510 2901 Angelus
524 2857 740 2902 respondit,
754 2862 773 2875 ¹·
786 2857 932 2892 Missus
944 2867 1031 2892 sum
1044 2856 1094 2892 ad
1106 2856 1410 2892 convocandum
1422 2853 1754 2891 celebratissimos

299 3000 322 3024 ⁸
345 3001 452 3033 Nom
473 3005 753 3035 ED1TOR18.—Ab
768 3004 911 3036 Audtore
924 3005 976 3036 hic
990 3005 1210 3044 paragraphus
1224 3004 1320 3043 signis
1334 3003 1490 3034 citationis
1504 3003 1644 3033 inclusus
1659 3009 1715 3033 est.
