2014 3386
323 363 404 405 260
774 374 1016 407 DELICIAE
1048 350 1351 407 SAPIENTIAE

323 485 362 520 in
384 485 524 521 ordine
554 486 775 522 secundum
805 487 937 523 caelos
969 487 1137 522 influant
1167 496 1216 523 ex
1252 486 1397 524 Divina
1424 473 1588 522 Domini
1613 478 1818 534 sapientia.

321 550 424 585 quae
442 545 503 574 est
523 539 689 575 infinita.

392 599 503 639 327.
532 591 607 627 His
626 591 795 638 peraCtis
812 592 894 628 dixi
911 593 961 628 ad
980 593 1197 633 adstantes,
1217 597 1237 611 ‘⁸
1252 592 1309 628 Ex
1328 593 1390 628 his
1407 593 1535 628 tribus
1553 593 1821 639 experientiae

323 646 490 686 indiciis,
507 645 666 681 vidistis
683 646 800 691 quale
825 652 886 681 est
913 645 1125 681 discrimen
1149 645 1252 681 inter
1271 645 1476 691 spirituale
1502 653 1543 682 et
1570 646 1760 687 naturale,
1777 653 1820 682 et

325 709 487 745 quoque
516 710 676 734 causam
706 709 776 734 cur
806 698 998 734 naturalis
1028 698 1151 734 homo
1184 710 1265 734 non
1294 705 1483 745 appareat
1512 699 1718 745 spirituali,
1748 710 1822 736 nec

322 751 537 798 spiritualis
555 751 679 787 homo
697 751 889 792 naturali:
915 752 1075 787 tametsi
1094 752 1227 797 quoad
1241 751 1474 787 affefflones
1491 759 1531 787 et
1544 752 1820 798 cogitationes.

322 812 363 840 et
382 803 736 850 inde‘praesentias
757 804 977 840 consociati
995 811 1088 840 sunt
1103 815 1110 840 :
1137 804 1230 840 inde
1249 811 1321 845 est,
1335 806 1444 851 quod
1462 805 1546 846 tibi,
1562 805 1821 842 Archididas-

321 859 416 898 cale,
437 858 476 892 in
494 858 560 893 via
573 868 678 893 nunc
695 857 805 893 visus
820 858 907 896 sim,
926 864 967 893 et
986 868 1091 893 nunc
1110 868 1190 893 non
1208 858 1354 893 visus.”

395 910 494 946 Post
515 910 613 946 haec
635 911 771 946 audita
792 917 854 946 est
873 921 952 946 vox
977 921 999 946 e
1020 910 1213 957 superiori
1231 911 1345 946 caelo
1363 911 1414 946 ad
1436 911 1821 952 Archididascalum.

322 963 469 1004 dicens,
490 964 709 999 “Ascende
731 964 809 999 huc
823 964 856 999 :⁵¹
881 970 922 999 et
942 964 1134 1004 ascendit,
1152 970 1193 1000 et
1211 964 1339 1004 rediit,
1358 971 1399 1000 et
1420 964 1531 1004 dixit,
1549 965 1655 1011 quod
1678 964 1822 1011 angeli,

322 1017 424 1052 sicut
440 1017 535 1062 ipse,
551 1028 631 1052 non
648 1017 756 1062 prius
770 1017 956 1052 noverint
970 1017 1216 1053 differentias
1234 1017 1338 1052 inter
1352 1017 1554 1063 spirituale
1573 1025 1613 1053 et
1631 1018 1820 1057 naturale.

324 1077 486 1116 propter
510 1081 681 1111 causam,
700 1070 796 1115 quia
821 1081 902 1105 non
933 1070 1042 1116 prius
1074 1070 1181 1116 apud
1211 1071 1413 1116 quendam
1440 1070 1655 1111 hominem,
1682 1071 1750 1117 qui
1781 1071 1820 1106 in

325 1130 495 1169 utroque
515 1124 667 1158 mundo
685 1123 801 1158 simul
824 1122 909 1164 fuit,
927 1123 1060 1169 aliqua
1077 1123 1194 1169 copia
1211 1123 1416 1159 relationis
1437 1124 1532 1159 data
1550 1130 1622 1164 est,
1641 1134 1687 1159 ac
1707 1122 1821 1159 diffe-

324 1176 473 1212 rentiae
493 1176 581 1211 illae
599 1177 749 1222 absque
767 1176 971 1216 relatione,
990 1187 1071 1211 non
1090 1183 1321 1212 noscuntur.

393 1230 510 1276 328.
539 1229 638 1265 Post
664 1229 766 1265 haec
787 1229 1036 1269 secessimus,
1055 1240 1102 1264 ac
1123 1229 1268 1265 iterum
1287 1229 1411 1265 locuti
1429 1240 1568 1265 sumus
1593 1229 1643 1265 de
1665 1229 1740 1265 hac
1759 1239 1822 1270 re:

322 1289 363 1318 et
389 1283 482 1323 dixi,
501 1283 609 1328 quod
629 1282 860 1318 discrimina
881 1282 947 1317 illa
968 1293 1048 1317 non
1066 1282 1227 1318 aliunde
1248 1283 1433 1323 existant,
1452 1293 1572 1328 quam
1593 1283 1718 1328 “quia
1736 1293 1820 1323 vos,

322 1336 390 1382 qui
409 1336 448 1371 in
463 1336 615 1371 mundo
628 1335 824 1382 spirituali
838 1335 946 1375 estis,
961 1342 1002 1371 et
1021 1335 1114 1371 inde
1127 1335 1363 1381 spirituales,
1379 1335 1475 1372 estis
1495 1336 1532 1370 in
1551 1335 1822 1371 substantiali-

323 1390 397 1425 bus
415 1396 456 1424 et
474 1400 554 1424 non
575 1389 614 1424 in
633 1389 916 1428 materialibus,
931 1399 977 1424 ac
994 1388 1275 1424 substantialia
1291 1395 1386 1424 sunt
1404 1388 1518 1424 initia
1536 1388 1821 1430 materialium:

322 1454 395 1478 vos
409 1442 506 1478 estis
524 1442 564 1477 in
580 1442 784 1488 principiis
801 1448 842 1477 et
855 1443 912 1477 sic
931 1442 970 1477 in
985 1442 1264 1488 singularibus,
1279 1453 1353 1478 nos
1367 1449 1501 1477 autem
1522 1442 1561 1477 in
1576 1442 1822 1488 principiatis

322 1503 363 1532 et
377 1495 612 1541 compositis
625 1507 634 1536 ς
654 1506 728 1530 vos
740 1495 836 1530 estis
852 1495 891 1530 in
907 1495 1223 1541 particularibus,
1235 1506 1307 1531 nos
1321 1502 1454 1530 autem
1471 1495 1510 1530 in
1522 1495 1802 1531 communibus
1814 1507 1823 1535 ;

322 1555 363 1584 et
382 1549 486 1584 sicut
504 1548 733 1584 eommunia
751 1559 832 1583 non
855 1555 1025 1594 possunt
1044 1548 1192 1583 intrare
1213 1548 1253 1583 in
1276 1548 1539 1594 particularia,
1558 1548 1614 1583 ita
1635 1558 1709 1583 nec
1730 1558 1822 1593 pos-

322 1608 416 1637 sunt
435 1602 641 1642 naturalia,
659 1612 761 1647 quae
778 1608 872 1637 sunt
891 1601 1123 1642 materialia,
1143 1601 1289 1637 intrare
1309 1601 1346 1636 in
1367 1601 1589 1647 spiritualia
1606 1611 1706 1647 quae
1724 1608 1822 1637 sunt

322 1655 610 1695 substantialia,
626 1666 785 1700 prorsus
804 1655 907 1690 sicut
925 1654 1031 1690 funis
1046 1654 1229 1690 nauticus
1247 1665 1327 1690 non
1343 1661 1475 1700 potest
1495 1654 1640 1691 intrare
1655 1665 1724 1690 seu
1742 1661 1822 1690 tra-

324 1708 416 1744 duci
441 1719 513 1754 per
538 1707 718 1743 foramen
741 1718 836 1743 acus
858 1708 1014 1748 netorii,
1033 1714 1103 1743 aut
1124 1708 1226 1743 sicut
1250 1718 1393 1743 nervus
1415 1718 1495 1743 non
1518 1714 1653 1753 potest
1670 1707 1822 1743 intrare

324 1773 394 1797 seu
414 1761 548 1796 induci
569 1761 608 1796 in
626 1772 746 1796 unam
766 1772 815 1796 ex
833 1760 941 1796 fibris
959 1772 1007 1796 ex
1025 1761 1170 1806 quibus
1190 1760 1254 1796 ille
1273 1767 1347 1801 est,
1366 1771 1439 1796 nec
1457 1760 1555 1795 fibra
1577 1760 1615 1795 in
1635 1771 1755 1795 unam
1772 1770 1822 1796 ex

325 1814 477 1849 fibrillis
503 1825 551 1849 ex
576 1814 721 1860 quibus
744 1814 811 1849 illa
835 1820 915 1849 est:
950 1814 1026 1849 hoc
1052 1814 1172 1849 etiam
1201 1813 1239 1848 in
1267 1814 1418 1848 mundo
1439 1820 1581 1849 notum
1607 1820 1680 1853 est,
1702 1824 1823 1859 quare

323 1878 542 1903 consensus
571 1867 818 1902 eruditorum
850 1873 921 1906 est,
952 1867 1060 1912 quod
1097 1877 1178 1902 non
1208 1867 1328 1902 detur
1357 1866 1529 1901 influxus
1559 1865 1750 1902 naturalis
1780 1866 1828 1911 ins

324 1920 539 1966 spirituale,
562 1920 632 1955 sed
660 1920 876 1965 spiritualis
903 1920 941 1954 in
971 1920 1160 1955 naturale.
1213 1919 1324 1955 Haec
1350 1930 1456 1954 nunc
1480 1929 1599 1954 causa
1623 1926 1684 1954 est
1712 1919 1821 1964 quod

325 1973 514 2008 naturalis
532 1973 655 2008 homo
670 1983 749 2007 non
771 1973 896 2018 possit
909 1973 1083 2019 cogitare
1103 1972 1168 2008 illa
1185 1983 1286 2018 quae
1298 1972 1512 2018 spiritualis
1523 1971 1656 2011 homo,
1671 1978 1712 2007 et
1730 1971 1822 2007 inde

326 2036 398 2061 nec
419 2025 529 2071 loqui
557 2025 642 2066 illa;
676 2036 796 2071 quare
817 2025 963 2060 Paulus
995 2025 1061 2060 illa
1080 2036 1183 2071 quae
1201 2025 1354 2060 audivit
1375 2036 1424 2060 ex
1444 2025 1564 2060 tertio
1581 2025 1702 2064 caelo,
1724 2024 1822 2060 dicit

327 2078 552 2114 ineffabilia.
604 2078 783 2118 Accedit,
803 2078 909 2124 quod
932 2078 1194 2123 spiritualiter
1209 2078 1382 2124 cogitare
1404 2077 1455 2113 sit
1476 2078 1625 2123 absque
1642 2084 1823 2123 ternpore

324 2138 366 2167 et
391 2131 521 2177 spatio
547 2131 732 2178 cogitare,
751 2137 791 2166 et
816 2131 923 2177 quod
952 2130 1183 2166 naturaliter
1207 2130 1258 2166 sit
1283 2142 1374 2166 cum
1400 2137 1581 2176 tempore
1607 2136 1648 2165 et
1672 2130 1823 2176 spatio:

325 2185 517 2220 adhaeret
537 2185 643 2220 enim
667 2184 777 2219 omni
801 2183 911 2219 ideae
932 2183 1185 2230 cogitationis
1210 2183 1400 2219 naturalis
1425 2183 1573 2229 aliquid
1600 2194 1622 2219 e
1642 2190 1823 2229 tempore

325 2244 366 2273 et
383 2238 523 2284 spatIO,
540 2248 619 2273 non
638 2244 770 2272 autem
787 2237 904 2272 alicui
921 2236 1031 2271 ideae
1045 2236 1260 2282 spirituali:
1286 2247 1404 2271 causa
1417 2243 1488 2277 est,
1502 2236 1596 2282 quia
1609 2235 1823 2282 spiritualis

326 2291 498 2326 mundus
513 2301 592 2326 non
612 2297 674 2326 est
689 2290 727 2325 in
746 2289 875 2336 spatio
887 2296 927 2325 et
945 2296 1136 2335 tempore,
1151 2289 1254 2324 sicut
1266 2290 1439 2324 mundus
1456 2289 1657 2329 naturalis,
1676 2288 1746 2324 sed
1762 2295 1824 2325 est

326 2344 366 2379 in
381 2344 550 2379 duorum
570 2343 726 2378 illorum
742 2342 993 2389 apparentia:
1020 2342 1058 2377 in
1077 2342 1154 2377 hoe
1168 2342 1357 2377 differunt
1369 2342 1488 2377 etiam
1502 2341 1766 2389 cogitationes
1782 2347 1824 2376 et

325 2397 613 2443 perceptiones.
664 2395 796 2443 Quare
817 2406 888 2431 vos
910 2395 1076 2441 potestis
1093 2394 1267 2441 cogitare
1286 2395 1336 2430 de
1356 2394 1429 2430 Dei
1448 2394 1621 2430 essentia
1637 2400 1678 2430 et
1695 2394 1824 2429 omni-

325 2449 548 2496 praesentia
567 2450 617 2484 ab
634 2456 808 2488 aeterno,
827 2448 903 2483 hoc
921 2455 992 2488 est,
1011 2448 1062 2483 de
1082 2447 1168 2483 Deo
1185 2454 1278 2483 ante
1295 2448 1538 2483 creationem
1558 2446 1708 2487 mundi,
1725 2457 1824 2492 quo-

326 2503 431 2538 niam
443 2502 627 2549 cogitatis
641 2502 690 2537 de
707 2501 781 2537 Dei
794 2501 966 2536 essentia
978 2501 1028 2536 ab
1039 2507 1202 2536 aeterno
1212 2501 1360 2546 absque
1374 2507 1566 2547 tempore,
1578 2506 1620 2536 et
1633 2500 1682 2535 de
1696 2499 1824 2545 Ipsius

325 2555 660 2601 omnipraesentia
673 2556 821 2600 absque
839 2554 978 2600 spatio,
994 2560 1035 2589 et
1052 2553 1109 2589 sic
1125 2553 1467 2599 comprehenditis
1484 2553 1579 2589 talia
1596 2563 1699 2599 quae
1717 2552 1825 2588 ideas

326 2607 515 2643 naturalis
534 2608 707 2643 hominis
728 2606 1049 2642 transcendunt.'’

400 2660 450 2695 Et
466 2667 562 2695 tunc
581 2660 744 2700 narravi,
759 2660 866 2706 quod
885 2659 1006 2695 semel
1023 2658 1279 2705 cogitaverim
1299 2659 1349 2694 de
1364 2658 1438 2694 Dei
1452 2657 1624 2695 essentia
1641 2664 1683 2693 et
1696 2657 1824 2693 omni-

326 2713 550 2759 praesentia
574 2713 624 2748 ab
649 2719 824 2753 aeterno,
846 2712 923 2748 hoc
949 2718 1020 2752 est,
1042 2712 1092 2747 de
1116 2711 1202 2747 Deo
1227 2719 1319 2747 ante
1345 2712 1587 2748 creationem
1614 2709 1766 2750 mundi.
1782 2716 1825 2746 et

326 2766 433 2812 quod
468 2766 562 2812 quia
595 2766 773 2801 nondum
809 2765 921 2811 potui
957 2775 1160 2800 removere
1194 2764 1322 2810 spatia
1357 2771 1398 2800 et
1430 2771 1612 2810 tempora
1644 2763 1695 2799 ab
1726 2762 1824 2798 ideis

325 2818 582 2866 cogitationis
600 2829 721 2859 meae,
737 2819 877 2854 anxius
895 2816 1022 2853 factus
1039 2828 1137 2857 sum,
1154 2817 1315 2852 intravit
1332 2817 1438 2853 enim
1457 2817 1546 2852 idea
1566 2823 1730 2852 naturae
1751 2825 1824 2861 pro

329 2870 434 2911 Deo:
478 2871 548 2906 sed
579 2869 731 2905 dictum
759 2870 855 2905 mihi
882 2877 953 2910 est,
976 2869 1189 2904 “Remove
1216 2868 1324 2904 ideas
1349 2868 1465 2914 spatii
1491 2875 1533 2904 et
1557 2867 1760 2914 temporis,
1781 2873 1824 2902 et

327 2923 518 2959 videbis.''
570 2923 621 2958 Et
642 2923 781 2958 datum
800 2929 861 2958 est
882 2932 1096 2962 removere,
1115 2928 1157 2957 et
1174 2921 1275 2961 vidi:
1301 2928 1342 2957 et
1358 2922 1408 2957 ab
1427 2921 1494 2956 illo
1511 2927 1693 2966 tempore
1711 2919 1823 2966 potui

326 2977 502 3023 cogitare
521 2975 651 3011 Deum
669 2976 719 3011 ab
736 2982 911 3015 aeterno,
929 2982 971 3011 et
992 2985 1152 3020 prorsus
1170 2984 1248 3010 non
1268 2981 1448 3010 naturam
1466 2974 1516 3009 ab
1532 2981 1709 3012 aeterno,
1730 2971 1824 3018 quia

328 3029 436 3065 Deus
462 3029 501 3064 in
528 3028 636 3064 omni
658 3035 840 3075 tempore
866 3034 927 3064 est
952 3028 1100 3074 absque
1127 3033 1319 3073 tempore,
1341 3033 1381 3062 et
1407 3026 1580 3062 in-omni
1606 3025 1738 3072 spatio
1763 3030 1818 3060 est
