2014 3386
327 345 408 402 308
790 361 1033 394 DELICIAE
1065 361 1370 395 SAPIENTIAE

322 473 612 527 receptibiles
648 474 771 516 vitae
804 488 831 516 a
869 474 1068 516 Domino
1104 474 1185 529 per
1218 474 1383 517 caelos.
1453 474 1523 518 At
1564 475 1648 518 nisi
1680 476 1820 520 etiam

320 543 537 590 parentes
568 537 695 578 illum
727 537 949 579 influxum
980 539 1025 578 in
1057 538 1293 579 animabus
1325 539 1430 588 suis,
1463 552 1517 580 ac
1561 539 1607 580 in
1649 540 1820 582 intimis

322 602 545 642 mentium
577 614 772 651 suarum,
800 602 1069 654 reciperent,
1097 601 1260 642 frustra
1290 601 1348 642 ab
1379 602 1642 644 innocentia
1672 603 1819 645 infan-

319 670 418 705 tum
449 663 764 715 afficerentur3
806 665 1112 718 adaequatum
1145 670 1191 705 et
1224 664 1562 718 homogeneum
1593 667 1700 720 quid
1731 668 1820 710 erit

316 728 362 769 in
385 728 547 777 altero,
567 741 646 781 per
663 727 784 781 quod
806 726 884 768 fiat
903 728 1271 775 communicatio,
1292 734 1338 768 et
1361 728 1482 782 quod
1505 728 1640 770 faciet
1658 743 1816 783 recep-

318 792 509 841 tionem,
538 789 838 840 affec'tionem,
866 797 913 832 et
944 791 1049 832 inde
1082 789 1473 844 conjun&i0nem;
1507 791 1674 846 alioqui
1699 792 1817 836 foret

316 856 433 896 sicut
466 855 605 896 molle
637 868 792 895 semen
825 854 993 896 cadens
1026 867 1159 907 super
1190 853 1377 903 silicem,
1411 861 1489 896 aut
1521 856 1637 897 sicut
1669 869 1816 910 agnus

315 916 543 971 projectus
584 918 641 959 ad
683 918 863 971 lupum:
907 918 1013 959 inde
1040 930 1158 958 nunc
1196 923 1282 966 est,
1310 918 1431 971 quod
1466 919 1730 961 innocentia
1769 921 1814 961 in

314 983 490 1023 animas
527 987 768 1036 parentum
809 981 1000 1022 influens
1040 981 1289 1035 conjungat
1326 995 1375 1022 se
1413 995 1514 1023 cum
1550 983 1815 1026 innocentia

312 1046 550 1086 infantum.
614 1044 749 1098 Quod
772 1045 884 1086 haec
902 1043 1161 1098 conjunctio
1183 1044 1261 1086 fiat
1284 1045 1589 1087 mediantibus
1603 1047 1813 1088 sensibus

312 1110 528 1163 corporiS,
557 1109 637 1149 sed
669 1109 885 1162 imprimis
918 1122 998 1162 per
1028 1107 1218 1157 taetum,
1247 1108 1366 1161 apud
1399 1115 1630 1161 parentes,
1654 1116 1813 1164 potest

313 1173 600 1226 experientia
631 1172 796 1212 docere
815 1186 824 1222 ;
844 1187 848 1191 ·
867 1178 917 1212 ut
955 1172 1076 1226 quod
1113 1172 1273 1212 intime
1305 1170 1564 1213 oblectetur
1593 1173 1715 1214 visus
1751 1188 1812 1215 ex

311 1234 561 1288 conspectu
588 1234 781 1283 illorum,
806 1235 987 1275 auditus
1014 1249 1073 1275 ex
1101 1234 1284 1288 loquela
1307 1234 1502 1284 illorum,
1531 1233 1725 1277 olfactus
1750 1249 1811 1277 ex

311 1299 450 1340 odore
477 1298 684 1339 illorum:
729 1299 850 1352 quod
881 1298 1099 1351 imprimis
1130 1298 1208 1339 fiat
1242 1299 1595 1340 communicatio
1627 1305 1673 1340 et
1704 1299 1810 1340 inde

309 1360 567 1415 conjunctio
585 1362 948 1402 innocentiarum
971 1375 1052 1414 per
1073 1360 1260 1410 tac'tum,
1281 1362 1518 1403 evidenter
1539 1362 1810 1415 perspicitur

307 1439 369 1466 ex
391 1426 671 1466 amoenitate
690 1426 966 1478 gestationis
988 1424 1169 1466 illorum
1187 1438 1321 1478 super
1343 1425 1475 1475 ulnis,
1496 1439 1555 1467 ex
1578 1425 1808 1478 amplexi—

307 1490 392 1531 bus
419 1496 466 1531 et
498 1489 871 1538 osculationibus,
901 1489 1166 1542 praeprimis
1193 1489 1311 1543 apud
1338 1496 1523 1538 matres,
1551 1503 1667 1543 quae
1693 1489 1806 1531 deli-

307 1554 483 1594 ciantur
508 1566 568 1594 ex
595 1552 887 1594 incubatione
910 1553 999 1594 oris
1026 1559 1071 1593 et
1098 1552 1224 1593 faciei
1247 1552 1425 1593 illorum
1451 1566 1584 1606 super
1605 1553 1804 1606 gremiis,

306 1623 354 1658 et
386 1616 518 1657 simul
551 1623 659 1657 tunc
693 1630 752 1657 ex
784 1614 910 1657 tactu
936 1615 1188 1670 palmarum
1220 1615 1400 1657 illorum
1431 1616 1519 1667 ibi;
1561 1616 1606 1656 in
1637 1629 1808 1669 genere

306 1694 366 1721 ex
398 1678 601 1721 suctione
628 1680 815 1721 uberum
847 1686 893 1721 et
931 1678 1186 1730 la&icini0;
1229 1686 1410 1732 praeter
1441 1693 1500 1720 ex
1542 1679 1806 1732 palpatione

304 1744 411 1784 nudi
443 1744 645 1796 corporis
676 1743 869 1792 illorum,
898 1749 945 1784 et
986 1757 1045 1784 ex
1077 1742 1303 1783 indefessa
1335 1756 1474 1795 opera
1498 1743 1717 1784 fasciandi
1756 1749 1805 1784 et

305 1807 557 1848 mundandi
597 1807 701 1848 illos
743 1820 879 1859 super
914 1806 1121 1860 genubus
1158 1807 1263 1847 suis.
1325 1805 1460 1859 Quod
1502 1819 1581 1859 per
1620 1819 1803 1847 sensum

304 1869 454 1912 tactus
491 1870 602 1912 fiant
643 1870 1081 1911 communicationes
1112 1870 1279 1910 amoris
1319 1877 1364 1911 et
1406 1869 1670 1910 deliciarum
1709 1868 1803 1922 ejus

302 1935 422 1975 inter
453 1933 685 1987 conjuges,
715 1947 849 1986 supra
875 1933 1119 1987 aliquoties
1146 1933 1513 1974 demonstratum
1545 1939 1646 1983 est;
1680 1933 1803 1987 quod

301 1999 441 2039 etiam
473 1997 584 2038 fiant
617 1997 1055 2038 communicationes
1087 1997 1254 2037 mentis
1292 2010 1371 2049 per
1411 1996 1551 2044 illum,
1586 2002 1656 2037 est
1697 1996 1803 2050 quia

302 2075 461 2103 manus
486 2067 592 2102 sunt
619 2060 780 2101 ultima
805 2060 1017 2109 hominis,
1046 2073 1098 2101 ac
1131 2061 1275 2113 prima
1301 2059 1393 2112 ejus
1424 2060 1468 2100 in
1501 2059 1671 2101 ultimis
1694 2066 1801 2101 sunt

301 2125 450 2174 simul,
478 2138 558 2178 per
588 2125 633 2165 id
666 2125 805 2165 etiam
832 2124 1129 2165 continentur
1155 2124 1308 2164 omnia
1334 2124 1537 2176 corporis
1569 2130 1616 2164 et
1648 2124 1802 2165 omnia

301 2189 482 2237 mentis,
507 2201 621 2242 quae
644 2187 916 2228 intermedia
937 2193 1057 2236 sunt,
1082 2188 1125 2227 in
1149 2201 1272 2227 nexu
1295 2187 1549 2238 indivulso;
1583 2187 1689 2228 inde
1711 2193 1798 2236 est,

301 2253 421 2307 quod
447 2252 576 2305 Jesus
602 2252 811 2304 tetigerit
842 2250 1039 2291 infantes
1069 2249 1253 2304 (Mattlz.
1281 2248 1413 2291 ¹¹¹xix.
1448 2262 1510 2303 13,
1544 2259 1622 2303 153
1653 2250 1797 2292 Marc.

300 2331 347 2358 x.
385 2328 448 2368 13,
488 2315 584 2370 16);
632 2315 844 2369 quodque
876 2315 1106 2355 sanaverit
1138 2320 1356 2367 aegrotos
1389 2327 1468 2367 per
1499 2312 1702 2365 tactum3
1749 2319 1798 2356 et

298 2381 423 2434 quod
455 2379 604 2420 sanati
635 2379 740 2427 sint,
774 2378 848 2432 qui
894 2377 1048 2431 Ipsum
1075 2378 1356 2430 tetigerunt;
1402 2378 1506 2419 inde
1538 2378 1677 2419 etiam
1709 2383 1795 2427 est,

299 2443 420 2497 quod
443 2442 813 2495 inaugurationes
836 2442 879 2481 in
899 2441 1204 2482 sacerdotium
1223 2441 1358 2482 hodie
1381 2455 1460 2495 per
1482 2441 1797 2494 i'rnpositiones

298 2519 512 2547 manuum
538 2506 663 2547 fiant.
726 2505 801 2546 Ex
834 2505 903 2546 his
935 2510 1079 2558 patet,
1107 2505 1228 2557 quod
1261 2505 1524 2546 innocentia
1555 2510 1794 2558 parentum

297 2576 344 2610 et
375 2570 638 2610 innocentia
663 2569 886 2610 infantum
918 2569 1002 2609 sibi
1032 2568 1219 2609 obvient
1251 2582 1330 2622 per
1361 2567 1550 2617 tactum,
1577 2568 1795 2622 imprimis

298 2646 526 2682 manuum,
556 2639 602 2673 et
629 2633 691 2673 sic
719 2646 766 2673 se
794 2639 1013 2686 tanquam
1042 2645 1121 2685 per
1147 2632 1302 2672 oscula
1329 2631 1624 2685 conjungant.

379 2704 511 2750 397.
553 2695 687 2749 Quod
710 2696 973 2738 innocentia
995 2702 1207 2749 operetur
1224 2696 1401 2745 similia,
1421 2697 1558 2737 etiam
1582 2708 1662 2748 per
1682 2707 1792 2736 con-

295 2758 446 2801 taetus
482 2759 600 2813 apud
634 2760 803 2800 bestias
844 2765 890 2800 et
931 2772 1052 2809 aves,
1077 2772 1191 2813 quae
1222 2759 1342 2812 apud
1382 2759 1603 2807 homines,
1632 2764 1792 2799 notum

295 2830 397 2874 est;
445 2822 566 2876 quod
607 2829 822 2875 operetur
852 2822 1028 2870 similia,
1062 2828 1133 2863 est
1174 2835 1323 2871 causa,
1352 2823 1455 2876 quia
1495 2834 1630 2862 omne
1669 2820 1792 2874 quod

295 2887 501 2940 procedit
526 2899 585 2927 ex
609 2885 823 2935 Domino,
847 2886 891 2926 in
917 2885 1106 2927 instanti
1129 2886 1337 2938 pervadit
1361 2885 1616 2926 universum
1642 2883 1790 2938 (vide-

296 2955 395 2990 atur
421 2962 569 3002 supra,
597 2962 640 2990 n.
669 2945 914 3003 388-390)‘;
957 2955 1004 2990 et
1035 2949 1139 3002 quia
1164 2949 1290 2990 vadit
1317 2962 1398 3002 pro
1423 2948 1605 3002 gradus,
1633 2954 1679 2989 et
1711 2960 1792 3001 per

296 3013 535 3054 continuas
558 3013 873 3064 mediationes,
897 3013 1000 3054 ideo
1022 3012 1184 3054 transit
1208 3026 1299 3054 non
1322 3012 1459 3053 modo
1481 3012 1539 3053 ad
1562 3011 1787 3061 animalia,
