2014 3386
619 354 687 386 DE
717 353 899 386 AMORE
932 352 1358 396 coNJUGIAL1.--N.
1388 344 1482 397 364.
1713 345 1796 398 287

291 468 419 511 salso.
487 467 555 510 At
588 468 822 509 sciendum
854 474 925 509 est
956 467 1077 522 quod
1109 474 1298 521 uterque
1330 482 1459 509 amor
1494 468 1552 509 sit
1592 466 1796 508 infinitae

291 533 539 574 varietatis.
605 531 707 573 Hoc
737 538 868 586 patet
905 532 1144 573 manifeste
1181 545 1241 572 ex
1279 532 1454 584 angelis
1487 530 1614 580 caeli,
1648 538 1695 573 et
1735 546 1796 572 ex

290 597 520 651 spiritibus
541 595 726 637 inferni:
761 595 806 636 hi
831 601 878 637 et
905 595 969 637 illi
994 596 1037 636 in
1061 595 1232 636 mundo
1254 595 1475 648 spirituali
1498 601 1603 637 sunt
1625 595 1796 636 formae

290 661 357 701 sui
388 660 569 708 amoris,
594 665 641 700 et
673 665 829 700 tamen
862 673 953 701 non
985 659 1120 700 datur
1151 672 1265 700 unus
1292 659 1484 712 angelus
1511 659 1630 706 caeli
1658 659 1795 701 abso—

290 723 384 764 lute
411 723 569 764 similis
595 722 741 772 alteri,
766 723 916 776 quoad
942 722 1115 771 faciem,
1144 722 1387 776 loquelam,
1412 736 1607 775 gressus,
1632 729 1793 776 gestus

288 793 337 828 et
379 800 543 836 moreS‚
572 800 719 839 neque
757 787 918 840 aliquis
945 786 1127 839 spiritus
1158 786 1345 837 inferni;
1393 786 1532 827 irnmo
1572 799 1656 828 nec
1698 786 1795 827 dari

289 856 449 903 potest
480 851 526 891 in
557 857 810 898 aeternum,
839 856 1067 903 utcunque
1094 849 1457 902 multiplicantur
1487 850 1532 890 in
1565 850 1793 902 myriades

291 914 557 966 myriadum.
619 914 732 955 Inde
765 921 910 967 patet,
939 914 1058 968 quod
1085 927 1263 955 amores
1295 914 1386 955 sint
1413 913 1618 956 infinitae
1643 914 1791 955 varie-

289 979 414 1027 tatis,
438 979 542 1032 quia
562 978 733 1019 formae
756 978 934 1019 illorum
958 978 1076 1019 tales
1098 985 1216 1019 sunt.
1278 977 1432 1020 Simile
1456 985 1526 1020 est
1550 992 1650 1020 cum
1675 979 1789 1027 zelo,

289 1043 394 1096 quia
424 1042 494 1083 hic
533 1049 603 1083 est
635 1043 829 1093 amoris3
872 1055 1051 1095 nempe,
1084 1042 1206 1096 quod
1238 1055 1330 1083 non
1363 1043 1459 1083 dari
1489 1049 1629 1096 queat
1663 1043 1791 1083 unius

288 1106 410 1146 zelus
435 1106 647 1147 absolute
675 1107 832 1147 similis
858 1120 937 1147 seu
964 1107 1084 1146 idem
1111 1119 1213 1147 cum
1240 1106 1339 1147 zelo
1365 1106 1566 1147 alterius.
1629 1107 1681 1148 In
1707 1120 1789 1160 ge·

288 1183 396 1211 nere
427 1177 499 1211 est
526 1169 649 1210 zelus
675 1171 840 1210 amoris
867 1170 989 1218 boni,
1018 1176 1064 1210 et
1087 1170 1209 1211 zelus
1235 1172 1400 1211 amoris
1429 1171 1548 1212 mali.

371 1234 509 1287 363·
552 1232 649 1287 (iv.)
696 1232 824 1284 Quod
858 1233 980 1274 zelus
1019 1233 1186 1274 amoris
1228 1233 1340 1283 boni,
1379 1241 1421 1275 et
1458 1235 1581 1276 zelus
1618 1236 1787 1277 amoris

291 1298 412 1346 mali,
447 1297 492 1338 in
523 1297 719 1338 externis
744 1297 836 1338 sibi
861 1297 1029 1338 similes
1060 1298 1165 1346 sint,
1193 1298 1276 1339 sed
1301 1299 1347 1339 in
1378 1299 1568 1340 internis
1594 1306 1787 1352 prorsus

287 1361 741 1402 dissz·miles.—Ze1us
773 1361 817 1402 in
849 1362 1055 1402 externis
1081 1362 1200 1415 apud
1227 1363 1571 1416 unumquemvis
1598 1370 1789 1416 apparet

288 1427 406 1466 sicut
442 1426 506 1466 ira
546 1431 594 1466 et
636 1425 1040 1474 excandescentia,
1076 1432 1146 1467 est
1178 1427 1299 1467 enim
1331 1439 1458 1468 amor
1490 1427 1701 1468 incensus
1742 1434 1789 1470 et

287 1488 595 1529 inflammatus
636 1484 717 1529 ad⁴
741 1489 985 1530 tutandum
1026 1502 1075 1530 se
1121 1495 1283 1530 contra
1321 1489 1608 1539 violatorem,
1642 1491 1689 1533 et
1730 1492 1788 1533 ad

286 1552 615 1594 removendum
652 1551 793 1593 illum.
859 1551 1020 1601 Causa,
1058 1553 1179 1606 quod
1221 1552 1344 1594 zelus
1386 1555 1550 1594 amoris
1593 1554 1700 1596 boni
1742 1562 1789 1598 et

291 1616 414 1657 zelus
440 1616 605 1656 amoris
637 1615 744 1656 mali
775 1621 1025 1668 appareant
1058 1615 1226 1656 similes
1258 1616 1302 1657 in
1334 1618 1555 1666 externis,
1583 1625 1654 1659 est
1687 1619 1789 1672 quia

287 1693 416 1721 amor
455 1680 562 1720 dum
603 1680 647 1720 in
690 1679 788 1720 zelo
820 1686 906 1728 est,
934 1679 1053 1732 apud
1094 1686 1334 1733 utrumque
1366 1680 1543 1734 flagrat,
1577 1688 1626 1723 at
1669 1684 1787 1736 apud

287 1744 518 1784 hominem
545 1743 715 1783 bonum
743 1743 881 1783 modo
912 1743 956 1783 in
988 1744 1208 1792 externis,
1233 1744 1314 1784 sed
1346 1745 1465 1797 apud
1493 1745 1661 1787 malum
1694 1753 1786 1788 tam

286 1808 330 1849 in
358 1808 563 1848 externis
589 1820 723 1861 quam
750 1807 794 1847 in
820 1807 1036 1857 internis;
1070 1813 1117 1848 et
1144 1807 1251 1847 dum
1277 1808 1459 1849 interna
1485 1822 1576 1850 non
1604 1812 1786 1863 conspi-

286 1872 479 1920 ciuntur,
498 1877 721 1924 apparent
748 1870 832 1912 zeli
858 1870 1027 1911 similes
1053 1871 1098 1911 in
1125 1872 1357 1912 externis:
1391 1878 1439 1913 at
1462 1873 1582 1926 quod
1606 1886 1787 1926 prorsus

286 1935 528 1976 dissimiles
550 1935 641 1975 sint
663 1935 708 1975 in
730 1935 935 1983 internis,
960 1935 1005 1975 in
1028 1947 1137 1975 mox
1155 1941 1375 1988 sequente
1396 1936 1589 1977 articulo
1611 1937 1786 1978 videbi-

286 2007 371 2041 tur.
422 1998 556 2052 Quod
576 1998 698 2039 zelus
720 2005 940 2052 appareat
966 1999 1010 2039 in
1029 1999 1234 2040 externis
1257 2000 1373 2040 sicut
1399 2000 1463 2043 ira
1484 2007 1530 2042 et
1554 2002 1786 2043 excande-

286 2064 475 2111 scentia,
505 2063 646 2103 videri
689 2069 736 2104 et
776 2062 918 2103 audiri
953 2068 1110 2116 potest
1149 2076 1209 2103 ex
1249 2064 1458 2104 omnibus
1493 2065 1567 2118 qui
1600 2079 1658 2106 ex
1686 2065 1786 2107 zelo

287 2126 532 2180 loquuntur
549 2133 595 2167 et
614 2132 757 2179 agunt
776 2139 786 2176 ;
806 2131 867 2185 (ut
894 2139 974 2178 pro
1001 2125 1231 2179 exemplo,
1248 2140 1307 2167 ex
1334 2127 1575 2169 sacerdote
1594 2128 1700 2170 dum
1726 2143 1786 2170 ex

288 2190 387 2231 zelo
409 2191 720 2238 concionatur,
740 2189 862 2242 quod
888 2203 1026 2230 sonus
1053 2189 1260 2243 loquelae
1284 2189 1377 2242 ejus
1402 2191 1460 2232 sit
1487 2191 1621 2240 altus,
1645 2192 1785 2234 vehe-

287 2267 430 2303 mens,
459 2267 562 2295 acer
594 2260 640 2294 et
672 2267 818 2306 asper.
847 2253 968 2306 quod
994 2252 1131 2293 facies
1157 2252 1250 2305 ejus
1277 2253 1525 2295 incalescat
1556 2261 1602 2296 et
1634 2256 1783 2305 sudet,

287 2318 409 2372 quod
428 2317 584 2359 efferat
601 2331 671 2366 se,
691 2316 915 2370 pulpitum
932 2316 1159 2365 verberet,
1180 2323 1226 2357 et
1245 2324 1407 2358 contra
1429 2318 1648 2360 facientes
1666 2320 1786 2361 mala

286 2381 440 2434 ignem
467 2395 527 2422 ex
553 2380 727 2421 inferno
753 2385 941 2421 evocet:
974 2379 1183 2421 similiter
1208 2380 1340 2421 multi
1366 2381 1454 2422 alii.

370 2444 508 2498 364·
549 2444 616 2486 Ut
648 2442 866 2485 distincta
905 2444 1009 2484 idea
1049 2443 1106 2485 de
1148 2443 1245 2484 zelo
1283 2445 1403 2497 apud
1445 2445 1604 2494 bonos,
1638 2451 1686 2487 et
1727 2446 1784 2487 de

289 2507 388 2549 zelo
419 2508 537 2561 apud
569 2507 730 2556 malos,
757 2521 810 2548 ac
843 2507 899 2548 de
932 2507 1112 2548 illorum
1139 2507 1519 2557 dissimilitudine,
1549 2522 1785 2562 compare-

282 2579 374 2627 ,tun
397 2584 636 2613 necessum
659 2577 729 2612 est
759 2569 847 2624 [ut]
875 2570 1025 2624 aliqua
1046 2570 1149 2611 idea
1174 2570 1231 2611 de
1257 2571 1445 2612 internis
1472 2579 1518 2613 et
1545 2573 1600 2613 de
1627 2580 1784 2614 exter-

290 2636 357 2676 nis
382 2635 500 2688 apud
527 2635 734 2675 homines
760 2634 1004 2685 formetur3
1043 2640 1093 2675 ut
1125 2633 1356 2683 formetur,
1384 2636 1442 2676 sit
1475 2636 1531 2676 de
1563 2636 1650 2677 illis
1682 2637 1785 2679 idea

290 2698 480 2751 plebeia,
504 2698 607 2752 quia
628 2698 768 2738 etiam
795 2710 877 2750 pro
900 2697 1045 2750 plebe.
1097 2696 1294 2738 Sistatur
1315 2698 1393 2739 illa
1414 2711 1493 2751 per
1519 2713 1680 2740 nucem
1706 2706 1784 2742 aut

289 2761 596 2815 amygdalum,
625 2774 676 2802 ac
705 2774 783 2813 per
807 2760 984 2802 illorum
1011 2760 1213 2802 nucleos.
1274 2761 1462 2803 Interna
1488 2763 1607 2815 apud
1640 2763 1784 2805 bonos

289 2832 395 2866 sunt
421 2826 536 2866 sicut
562 2824 710 2865 nuclei
739 2824 861 2864 intus
892 2824 937 2864 in
969 2837 1048 2864 sua
1072 2824 1343 2877 integritate
1375 2832 1421 2867 et
1454 2826 1674 2875 bonitate,
1699 2828 1783 2868 cir-

291 2887 492 2930 cumdati
514 2902 594 2928 sua
614 2893 767 2928 crusta
783 2886 920 2928 solita
941 2893 988 2928 et
1015 2887 1194 2928 nativa:
1228 2894 1275 2929 at
1302 2901 1484 2941 prorsus
1506 2890 1785 2932 dissimiliter

291 2951 410 3005 apud
442 2951 612 3002 malos;
658 2951 838 2992 interna
862 2950 1040 2992 illorum
1078 2957 1183 2992 sunt
1224 2953 1339 2994 sicut
1372 2952 1520 2994 nuclei
1561 2953 1633 2994 vel
1675 2967 1782 3007 prae

292 3015 590 3058 amaritudine
612 3013 738 3058 ‘'lnon
760 3013 935 3065 edules,
956 3013 1029 3055 vel
1069 3021 1239 3068 putres,
1278 3014 1352 3057 vel
1391 3016 1687 3069 vermiculati,
1734 3025 1783 3062 at
