2014 3386
532 323 601 356 DE
632 303 812 356 AMoRE
843 319 1323 356 scoaTAT0R10.-÷N.
1338 294 1447 365 ¹468.
1652 321 1730 365 359

239 444 303 489 (n.
329 445 427 490 457,
450 434 572 490 458),
596 435 856 477 clenodium
878 434 1000 476 vitae
1026 433 1268 483 humanae,
1295 446 1349 474 ac
1375 432 1729 479 reconditorium

235 499 466 553 religionis
492 498 791 541 Christianae.
853 497 990 551 Quod
1015 496 1271 550 conjugiale
1297 496 1410 537 illud
1435 510 1515 550 per
1540 496 1729 550 polyga-

236 563 399 604 micam
440 562 770 604 scortationem
806 561 926 615 apud
967 559 1292 609 Christianum,
1325 559 1400 614 qui
1439 560 1485 601 in
1525 558 1605 601 illa
1644 567 1729 609 est,

235 625 467 678 perdatur,
501 631 632 678 patet
664 624 904 666 manifeste
935 637 996 665 ex
1027 637 1097 673 eo,
1125 623 1247 677 quod
1280 636 1371 664 non
1403 622 1548 676 possit
1579 635 1728 665 amare

234 688 536 729 concubinam
568 695 615 729 et
647 701 840 729 uxorem
867 701 1010 741 aeque
1041 687 1158 728 sicut
1189 685 1463 740 polygamus
1489 685 1728 728 Mahume·

233 751 405 803 danus;
447 751 530 792 sed
561 751 684 805 quod
715 757 936 805 quantum
968 757 1092 792 amat
1125 750 1393 799 concubam,
1427 763 1506 790 seu
1543 749 1727 791 calescit

233 814 290 855 ad
316 814 455 864 illam,
485 821 665 856 tantum
692 828 782 855 non
815 820 940 855 amet
966 826 1173 863 uxorem,
1201 827 1281 854 seu
1306 819 1488 855 tantum
1513 813 1727 866 frigescat

233 877 291 918 ad
315 877 466 930 illam3
505 884 552 919 et
584 878 704 932 quod
732 877 1049 919 detestabilius
1080 883 1166 927 est,
1194 883 1376 919 tantum
1403 877 1542 918 etiam
1570 877 1726 918 Domi-

233 953 340 982 num
372 941 512 982 modo
548 955 629 995 pro
666 941 863 983 naturali
893 940 1092 990 homine,
1130 953 1301 994 proque
1338 939 1430 981 filio
1471 939 1657 990 Mariae,
1685 946 1726 981 et

232 1017 325 1046 non
348 1005 482 1046 simul
514 1019 595 1059 pro
628 1005 746 1046 Filio
778 1005 878 1054 Dei,
907 1005 1044 1046 corde
1075 1011 1315 1058 agnoscat,
1342 1010 1390 1046 et
1421 1018 1600 1058 quoque
1626 1010 1725 1046 tan-

233 1075 331 1110 tum
363 1068 631 1122 religionem
663 1068 982 1122 floccipendat.
1041 1067 1109 1110 At
1148 1068 1290 1122 probe
1321 1068 1605 1110 noscendum
1641 1074 1725 1117 est,

231 1132 354 1186 quod
385 1132 472 1173 hoc
505 1132 583 1174 fiat
615 1132 703 1173 illis
728 1132 802 1186 qui
834 1131 1136 1173 concubinam
1162 1132 1338 1173 addunt
1365 1132 1511 1181 uxori,
1540 1138 1587 1173 et
1626 1144 1724 1173 cum

232 1201 422 1249 utraque
445 1194 685 1237 aestuanter
710 1209 758 1237 se
785 1194 1094 1248 conjungunt';
1126 1202 1174 1237 et
1201 1209 1382 1248 prorsus
1408 1208 1499 1236 non
1525 1195 1626 1244 illis,
1654 1196 1724 1249 qui

231 1271 292 1299 ex
333 1260 480 1300 causis
517 1259 749 1313 legitimis,
778 1258 926 1312 justis,
960 1264 1007 1300 et
1048 1272 1154 1300 vere
1189 1259 1382 1300 sonticis
1413 1272 1461 1299 se
1497 1264 1723 1311 separant¹

231 1327 279 1363 et
305 1322 454 1376 quoad
496 1335 698 1363 amorem
738 1320 965 1363 aetatum
1005 1335 1054 1363 se
1095 1321 1341 1374 sejungunt
1381 1321 1440 1362 ab
1480 1335 1640 1370 uxore,
1674 1334 1724 1362 ac

230 1386 478 1426 usurariam
494 1385 709 1426 feminam
727 1383 1010 1426 [¹¹collocant.
1070 1384 1140 1426 De
1158 1384 1245 1426 hoc
1264 1384 1596 1426 concubinatus
1612 1397 1723 1438 gen-

230 1460 306 1488 ere
332 1461 450 1489 nunc
476 1450 690 1502 sequitur.

315 1512 448 1566 467.
482 1510 563 1566 (v.)
601 1510 730 1561 Quod
753 1510 1062 1552 concubinatus
1091 1510 1319 1565 sejunb‘tim
1353 1510 1410 1552 ab
1441 1524 1590 1560 uxore,
1622 1511 1723 1552 dum

227 1573 282 1626 fit
305 1588 360 1614 ex
383 1575 530 1615 causis
556 1574 783 1628 legitimis,
796 1574 941 1629 justis
972 1580 1016 1615 et
1043 1588 1148 1615 vere
1167 1573 1361 1623 sonticis,
1389 1588 1472 1615 non
1503 1574 1566 1615 sit
1594 1573 1724 1615 illici-

229 1635 615 1690 tus.—Quaenam
648 1651 812 1679 causae
843 1637 1166 1690 intelliguntur
1198 1650 1278 1690 per
1310 1636 1557 1691 legitimas,
1586 1651 1723 1691 quae-

230 1712 335 1740 nam
367 1714 446 1754 per
466 1700 626 1754 justas,
651 1707 699 1742 et
731 1713 955 1755 quaenam
986 1714 1067 1754 per
1091 1714 1196 1741 vere
1228 1701 1443 1749 sonticas,
1469 1700 1645 1741 dicetur
1679 1701 1724 1741 in

228 1776 310 1804 suo
335 1764 519 1815 ordine;
552 1764 651 1804 sola
678 1764 851 1805 mentio
876 1777 1111 1805 causarum
1137 1763 1208 1804 hic
1232 1763 1551 1817 praemittitur,
1576 1770 1626 1805 ut
1651 1763 1723 1806 hic

227 1827 572 1876 concubinatus,
591 1827 648 1868 de
666 1841 754 1880 quo
772 1827 815 1867 in
833 1827 1130 1881 sequentibus
1147 1839 1266 1867 nunc
1284 1826 1449 1879 agitur,
1469 1827 1722 1880 distingua-
1770 1854 1772 1857 -

227 1894 301 1930 tur
321 1902 348 1930 a
369 1890 502 1943 priori
525 1890 846 1931 concubinatu.

309 1952 448 2005 468.
477 1951 575 2006 (vi.)
606 1952 734 2003 Quod
741 1966 900 1994 causae
915 1951 1141 2005 legitimae
1151 1951 1282 2006 hujus
1295 1951 1615 2002 concubinatus,
1631 1952 1724 1994 sint

225 2027 384 2056 causae
418 2015 641 2069 legitimae
674 2016 872 2065 divortii,
899 2029 995 2056 cum
1035 2030 1150 2056 uxor
1184 2014 1473 2056 nihilominus
1509 2016 1724 2057 retinetur

225 2076 498 2119 domi—Per
519 2079 763 2120 divortium
781 2078 1052 2132 intelligitur
1073 2077 1260 2120 abolitio
1277 2078 1470 2119 foederis
1489 2078 1722 2132 conjugia-

225 2140 294 2190 lis,
313 2147 360 2183 et
382 2141 488 2183 inde
510 2142 712 2196 plenaria
733 2143 975 2196 separatio,
994 2149 1041 2184 et
1064 2148 1169 2195 post
1191 2141 1307 2183 hanc
1330 2141 1511 2195 integra
1533 2142 1721 2183 libertas

225 2204 421 2245 ducendi
438 2204 574 2245 aliam
591 2218 782 2246 uxorem
799 2219 808 2256 ;
843 2205 1001 2247 totalis
1015 2205 1142 2258 hujus
1157 2205 1456 2258 separationis
1474 2219 1551 2246 seu
1569 2205 1720 2246 divor-

225 2269 276 2310 tii
299 2282 435 2309 causa
452 2269 583 2308 unica
604 2274 676 2310 est
698 2270 934 2319 scortatio,
951 2269 1200 2310 secundum
1218 2271 1513 2322 praeceptum
1535 2268 1720 2310 Domini

227 2329 412 2385 (Matth.
435 2331 533 2372 xix.
554 2330 616 2385 9).
681 2331 757 2372 Ad
780 2333 974 2374 eandem
997 2333 1136 2373 etiam
1158 2346 1207 2373 se
1229 2332 1428 2373 referunt
1451 2331 1719 2374 manifestae

224 2394 553 2443 obscenitates,
581 2408 695 2448 quae
720 2395 906 2437 solvunt
933 2396 1166 2449 pudorem,
1195 2408 1247 2436 ac
1280 2394 1519 2448 flagitiosis
1546 2394 1718 2436 lenoci-

225 2457 309 2498 niis
349 2457 542 2510 implent
583 2463 630 2498 et
671 2458 891 2500 infestant
923 2459 1123 2507 domum,
1157 2472 1217 2499 ex
1248 2458 1408 2511 quibus
1439 2458 1719 2511 impudicitia

223 2521 512 2568 scortatoria,
536 2520 580 2560 in
606 2533 743 2574 quam
765 2527 867 2562 tota
887 2535 1016 2563 mens
1042 2527 1113 2562 est
1140 2520 1375 2569 dissoluta,
1399 2527 1571 2562 exstat.
1632 2520 1717 2561 His

223 2582 403 2623 accedit
430 2582 659 2624 malitiosa
687 2583 901 2633 desertio,
929 2597 1044 2638 quae
1076 2583 1267 2625 involvit
1294 2584 1636 2632 scortationem,
1664 2597 1716 2624 ac

222 2645 328 2686 facit
345 2658 534 2686 uxorem
555 2646 796 2695 moechari,
814 2653 860 2688 et
881 2647 943 2688 sic
962 2647 1186 2699 repudiari
1207 2645 1392 2700 (Matth.
1412 2661 1452 2687 v.
1475 2645 1563 2699 32).
1613 2646 1715 2687 Hae

222 2714 317 2750 tres
347 2721 526 2757 causae,
559 2709 662 2762 quia
692 2715 798 2750 sunt
829 2709 1063 2763 legitimae
1096 2709 1293 2759 divortii,
1326 2710 1470 2763 prima
1500 2715 1547 2750 et
1579 2709 1716 2750 tertia

221 2783 375 2812 coram
388 2770 536 2824 judice
555 2771 749 2823 publico,
765 2785 817 2813 ac
836 2773 986 2813 media
1002 2785 1153 2813 coram
1167 2771 1315 2825 judice
1331 2773 1439 2821 viro,
1456 2777 1561 2813 sunt
1576 2772 1714 2813 etiam

222 2846 386 2875 causae
412 2834 646 2887 legitimae
671 2835 1026 2886 concubinatus;
1058 2835 1139 2876 sed
1171 2836 1354 2889 quando
1380 2849 1497 2876 uxor
1522 2834 1715 2876 moecha

222 2897 443 2939 retinetur
456 2897 591 2939 domi.
653 2895 787 2950 Quod
801 2899 1023 2940 scortatio
1045 2899 1103 2940 sit
1126 2899 1257 2940 unica
1276 2912 1412 2940 causa
1427 2897 1623 2948 divortii,
1642 2904 1713 2940 est
