2014 3386
524 335 592 368 DE
624 333 804 367 AMORE
835 330 1317 366 SCORTATOR10.—N.
1340 333 1438 377 477.
1650 325 1730 378 363

231 452 415 494 binatus
441 449 518 491 ille
544 450 603 490 sit
628 449 768 490 modo
790 446 1132 490 circumvelatio
1153 447 1321 488 amoris
1347 446 1632 501 conjugialis,
1661 455 1731 490 est

230 516 336 570 quia
366 527 494 555 amor
524 513 858 554 concubinatus
899 518 970 554 est
1008 511 1245 560 naturalis,
1278 518 1325 552 et
1363 524 1491 552 amor
1532 510 1732 564 conjugii

229 577 491 633 spiritualis,
519 590 571 618 ac
598 576 820 617 naturalis
847 588 974 617 amor
1000 574 1188 616 obvelat
1215 575 1498 629 spiritualem
1525 575 1632 616 dum
1659 576 1731 616 hic

230 641 548 695 intercipitur;
586 640 708 694 quod
739 640 805 681 ita
836 640 909 688 sit,
943 639 1090 680 nescit
1122 645 1316 687 amator,
1350 639 1454 692 quia
1485 638 1732 692 spiritualis

230 718 360 747 amor
390 718 482 746 non
516 705 713 746 sentitur
744 718 803 745 ex
835 718 898 752 se,
923 704 1004 745 sed
1037 716 1117 758 per
1149 702 1421 751 naturalem,
1449 716 1502 744 ac
1535 703 1732 744 sentitur

231 775 281 811 ut
299 768 546 822 jucundum
572 769 617 808 in
641 782 730 821 quo
752 774 824 809 est
847 768 1032 809 beatum
1056 782 1080 809 e
1103 766 1259 817 caelo;
1293 772 1341 807 at
1365 766 1587 807 naturalis
1605 779 1734 808 amor

230 845 312 886 per
337 845 386 873 se
412 832 609 872 sentitur
631 831 770 872 modo
793 838 843 872 ut
865 831 1126 884 jucundum.
1191 830 1289 885 (iv.)
1325 830 1461 884 Quod
1488 830 1577 871 hoc
1604 829 1731 871 vela-

231 908 336 937 men
358 895 587 948 auferatur
605 901 711 948 post
733 901 945 944 mortem,
965 901 1035 936 est
1059 895 1163 949 quia
1185 901 1295 936 tunc
1318 894 1459 935 homo
1485 907 1512 934 a
1534 893 1731 934 naturali

231 959 282 1002 fit
304 959 570 1014 spiritualis,
590 965 638 1000 et
661 972 744 1013 pro
766 972 955 1012 corpore
979 958 1204 1000 materiali
1227 958 1399 1012 gaudet
1419 957 1729 1007 substantiali,

230 1023 276 1065 in
308 1037 398 1078 quo
424 1023 674 1077 jucundum
700 1022 910 1064 naturale
940 1036 1000 1063 ex
1033 1022 1268 1076 spirituali,
1297 1022 1341 1062 in
1373 1035 1454 1062 sua
1481 1022 1732 1069 eminentia

229 1088 427 1129 sentitur
442 1101 467 1128 ε·
485 1087 606 1141 quod
633 1087 698 1128 ita
720 1088 793 1136 sit,
813 1101 872 1128 ex
896 1088 1314 1128 communicatione
1337 1099 1439 1127 cum
1463 1086 1732 1139 quibusdam

229 1152 275 1193 in
299 1151 469 1192 mundo
487 1151 728 1204 spirituali;
762 1151 900 1192 etiam
925 1165 959 1192 a·
973 1151 1157 1204 regibus
1179 1151 1239 1191 ibi
1262 1151 1336 1204 qui
1357 1150 1402 1191 in
1421 1149 1731 1191 concubinatu

230 1229 290 1257 ex
316 1216 464 1256 causis
491 1215 681 1256 sonticis
702 1214 900 1257 realibus
931 1215 976 1256 in
1009 1214 1180 1256 mundo
1206 1213 1404 1255 naturali
1430 1213 1730 1263 fuerant,·au-

231 1279 337 1321 divi.

315 1335 447 1390 476.
483 1333 602 1389 (xii.)
639 1334 769 1386 Quod
784 1335 958 1389 quando
979 1334 1050 1375 lzz'c
1068 1334 1377 1376 concubinatus
1388 1340 1586 1387 perstat,
1605 1334 1729 1375 ablu-

230 1398 319 1441 alz's
344 1399 583 1455 conjunfft'io
614 1413 709 1439 cum
739 1413 876 1439 uxore
914 1412 998 1439 non
1038 1398 1160 1439 licita
1196 1397 1483 1439 sia—Causa
1514 1403 1599 1446 est,
1628 1397 1733 1451 quia

230 1468 343 1504 tunc
381 1475 511 1503 amor
543 1461 829 1516 conjugialis,
862 1462 937 1516 qui
982 1462 1026 1502 in
1068 1475 1116 1502 se
1159 1467 1229 1502 est
1262 1460 1526 1515 spiritualis,
1560 1467 1730 1509 castus,

230 1539 381 1580 purus,
410 1532 457 1567 et
484 1524 683 1576 sanctus,
711 1525 761 1566 fit
795 1526 1030 1575 naturalis,
1060 1526 1414 1574 contaminatur,
1443 1531 1490 1566 et
1522 1524 1730 1566 obsoles-

230 1591 310 1639 cit,
338 1596 385 1632 et
412 1590 475 1631 sic
503 1590 648 1644 perit3
681 1603 819 1644 quare
846 1596 895 1631 ut
928 1590 1000 1631 hic
1027 1603 1155 1631 amor
1183 1596 1493 1638 conservetur,
1522 1589 1729 1642 expedit,

231 1661 282 1696 ut
313 1654 646 1695 concubinatus
678 1668 738 1695 ex
771 1654 919 1695 causis
945 1654 1136 1695 sonticis
1167 1653 1363 1695 realibus
1393 1652 1455 1708 (n.
1481 1663 1580 1707 472,
1605 1653 1729 1708 473),

231 1717 311 1760 fiat
337 1731 441 1759 curn
467 1731 570 1767 una,
598 1723 646 1759 et
673 1731 765 1759 non
791 1731 894 1759 cum
921 1717 1097 1758 duabus
1122 1716 1270 1759 simul.

230 1866 356 1914 477.
398 1858 484 1899 His
510 1857 748 1911 adjicietur
773 1856 860 1899 hoc
891 1857 1194 1899 Memorabile
1214 1871 1282 1899 2-

303 1941 453 1976 Audivi
466 1941 665 1987 quendam
678 1941 863 1987 spiritum
878 1952 900 1977 e
912 1942 1064 1976 mundo
1077 1947 1289 1981 recentem,
1302 1941 1503 1987 juvenem,
1514 1940 1733 1987 jactantem

234 2005 277 2030 se
291 2005 340 2030 ex
357 1995 683 2034 scortationibus.
698 2002 740 2030 et
761 1993 1018 2030 affectantem
1035 1995 1249 2040 aucupium
1268 1995 1409 2035 laudis,
1425 1995 1533 2041 quod
1552 1995 1612 2030 vir
1630 2005 1733 2030 mas-

230 2048 344 2083 culus
366 2058 458 2093 prae
480 2047 567 2083 aliis
589 2054 717 2089 esset;
747 2054 788 2083 et
814 2048 919 2083 inter
938 2046 1169 2094 jatstationis
1191 2048 1424 2083 insolentias
1446 2048 1567 2083 etiam
1590 2047 1733 2083 effudit

232 2100 352 2136 haec:
378 2106 398 2119 ‘⁴
412 2100 520 2148 Quid
539 2101 695 2136 tristius
713 2108 776 2136 est
793 2112 912 2147 quam
932 2101 1175 2136 incarcerare
1193 2111 1370 2136 amorem
1390 2112 1518 2140 suum.
1537 2107 1578 2136 et
1598 2101 1733 2136 vivere

231 2154 341 2189 solus
355 2165 445 2189 cum
461 2154 571 2189 sola?
593 2161 634 2189 et
647 2154 743 2200 quid
758 2154 973 2200 Jucundius
985 2165 1104 2200 quam
1118 2154 1402 2189 manumittere
1417 2153 1622 2189 amorem?
1644 2154 1732 2199 quis

233 2217 315 2242 non
344 2207 567 2242 delassatur
591 2218 639 2243 ex
664 2218 754 2247 una,
777 2214 817 2242 et
843 2208 1110 2242 exsuscitatur
1133 2218 1182 2243 ex
1208 2207 1415 2253 pluribus?
1452 2207 1548 2253 quid
1576 2207 1732 2242 dulcius

232 2271 353 2306 quarn
375 2260 602 2306 promiscua
618 2260 793 2300 libertas,
811 2261 995 2300 varietas,
1015 2260 1312 2300 deflorationes,
1332 2260 1568 2294 maritorum
1587 2259 1733 2295 elusio-

233 2324 316 2353 nes,
335 2323 382 2348 ac
407 2313 638 2359 hypocrises
659 2313 950 2349 scortatoriae?
984 2324 1134 2348 numne
1163 2313 1230 2348 illa
1255 2324 1355 2359 quae
1373 2313 1542 2353 astutiis,
1561 2313 1666 2348 dolis
1692 2318 1734 2348 et

234 2365 351 2401 furtis
368 2367 602 2401 obtinentur
618 2365 821 2401 delectent
839 2366 981 2401 intima
999 2366 1143 2401 mentis
1155 2365 1194 2402 ?’'

307 2419 383 2455 His
399 2419 548 2456 auditis
565 2419 770 2455 adstantes
788 2420 985 2459 dicebant,
1001 2424 1022 2438 ‘⁴
1037 2419 1096 2454 Ne
1114 2419 1276 2464 loquere
1295 2418 1371 2459 ita;
1398 2429 1478 2453 non
1497 2417 1575 2453 scis
1593 2418 1660 2453 ubi
1679 2429 1732 2459 es,

234 2479 275 2508 et
291 2483 382 2508 cum
397 2472 540 2518 quibus
553 2483 614 2512 es:
641 2483 769 2518 nuper
781 2472 860 2508 hue
876 2472 1044 2512 venisti;
1070 2479 1132 2507 est
1150 2472 1224 2506 sub
1243 2472 1411 2517 pedibus
1429 2471 1508 2506 tuis
1524 2471 1732 2511 infernum,

234 2532 276 2561 et
292 2537 413 2572 super
429 2526 559 2572 capite
576 2532 648 2561 tuo
665 2526 841 2566 caelum:
867 2537 910 2562 es
931 2537 1037 2560 nunc
1060 2526 1098 2560 in
1120 2526 1270 2560 mundo
1288 2525 1355 2571 qui
1376 2525 1530 2560 medius
1548 2532 1609 2560 est
1631 2525 1734 2559 inter

235 2579 303 2614 illa
323 2580 416 2619 duo,
435 2585 475 2614 et
493 2585 663 2614 vocatur
680 2580 852 2614 mundus
870 2579 1084 2625 spirituum
1101 2591 1108 2618 ;
1136 2578 1201 2613 hic
1218 2578 1449 2618 adveniunt,
1465 2585 1505 2612 et
1524 2578 1602 2612 huc
1620 2577 1733 2612 colli-

234 2638 386 2678 guntur
398 2643 538 2667 omnes
556 2631 623 2677 qui
642 2642 663 2667 e
682 2632 833 2667 mundo
847 2632 1058 2671 decedunt,
1073 2638 1114 2666 et
1132 2631 1391 2676 explorantur
1408 2631 1545 2676 quales
1564 2637 1667 2670 sunt,
1686 2641 1734 2666 ac

235 2692 525 2731 praeparantur
538 2684 630 2719 mali
647 2685 697 2720 ad
716 2684 913 2720 infernum
928 2691 968 2720 et
986 2684 1080 2719 boni
1098 2685 1147 2719 ad
1166 2684 1320 2719 caelum
1336 2694 1344 2719 :
1370 2683 1473 2718 forte
1488 2694 1535 2718 ex
1550 2683 1733 2718 sacerdo-

235 2738 344 2774 tibus
365 2738 404 2773 in
427 2738 578 2773 mundo
595 2744 709 2772 tenes
730 2738 872 2778 adhuc,
892 2732 999 2784 quod
1022 2744 1266 2772 scortatores
1287 2744 1327 2772 et
1348 2736 1578 2772 meretrices
1596 2735 1733 2781 dejici-

235 2797 356 2826 antur
374 2790 413 2825 in
433 2790 643 2830 infernum,
662 2797 703 2825 et
720 2791 829 2836 quod
847 2791 945 2826 casti
964 2791 1157 2835 conjuges
1176 2790 1383 2825 eleventur
1401 2790 1439 2824 in
1459 2788 1653 2824 caelum.”

307 2843 374 2880 Ad
401 2843 501 2878 haee
523 2843 699 2878 novitius
721 2843 785 2878 ille
807 2843 905 2883 risit,
924 2843 1073 2882 dicens,
1094 2848 1113 2861 “
1127 2841 1234 2889 Quid
1256 2843 1407 2877 caelum
1430 2848 1472 2877 et
1493 2841 1590 2887 quid
1613 2840 1731 2876 infer-

237 2895 361 2932 num?
395 2903 507 2932 estne
528 2896 680 2931 caelum
703 2895 770 2930 ubi
796 2896 885 2941 quis
911 2903 972 2931 est
999 2896 1107 2935 liber,
1130 2902 1170 2930 et
1196 2901 1309 2930 estne
1337 2895 1401 2929 ille
1427 2894 1526 2928 liber
1550 2893 1613 2929 cui
1640 2894 1733 2929 licet

237 2959 371 2984 amare
389 2955 489 2994 quot
507 2948 642 2983 lubet?
690 2948 739 2983 Et
756 2955 870 2983 estne
890 2949 1086 2983 infernum
1107 2948 1172 2982 ubi
1192 2948 1280 2993 quis
1298 2954 1359 2982 est
1377 2946 1539 2982 servus?
1561 2953 1601 2982 et
1618 2953 1731 2983 estne

239 3000 304 3036 ille
320 3012 470 3042 servus,
489 3012 607 3047 quem
627 3008 788 3047 oportet
806 3002 1021 3036 adhaerere
1039 3001 1106 3035 uni
1119 3000 1159 3036 ?''
