<?xml version="1.0" encoding="UTF-8"?>
<!DOCTYPE html PUBLIC "-//W3C//DTD XHTML 1.0 Transitional//EN"
    "http://www.w3.org/TR/xhtml1/DTD/xhtml1-transitional.dtd">
<html xmlns="http://www.w3.org/1999/xhtml" xml:lang="en" lang="en">
 <head>
  <title>
</title>
<meta http-equiv="Content-Type" content="text/html;charset=utf-8" />
  <meta name='ocr-system' content='tesseract 3.04.00' />
  <meta name='ocr-capabilities' content='ocr_page ocr_carea ocr_par ocr_line ocrx_word'/>
</head>
<body>
  <div class='ocr_page' id='page_1' title='image "./deliciaesapienti00sweduoft_0082.png"; bbox 0 0 2014 3386; ppageno 0'>
   <div class='ocr_carea' id='block_1_1' title="bbox 237 329 1272 384">
    <p class='ocr_par' dir='ltr' id='par_1_1' title="bbox 237 329 1272 384">
     <span class='ocr_line' id='line_1_1' title="bbox 237 329 1272 384; baseline -0.002 -13"><span class='ocrx_word' id='word_1_1' title='bbox 237 329 293 384; x_wconf 89' lang='lat'>76</span> <span class='ocrx_word' id='word_1_2' title='bbox 696 337 938 371; x_wconf 85' lang='lat' dir='ltr'>DELICIAE</span> <span class='ocrx_word' id='word_1_3' title='bbox 969 336 1272 370; x_wconf 81' lang='lat' dir='ltr'><strong>SAPIENTIAE</strong></span> 
     </span>
    </p>
   </div>
   <div class='ocr_carea' id='block_1_2' title="bbox 232 449 1782 3038">
    <p class='ocr_par' dir='ltr' id='par_1_2' title="bbox 233 449 1734 551">
     <span class='ocr_line' id='line_1_2' title="bbox 234 449 1734 497; baseline -0.002 -9"><span class='ocrx_word' id='word_1_4' title='bbox 234 451 575 488; x_wconf 84' lang='lat' dir='ltr'>scortationibus?</span> <span class='ocrx_word' id='word_1_5' title='bbox 601 451 867 487; x_wconf 84' lang='lat' dir='ltr'>scortationes</span> <span class='ocrx_word' id='word_1_6' title='bbox 885 457 978 487; x_wconf 93' lang='lat' dir='ltr'>sunt</span> <span class='ocrx_word' id='word_1_7' title='bbox 995 450 1283 492; x_wconf 87' lang='lat' dir='ltr'>scortationes;</span> <span class='ocrx_word' id='word_1_8' title='bbox 1309 449 1377 497; x_wconf 91' lang='lat' dir='ltr'>qui</span> <span class='ocrx_word' id='word_1_9' title='bbox 1396 450 1533 486; x_wconf 90' lang='lat' dir='ltr'>insons</span> <span class='ocrx_word' id='word_1_10' title='bbox 1551 455 1623 491; x_wconf 90' lang='lat' dir='ltr'>est,</span> <span class='ocrx_word' id='word_1_11' title='bbox 1642 449 1734 486; x_wconf 89' lang='lat' dir='ltr'>mit·</span> 
     </span>
     <span class='ocr_line' id='line_1_3' title="bbox 233 505 715 551; baseline 0 -10"><span class='ocrx_word' id='word_1_12' title='bbox 233 512 295 541; x_wconf 84' lang='lat' dir='ltr'>tat</span> <span class='ocrx_word' id='word_1_13' title='bbox 314 506 486 551; x_wconf 88' lang='lat' dir='ltr'>primum</span> <span class='ocrx_word' id='word_1_14' title='bbox 505 505 715 551; x_wconf 84' lang='lat' dir='ltr'>lapidem.&#39;&#39;</span> 
     </span>
    </p>

    <p class='ocr_par' dir='ltr' id='par_1_3' title="bbox 234 555 1734 699">
     <span class='ocr_line' id='line_1_4' title="bbox 308 555 1733 603; baseline -0.003 -9"><span class='ocrx_word' id='word_1_15' title='bbox 308 558 358 594; x_wconf 90' lang='lat' dir='ltr'>Et</span> <span class='ocrx_word' id='word_1_16' title='bbox 382 558 504 594; x_wconf 86' lang='lat' dir='ltr'>tertio</span> <span class='ocrx_word' id='word_1_17' title='bbox 525 557 806 603; x_wconf 87' lang='lat' dir='ltr'>quaesivimus,</span> <span class='ocrx_word' id='word_1_18' title='bbox 829 556 970 592; x_wconf 90' lang='lat' dir='ltr'>“Num</span> <span class='ocrx_word' id='word_1_19' title='bbox 990 562 1124 592; x_wconf 88' lang='lat' dir='ltr'>vestra</span> <span class='ocrx_word' id='word_1_20' title='bbox 1143 556 1283 603; x_wconf 89' lang='lat' dir='ltr'>religio</span> <span class='ocrx_word' id='word_1_21' title='bbox 1305 556 1426 592; x_wconf 88' lang='lat' dir='ltr'>docet</span> <span class='ocrx_word' id='word_1_22' title='bbox 1454 556 1505 592; x_wconf 92' lang='lat' dir='ltr'>de</span> <span class='ocrx_word' id='word_1_23' title='bbox 1533 555 1733 602; x_wconf 89' lang='lat' dir='ltr'>conjugiis</span> 
     </span>
     <span class='ocr_line' id='line_1_5' title="bbox 234 608 1734 657; baseline 0 -11"><span class='ocrx_word' id='word_1_24' title='bbox 234 611 342 657; x_wconf 90' lang='lat' dir='ltr'>quod</span> <span class='ocrx_word' id='word_1_25' title='bbox 365 611 445 646; x_wconf 89' lang='lat' dir='ltr'>sint</span> <span class='ocrx_word' id='word_1_26' title='bbox 466 610 604 646; x_wconf 59' lang='lat' dir='ltr'>sancta</span> <span class='ocrx_word' id='word_1_27' title='bbox 624 617 665 646; x_wconf 91' lang='lat' dir='ltr'>et</span> <span class='ocrx_word' id='word_1_28' title='bbox 685 610 883 651; x_wconf 88' lang='lat' dir='ltr'>caelestia,</span> <span class='ocrx_word' id='word_1_29' title='bbox 905 617 946 645; x_wconf 87' lang='lat' dir='ltr'>et</span> <span class='ocrx_word' id='word_1_30' title='bbox 971 610 1021 646; x_wconf 90' lang='lat' dir='ltr'>de</span> <span class='ocrx_word' id='word_1_31' title='bbox 1046 609 1253 645; x_wconf 88' lang='lat' dir='ltr'>adulteriis</span> <span class='ocrx_word' id='word_1_32' title='bbox 1273 609 1381 656; x_wconf 91' lang='lat' dir='ltr'>quod</span> <span class='ocrx_word' id='word_1_33' title='bbox 1402 609 1483 645; x_wconf 90' lang='lat' dir='ltr'>sint</span> <span class='ocrx_word' id='word_1_34' title='bbox 1504 608 1671 655; x_wconf 80' lang='lat' dir='ltr'>profana</span> <span class='ocrx_word' id='word_1_35' title='bbox 1691 615 1734 646; x_wconf 87' lang='lat' dir='ltr'>et</span> 
     </span>
     <span class='ocr_line' id='line_1_6' title="bbox 234 663 496 699; baseline -0.004 0"><span class='ocrx_word' id='word_1_36' title='bbox 234 663 445 699; x_wconf 80' lang='lat' dir='ltr'>infernalia</span> <span class='ocrx_word' id='word_1_37' title='bbox 455 663 496 699; x_wconf 85' lang='lat'>?&#39;&#39;</span> 
     </span>
    </p>

    <p class='ocr_par' dir='ltr' id='par_1_4' title="bbox 232 714 1782 1079">
     <span class='ocr_line' id='line_1_7' title="bbox 306 714 1782 762; baseline -0.001 -10"><span class='ocrx_word' id='word_1_38' title='bbox 306 716 371 753; x_wconf 89' lang='lat' dir='ltr'>Ad</span> <span class='ocrx_word' id='word_1_39' title='bbox 395 716 493 751; x_wconf 88' lang='lat' dir='ltr'>haec</span> <span class='ocrx_word' id='word_1_40' title='bbox 514 716 646 762; x_wconf 91' lang='lat' dir='ltr'>plures</span> <span class='ocrx_word' id='word_1_41' title='bbox 673 715 713 750; x_wconf 93' lang='lat' dir='ltr'>in</span> <span class='ocrx_word' id='word_1_42' title='bbox 734 716 852 751; x_wconf 88' lang='lat' dir='ltr'>turba</span> <span class='ocrx_word' id='word_1_43' title='bbox 872 715 1099 751; x_wconf 91' lang='lat' dir='ltr'>cachinnati</span> <span class='ocrx_word' id='word_1_44' title='bbox 1121 721 1225 756; x_wconf 92' lang='lat' dir='ltr'>sunt,</span> <span class='ocrx_word' id='word_1_45' title='bbox 1249 714 1465 756; x_wconf 89' lang='lat' dir='ltr'>irriserunt,</span> <span class='ocrx_word' id='word_1_46' title='bbox 1484 722 1525 751; x_wconf 92' lang='lat' dir='ltr'>et</span> <span class='ocrx_word' id='word_1_47' title='bbox 1545 715 1733 757; x_wconf 91' lang='lat' dir='ltr'>cavillati,</span> <span class='ocrx_word' id='word_1_48' title='bbox 1779 753 1782 756; x_wconf 76' lang='grc'><em>,</em></span> 
     </span>
     <span class='ocr_line' id='line_1_8' title="bbox 233 768 1732 815; baseline 0 -11"><span class='ocrx_word' id='word_1_49' title='bbox 233 769 425 810; x_wconf 87' lang='lat' dir='ltr'>dicentes,</span> <span class='ocrx_word' id='word_1_50' title='bbox 445 774 466 787; x_wconf 77' lang='lat'>‘¹</span> <span class='ocrx_word' id='word_1_51' title='bbox 480 768 674 815; x_wconf 90' lang='lat' dir='ltr'>Inquirite</span> <span class='ocrx_word' id='word_1_52' title='bbox 693 768 760 803; x_wconf 86' lang='lat' dir='ltr'>illa</span> <span class='ocrx_word' id='word_1_53' title='bbox 778 779 880 814; x_wconf 90' lang='lat' dir='ltr'>quae</span> <span class='ocrx_word' id='word_1_54' title='bbox 898 768 1102 815; x_wconf 88' lang='lat' dir='ltr'>religionis</span> <span class='ocrx_word' id='word_1_55' title='bbox 1120 774 1214 804; x_wconf 89' lang='lat' dir='ltr'>sunt</span> <span class='ocrx_word' id='word_1_56' title='bbox 1235 779 1258 803; x_wconf 93' lang='lat' dir='ltr'>a</span> <span class='ocrx_word' id='word_1_57' title='bbox 1278 769 1554 804; x_wconf 89' lang='lat' dir='ltr'>sacerdotibus</span> <span class='ocrx_word' id='word_1_58' title='bbox 1573 769 1732 809; x_wconf 86' lang='lat' dir='ltr'>nostris,</span> 
     </span>
     <span class='ocr_line' id='line_1_9' title="bbox 233 820 1733 867; baseline -0.001 -10"><span class='ocrx_word' id='word_1_59' title='bbox 233 829 275 857; x_wconf 92' lang='lat' dir='ltr'>et</span> <span class='ocrx_word' id='word_1_60' title='bbox 288 833 368 857; x_wconf 90' lang='lat' dir='ltr'>non</span> <span class='ocrx_word' id='word_1_61' title='bbox 387 833 410 857; x_wconf 91' lang='lat' dir='ltr'>a</span> <span class='ocrx_word' id='word_1_62' title='bbox 428 822 564 862; x_wconf 88' lang='lat' dir='ltr'>nobis;</span> <span class='ocrx_word' id='word_1_63' title='bbox 591 832 663 856; x_wconf 92' lang='lat' dir='ltr'>nos</span> <span class='ocrx_word' id='word_1_64' title='bbox 679 832 839 867; x_wconf 89' lang='lat' dir='ltr'>prorsus</span> <span class='ocrx_word' id='word_1_65' title='bbox 853 821 1141 867; x_wconf 88' lang='lat' dir='ltr'>acquiescimus</span> <span class='ocrx_word' id='word_1_66' title='bbox 1160 820 1198 855; x_wconf 91' lang='lat' dir='ltr'>in</span> <span class='ocrx_word' id='word_1_67' title='bbox 1214 820 1345 856; x_wconf 81' lang='lat' dir='ltr'>effatis</span> <span class='ocrx_word' id='word_1_68' title='bbox 1361 821 1529 861; x_wconf 90' lang='lat' dir='ltr'>illorum,</span> <span class='ocrx_word' id='word_1_69' title='bbox 1544 822 1638 867; x_wconf 90' lang='lat' dir='ltr'>quia</span> <span class='ocrx_word' id='word_1_70' title='bbox 1652 832 1733 857; x_wconf 89' lang='lat' dir='ltr'>non</span> 
     </span>
     <span class='ocr_line' id='line_1_10' title="bbox 233 872 1734 921; baseline 0 -12"><span class='ocrx_word' id='word_1_71' title='bbox 233 875 382 921; x_wconf 90' lang='lat' dir='ltr'>aliquid</span> <span class='ocrx_word' id='word_1_72' title='bbox 407 874 609 921; x_wconf 88' lang='lat' dir='ltr'>religionis</span> <span class='ocrx_word' id='word_1_73' title='bbox 630 874 738 909; x_wconf 87' lang='lat' dir='ltr'>cadit</span> <span class='ocrx_word' id='word_1_74' title='bbox 760 874 799 909; x_wconf 91' lang='lat' dir='ltr'>in</span> <span class='ocrx_word' id='word_1_75' title='bbox 820 873 969 920; x_wconf 87' lang='lat' dir='ltr'>judicia</span> <span class='ocrx_word' id='word_1_76' title='bbox 986 872 1230 914; x_wconf 52' lang='lat' dir='ltr'>intellectum</span> <span class='ocrx_word' id='word_1_77' title='bbox 1259 873 1520 909; x_wconf 84' lang='lat' dir='ltr'>audivistisne</span> <span class='ocrx_word' id='word_1_78' title='bbox 1542 875 1651 920; x_wconf 93' lang='lat' dir='ltr'>quod</span> <span class='ocrx_word' id='word_1_79' title='bbox 1673 875 1734 909; x_wconf 91' lang='lat' dir='ltr'>in-</span> 
     </span>
     <span class='ocr_line' id='line_1_11' title="bbox 232 926 1732 973; baseline 0 -10"><span class='ocrx_word' id='word_1_80' title='bbox 232 926 418 963; x_wconf 66' lang='lat' dir='ltr'>telleftus</span> <span class='ocrx_word' id='word_1_81' title='bbox 437 927 610 962; x_wconf 84' lang='lat' dir='ltr'>insaniat</span> <span class='ocrx_word' id='word_1_82' title='bbox 632 927 671 962; x_wconf 91' lang='lat' dir='ltr'>in</span> <span class='ocrx_word' id='word_1_83' title='bbox 694 927 904 973; x_wconf 88' lang='lat' dir='ltr'>mysteriis,</span> <span class='ocrx_word' id='word_1_84' title='bbox 923 938 972 962; x_wconf 86' lang='lat' dir='ltr'>ex</span> <span class='ocrx_word' id='word_1_85' title='bbox 993 926 1137 972; x_wconf 90' lang='lat' dir='ltr'>quibus</span> <span class='ocrx_word' id='word_1_86' title='bbox 1155 933 1216 962; x_wconf 90' lang='lat' dir='ltr'>est</span> <span class='ocrx_word' id='word_1_87' title='bbox 1236 933 1325 961; x_wconf 87' lang='lat' dir='ltr'>tota</span> <span class='ocrx_word' id='word_1_88' title='bbox 1342 926 1512 973; x_wconf 85' lang='lat' dir='ltr'>religio?</span> <span class='ocrx_word' id='word_1_89' title='bbox 1564 927 1614 962; x_wconf 88' lang='lat' dir='ltr'>Et</span> <span class='ocrx_word' id='word_1_90' title='bbox 1635 927 1732 973; x_wconf 91' lang='lat' dir='ltr'>quid</span> 
     </span>
     <span class='ocr_line' id='line_1_12' title="bbox 233 979 1732 1026; baseline 0 -10"><span class='ocrx_word' id='word_1_91' title='bbox 233 979 339 1016; x_wconf 64' lang='lat' dir='ltr'>facta</span> <span class='ocrx_word' id='word_1_92' title='bbox 349 991 439 1016; x_wconf 90' lang='lat' dir='ltr'>cum</span> <span class='ocrx_word' id='word_1_93' title='bbox 452 979 671 1026; x_wconf 88' lang='lat' dir='ltr'>religione?</span> <span class='ocrx_word' id='word_1_94' title='bbox 693 986 838 1015; x_wconf 90' lang='lat' dir='ltr'>suntne</span> <span class='ocrx_word' id='word_1_95' title='bbox 852 990 1057 1015; x_wconf 87' lang='lat' dir='ltr'>murmura</span> <span class='ocrx_word' id='word_1_96' title='bbox 1070 990 1118 1014; x_wconf 86' lang='lat' dir='ltr'>ex</span> <span class='ocrx_word' id='word_1_97' title='bbox 1131 979 1252 1014; x_wconf 90' lang='lat' dir='ltr'>corde</span> <span class='ocrx_word' id='word_1_98' title='bbox 1265 980 1413 1014; x_wconf 89' lang='lat' dir='ltr'>devota</span> <span class='ocrx_word' id='word_1_99' title='bbox 1426 980 1476 1015; x_wconf 91' lang='lat' dir='ltr'>de</span> <span class='ocrx_word' id='word_1_100' title='bbox 1491 980 1732 1026; x_wconf 86' lang='lat' dir='ltr'>expiatione.</span> 
     </span>
     <span class='ocr_line' id='line_1_13' title="bbox 233 1032 1733 1079; baseline 0 -10"><span class='ocrx_word' id='word_1_101' title='bbox 233 1032 518 1073; x_wconf 63' lang='lat' dir='ltr'>satisfactione,</span> <span class='ocrx_word' id='word_1_102' title='bbox 531 1040 572 1068; x_wconf 90' lang='lat' dir='ltr'>et</span> <span class='ocrx_word' id='word_1_103' title='bbox 587 1032 864 1078; x_wconf 86' lang='lat' dir='ltr'>imputatione,</span> <span class='ocrx_word' id='word_1_104' title='bbox 879 1043 980 1078; x_wconf 88' lang='lat' dir='ltr'>quae</span> <span class='ocrx_word' id='word_1_105' title='bbox 991 1032 1144 1067; x_wconf 88' lang='lat' dir='ltr'>animas</span> <span class='ocrx_word' id='word_1_106' title='bbox 1158 1032 1399 1072; x_wconf 87' lang='lat' dir='ltr'>beatificant,</span> <span class='ocrx_word' id='word_1_107' title='bbox 1413 1038 1454 1067; x_wconf 91' lang='lat' dir='ltr'>et</span> <span class='ocrx_word' id='word_1_108' title='bbox 1467 1043 1548 1067; x_wconf 92' lang='lat' dir='ltr'>non</span> <span class='ocrx_word' id='word_1_109' title='bbox 1559 1044 1682 1079; x_wconf 90' lang='lat' dir='ltr'>opera</span> <span class='ocrx_word' id='word_1_110' title='bbox 1692 1032 1733 1069; x_wconf 82' lang='lat'>?&#39;’</span> 
     </span>
    </p>

    <p class='ocr_par' dir='ltr' id='par_1_5' title="bbox 233 1085 1734 1288">
     <span class='ocr_line' id='line_1_14' title="bbox 306 1085 1734 1131; baseline 0 -9"><span class='ocrx_word' id='word_1_111' title='bbox 306 1085 386 1122; x_wconf 92' lang='lat' dir='ltr'>Sed</span> <span class='ocrx_word' id='word_1_112' title='bbox 408 1093 505 1121; x_wconf 91' lang='lat' dir='ltr'>tunc</span> <span class='ocrx_word' id='word_1_113' title='bbox 525 1092 780 1121; x_wconf 89' lang='lat' dir='ltr'>accesserunt</span> <span class='ocrx_word' id='word_1_114' title='bbox 801 1085 924 1131; x_wconf 86' lang='lat' dir='ltr'>aliqui</span> <span class='ocrx_word' id='word_1_115' title='bbox 950 1096 998 1121; x_wconf 86' lang='lat' dir='ltr'>ex</span> <span class='ocrx_word' id='word_1_116' title='bbox 1024 1085 1271 1131; x_wconf 86' lang='lat' dir='ltr'>sapientibus</span> <span class='ocrx_word' id='word_1_117' title='bbox 1292 1085 1400 1120; x_wconf 89' lang='lat' dir='ltr'>urbis</span> <span class='ocrx_word' id='word_1_118' title='bbox 1425 1085 1481 1120; x_wconf 89' lang='lat' dir='ltr'>ita</span> <span class='ocrx_word' id='word_1_119' title='bbox 1505 1085 1669 1126; x_wconf 89' lang='lat' dir='ltr'>vocatis,</span> <span class='ocrx_word' id='word_1_120' title='bbox 1691 1092 1734 1122; x_wconf 87' lang='lat' dir='ltr'>et</span> 
     </span>
     <span class='ocr_line' id='line_1_15' title="bbox 233 1137 1733 1179; baseline 0 -5"><span class='ocrx_word' id='word_1_121' title='bbox 233 1139 431 1179; x_wconf 88' lang='lat' dir='ltr'>dixerunt,</span> <span class='ocrx_word' id='word_1_122' title='bbox 454 1138 681 1174; x_wconf 86' lang='lat' dir='ltr'>“Recedite</span> <span class='ocrx_word' id='word_1_123' title='bbox 702 1138 859 1178; x_wconf 86' lang='lat' dir='ltr'>abhinc,</span> <span class='ocrx_word' id='word_1_124' title='bbox 881 1138 1137 1173; x_wconf 87' lang='lat' dir='ltr'>excandescit</span> <span class='ocrx_word' id='word_1_125' title='bbox 1157 1138 1285 1178; x_wconf 88' lang='lat' dir='ltr'>turba,</span> <span class='ocrx_word' id='word_1_126' title='bbox 1307 1137 1352 1173; x_wconf 89' lang='lat' dir='ltr'>fit</span> <span class='ocrx_word' id='word_1_127' title='bbox 1381 1137 1491 1174; x_wconf 89' lang='lat' dir='ltr'>brevi</span> <span class='ocrx_word' id='word_1_128' title='bbox 1512 1139 1733 1179; x_wconf 83' lang='lat' dir='ltr'>tumultus;</span> 
     </span>
     <span class='ocr_line' id='line_1_16' title="bbox 234 1191 1733 1238; baseline 0.001 -11"><span class='ocrx_word' id='word_1_129' title='bbox 234 1192 511 1238; x_wconf 90' lang='lat' dir='ltr'>colloquamur</span> <span class='ocrx_word' id='word_1_130' title='bbox 524 1192 574 1226; x_wconf 91' lang='lat' dir='ltr'>de</span> <span class='ocrx_word' id='word_1_131' title='bbox 593 1191 668 1226; x_wconf 88' lang='lat' dir='ltr'>hac</span> <span class='ocrx_word' id='word_1_132' title='bbox 682 1202 723 1226; x_wconf 91' lang='lat' dir='ltr'>re</span> <span class='ocrx_word' id='word_1_133' title='bbox 737 1191 812 1226; x_wconf 90' lang='lat' dir='ltr'>soli</span> <span class='ocrx_word' id='word_1_134' title='bbox 826 1203 835 1232; x_wconf 73' lang='grc' dir='ltr'>ς</span> <span class='ocrx_word' id='word_1_135' title='bbox 857 1198 918 1226; x_wconf 89' lang='lat' dir='ltr'>est</span> <span class='ocrx_word' id='word_1_136' title='bbox 931 1191 1200 1226; x_wconf 85' lang='lat' dir='ltr'>ambulacrum</span> <span class='ocrx_word' id='word_1_137' title='bbox 1217 1197 1310 1237; x_wconf 90' lang='lat' dir='ltr'>post</span> <span class='ocrx_word' id='word_1_138' title='bbox 1324 1191 1484 1232; x_wconf 87' lang='lat' dir='ltr'>curiam,</span> <span class='ocrx_word' id='word_1_139' title='bbox 1499 1192 1733 1228; x_wconf 88' lang='lat' dir='ltr'>secedamus</span> 
     </span>
     <span class='ocr_line' id='line_1_17' title="bbox 235 1244 1674 1288; baseline -0.001 -8"><span class='ocrx_word' id='word_1_140' title='bbox 235 1245 339 1285; x_wconf 92' lang='lat' dir='ltr'>illuc,</span> <span class='ocrx_word' id='word_1_141' title='bbox 358 1245 492 1280; x_wconf 87' lang='lat' dir='ltr'>venite</span> <span class='ocrx_word' id='word_1_142' title='bbox 511 1244 756 1279; x_wconf 88' lang='lat' dir='ltr'>nobiscum.’&#39;</span> <span class='ocrx_word' id='word_1_143' title='bbox 1108 1277 1110 1279; x_wconf 88' lang='lat'>.</span> <span class='ocrx_word' id='word_1_144' title='bbox 1672 1286 1674 1288; x_wconf 21' lang='grc' dir='ltr'>Ι</span> 
     </span>
    </p>

    <p class='ocr_par' dir='ltr' id='par_1_6' title="bbox 239 1295 1731 1398">
     <span class='ocr_line' id='line_1_18' title="bbox 306 1295 1731 1343; baseline 0 -10"><span class='ocrx_word' id='word_1_145' title='bbox 306 1297 356 1333; x_wconf 90' lang='lat' dir='ltr'>Et</span> <span class='ocrx_word' id='word_1_146' title='bbox 373 1298 500 1333; x_wconf 91' lang='lat' dir='ltr'>secuti</span> <span class='ocrx_word' id='word_1_147' title='bbox 519 1307 678 1333; x_wconf 89' lang='lat' dir='ltr'>sumus:</span> <span class='ocrx_word' id='word_1_148' title='bbox 703 1303 744 1332; x_wconf 94' lang='lat' dir='ltr'>et</span> <span class='ocrx_word' id='word_1_149' title='bbox 761 1303 859 1332; x_wconf 91' lang='lat' dir='ltr'>tunc</span> <span class='ocrx_word' id='word_1_150' title='bbox 877 1295 1162 1343; x_wconf 88' lang='lat' dir='ltr'>quaesiverunt</span> <span class='ocrx_word' id='word_1_151' title='bbox 1180 1307 1266 1337; x_wconf 90' lang='lat' dir='ltr'>nos,</span> <span class='ocrx_word' id='word_1_152' title='bbox 1282 1296 1390 1332; x_wconf 87' lang='lat' dir='ltr'>unde</span> <span class='ocrx_word' id='word_1_153' title='bbox 1407 1307 1556 1337; x_wconf 88' lang='lat' dir='ltr'>sumus,</span> <span class='ocrx_word' id='word_1_154' title='bbox 1574 1302 1617 1332; x_wconf 92' lang='lat' dir='ltr'>et</span> <span class='ocrx_word' id='word_1_155' title='bbox 1634 1296 1731 1343; x_wconf 93' lang='lat' dir='ltr'>quid</span> 
     </span>
     <span class='ocr_line' id='line_1_19' title="bbox 239 1351 486 1398; baseline -0.004 -11"><span class='ocrx_word' id='word_1_156' title='bbox 239 1351 391 1398; x_wconf 87' lang='lat' dir='ltr'>negotii</span> <span class='ocrx_word' id='word_1_157' title='bbox 410 1351 486 1386; x_wconf 87' lang='lat' dir='ltr'>hic.</span> 
     </span>
    </p>

    <p class='ocr_par' dir='ltr' id='par_1_7' title="bbox 233 1402 1734 1549">
     <span class='ocr_line' id='line_1_20' title="bbox 308 1402 1734 1449; baseline -0.001 -10"><span class='ocrx_word' id='word_1_158' title='bbox 308 1404 358 1439; x_wconf 92' lang='lat' dir='ltr'>Et</span> <span class='ocrx_word' id='word_1_159' title='bbox 369 1404 551 1443; x_wconf 87' lang='lat' dir='ltr'>diximus,</span> <span class='ocrx_word' id='word_1_160' title='bbox 564 1407 584 1421; x_wconf 81' lang='lat'>‘¹</span> <span class='ocrx_word' id='word_1_161' title='bbox 595 1402 652 1438; x_wconf 92' lang='lat' dir='ltr'>Ut</span> <span class='ocrx_word' id='word_1_162' title='bbox 664 1402 905 1437; x_wconf 89' lang='lat' dir='ltr'>instruamur</span> <span class='ocrx_word' id='word_1_163' title='bbox 916 1403 965 1437; x_wconf 93' lang='lat' dir='ltr'>de</span> <span class='ocrx_word' id='word_1_164' title='bbox 976 1402 1184 1448; x_wconf 83' lang='lat' dir='ltr'>conjugiis,</span> <span class='ocrx_word' id='word_1_165' title='bbox 1197 1413 1292 1437; x_wconf 91' lang='lat' dir='ltr'>num</span> <span class='ocrx_word' id='word_1_166' title='bbox 1306 1402 1373 1438; x_wconf 84' lang='lat' dir='ltr'>illa</span> <span class='ocrx_word' id='word_1_167' title='bbox 1382 1403 1487 1448; x_wconf 88' lang='lat' dir='ltr'>apud</span> <span class='ocrx_word' id='word_1_168' title='bbox 1501 1414 1585 1443; x_wconf 92' lang='lat' dir='ltr'>vos,</span> <span class='ocrx_word' id='word_1_169' title='bbox 1595 1413 1734 1449; x_wconf 91' lang='lat' dir='ltr'>quem-</span> 
     </span>
     <span class='ocr_line' id='line_1_21' title="bbox 233 1455 1732 1502; baseline 0 -10"><span class='ocrx_word' id='word_1_170' title='bbox 233 1457 451 1492; x_wconf 86' lang='lat' dir='ltr'>admodum</span> <span class='ocrx_word' id='word_1_171' title='bbox 470 1456 576 1501; x_wconf 89' lang='lat' dir='ltr'>apud</span> <span class='ocrx_word' id='word_1_172' title='bbox 594 1455 793 1501; x_wconf 88' lang='lat' dir='ltr'>antiquos,</span> <span class='ocrx_word' id='word_1_173' title='bbox 809 1455 877 1501; x_wconf 88' lang='lat' dir='ltr'>qui</span> <span class='ocrx_word' id='word_1_174' title='bbox 898 1455 936 1490; x_wconf 94' lang='lat' dir='ltr'>in</span> <span class='ocrx_word' id='word_1_175' title='bbox 955 1456 1136 1495; x_wconf 90' lang='lat' dir='ltr'>saeculis,</span> <span class='ocrx_word' id='word_1_176' title='bbox 1150 1466 1283 1496; x_wconf 91' lang='lat' dir='ltr'>aureo,</span> <span class='ocrx_word' id='word_1_177' title='bbox 1297 1462 1502 1502; x_wconf 89' lang='lat' dir='ltr'>argenteo,</span> <span class='ocrx_word' id='word_1_178' title='bbox 1515 1462 1556 1491; x_wconf 91' lang='lat' dir='ltr'>et</span> <span class='ocrx_word' id='word_1_179' title='bbox 1573 1466 1732 1502; x_wconf 84' lang='lat' dir='ltr'>cupreo,</span> 
     </span>
     <span class='ocr_line' id='line_1_22' title="bbox 233 1507 1043 1549; baseline -0.002 -4"><span class='ocrx_word' id='word_1_180' title='bbox 233 1510 427 1549; x_wconf 89' lang='lat' dir='ltr'>vixerant,</span> <span class='ocrx_word' id='word_1_181' title='bbox 447 1509 526 1544; x_wconf 91' lang='lat' dir='ltr'>sint</span> <span class='ocrx_word' id='word_1_182' title='bbox 545 1507 821 1548; x_wconf 69' lang='lat' dir='ltr'>sanctimonia,</span> <span class='ocrx_word' id='word_1_183' title='bbox 840 1508 903 1543; x_wconf 92' lang='lat' dir='ltr'>vel</span> <span class='ocrx_word' id='word_1_184' title='bbox 925 1508 1043 1543; x_wconf 85' lang='lat' dir='ltr'>non.&#39;’</span> 
     </span>
    </p>

    <p class='ocr_par' dir='ltr' id='par_1_8' title="bbox 234 1559 1733 1651">
     <span class='ocr_line' id='line_1_23' title="bbox 307 1559 1733 1608; baseline 0 -11"><span class='ocrx_word' id='word_1_185' title='bbox 307 1562 357 1597; x_wconf 84' lang='lat' dir='ltr'>Et</span> <span class='ocrx_word' id='word_1_186' title='bbox 383 1562 684 1608; x_wconf 89' lang='lat' dir='ltr'>responderunt,</span> <span class='ocrx_word' id='word_1_187' title='bbox 708 1560 845 1608; x_wconf 73' lang='lat' dir='ltr'>“Quid</span> <span class='ocrx_word' id='word_1_188' title='bbox 867 1559 1162 1597; x_wconf 64' lang='lat' dir='ltr'>sanctimonia?</span> <span class='ocrx_word' id='word_1_189' title='bbox 1212 1560 1365 1601; x_wconf 84' lang='lat' dir='ltr'>Suntne</span> <span class='ocrx_word' id='word_1_190' title='bbox 1385 1572 1508 1607; x_wconf 87' lang='lat' dir='ltr'>opera</span> <span class='ocrx_word' id='word_1_191' title='bbox 1531 1561 1662 1598; x_wconf 86' lang='lat' dir='ltr'>carnis</span> <span class='ocrx_word' id='word_1_192' title='bbox 1691 1567 1733 1597; x_wconf 88' lang='lat' dir='ltr'>et</span> 
     </span>
     <span class='ocr_line' id='line_1_24' title="bbox 234 1614 415 1651; baseline -0.006 0"><span class='ocrx_word' id='word_1_193' title='bbox 234 1614 363 1651; x_wconf 62' lang='lat' dir='ltr'>noctis</span> <span class='ocrx_word' id='word_1_194' title='bbox 375 1614 415 1650; x_wconf 88' lang='lat'>?’&#39;</span> 
     </span>
    </p>

    <p class='ocr_par' dir='ltr' id='par_1_9' title="bbox 233 1665 1733 1872">
     <span class='ocr_line' id='line_1_25' title="bbox 307 1665 1732 1713; baseline -0.001 -10"><span class='ocrx_word' id='word_1_195' title='bbox 307 1668 356 1703; x_wconf 92' lang='lat' dir='ltr'>Et</span> <span class='ocrx_word' id='word_1_196' title='bbox 374 1667 724 1713; x_wconf 89' lang='lat' dir='ltr'>respondebamus,</span> <span class='ocrx_word' id='word_1_197' title='bbox 745 1671 765 1685; x_wconf 78' lang='lat'>‘⁶</span> <span class='ocrx_word' id='word_1_198' title='bbox 777 1666 931 1702; x_wconf 88' lang='lat' dir='ltr'>Suntne</span> <span class='ocrx_word' id='word_1_199' title='bbox 949 1666 1070 1701; x_wconf 89' lang='lat' dir='ltr'>etiam</span> <span class='ocrx_word' id='word_1_200' title='bbox 1088 1677 1210 1712; x_wconf 91' lang='lat' dir='ltr'>opera</span> <span class='ocrx_word' id='word_1_201' title='bbox 1225 1665 1420 1712; x_wconf 89' lang='lat' dir='ltr'>spiritus?</span> <span class='ocrx_word' id='word_1_202' title='bbox 1445 1673 1486 1702; x_wconf 92' lang='lat' dir='ltr'>et</span> <span class='ocrx_word' id='word_1_203' title='bbox 1507 1667 1616 1713; x_wconf 90' lang='lat' dir='ltr'>quod</span> <span class='ocrx_word' id='word_1_204' title='bbox 1638 1676 1732 1702; x_wconf 87' lang='lat' dir='ltr'>caro</span> 
     </span>
     <span class='ocr_line' id='line_1_26' title="bbox 233 1719 1733 1766; baseline -0.001 -10"><span class='ocrx_word' id='word_1_205' title='bbox 233 1732 282 1756; x_wconf 88' lang='lat' dir='ltr'>ex</span> <span class='ocrx_word' id='word_1_206' title='bbox 307 1721 448 1766; x_wconf 88' lang='lat' dir='ltr'>spiritu</span> <span class='ocrx_word' id='word_1_207' title='bbox 470 1720 564 1766; x_wconf 88' lang='lat' dir='ltr'>agit,</span> <span class='ocrx_word' id='word_1_208' title='bbox 585 1727 699 1755; x_wconf 91' lang='lat' dir='ltr'>estne</span> <span class='ocrx_word' id='word_1_209' title='bbox 725 1719 764 1754; x_wconf 93' lang='lat' dir='ltr'>id</span> <span class='ocrx_word' id='word_1_210' title='bbox 791 1719 1025 1765; x_wconf 89' lang='lat' dir='ltr'>spirituale?</span> <span class='ocrx_word' id='word_1_211' title='bbox 1053 1726 1094 1755; x_wconf 91' lang='lat' dir='ltr'>et</span> <span class='ocrx_word' id='word_1_212' title='bbox 1115 1720 1278 1765; x_wconf 90' lang='lat' dir='ltr'>spiritus</span> <span class='ocrx_word' id='word_1_213' title='bbox 1300 1720 1419 1755; x_wconf 82' lang='lat' dir='ltr'>omne</span> <span class='ocrx_word' id='word_1_214' title='bbox 1439 1720 1548 1766; x_wconf 91' lang='lat' dir='ltr'>quod</span> <span class='ocrx_word' id='word_1_215' title='bbox 1569 1720 1661 1766; x_wconf 88' lang='lat' dir='ltr'>agit,</span> <span class='ocrx_word' id='word_1_216' title='bbox 1683 1730 1733 1755; x_wconf 87' lang='lat' dir='ltr'>ex</span> 
     </span>
     <span class='ocr_line' id='line_1_27' title="bbox 233 1772 1732 1820; baseline -0.001 -11"><span class='ocrx_word' id='word_1_217' title='bbox 233 1773 423 1820; x_wconf 91' lang='lat' dir='ltr'>conjugio</span> <span class='ocrx_word' id='word_1_218' title='bbox 450 1773 544 1808; x_wconf 89' lang='lat' dir='ltr'>boni</span> <span class='ocrx_word' id='word_1_219' title='bbox 570 1779 611 1808; x_wconf 91' lang='lat' dir='ltr'>et</span> <span class='ocrx_word' id='word_1_220' title='bbox 636 1773 719 1808; x_wconf 90' lang='lat' dir='ltr'>veri</span> <span class='ocrx_word' id='word_1_221' title='bbox 746 1773 849 1819; x_wconf 89' lang='lat' dir='ltr'>agit;</span> <span class='ocrx_word' id='word_1_222' title='bbox 883 1779 996 1808; x_wconf 90' lang='lat' dir='ltr'>estne</span> <span class='ocrx_word' id='word_1_223' title='bbox 1023 1772 1104 1807; x_wconf 93' lang='lat' dir='ltr'>hoc</span> <span class='ocrx_word' id='word_1_224' title='bbox 1129 1772 1360 1819; x_wconf 89' lang='lat' dir='ltr'>conjugium</span> <span class='ocrx_word' id='word_1_225' title='bbox 1386 1772 1604 1818; x_wconf 85' lang='lat' dir='ltr'>spirituale,</span> <span class='ocrx_word' id='word_1_226' title='bbox 1622 1772 1732 1819; x_wconf 90' lang='lat' dir='ltr'>quod</span> 
     </span>
     <span class='ocr_line' id='line_1_28' title="bbox 234 1825 1421 1872; baseline -0.002 -10"><span class='ocrx_word' id='word_1_227' title='bbox 234 1827 358 1862; x_wconf 89' lang='lat' dir='ltr'>intrat</span> <span class='ocrx_word' id='word_1_228' title='bbox 375 1826 606 1872; x_wconf 84' lang='lat' dir='ltr'>conjugium</span> <span class='ocrx_word' id='word_1_229' title='bbox 625 1826 815 1866; x_wconf 86' lang='lat' dir='ltr'>naturale,</span> <span class='ocrx_word' id='word_1_230' title='bbox 834 1826 942 1871; x_wconf 90' lang='lat' dir='ltr'>quod</span> <span class='ocrx_word' id='word_1_231' title='bbox 961 1832 1022 1861; x_wconf 89' lang='lat' dir='ltr'>est</span> <span class='ocrx_word' id='word_1_232' title='bbox 1041 1825 1172 1860; x_wconf 89' lang='lat' dir='ltr'>mariti</span> <span class='ocrx_word' id='word_1_233' title='bbox 1191 1832 1232 1861; x_wconf 89' lang='lat' dir='ltr'>et</span> <span class='ocrx_word' id='word_1_234' title='bbox 1250 1826 1421 1861; x_wconf 86' lang='lat' dir='ltr'>uxoris.”</span> 
     </span>
    </p>

    <p class='ocr_par' dir='ltr' id='par_1_10' title="bbox 233 1878 1732 2180">
     <span class='ocr_line' id='line_1_29' title="bbox 305 1878 1731 1925; baseline 0 -11"><span class='ocrx_word' id='word_1_235' title='bbox 305 1879 370 1914; x_wconf 93' lang='lat' dir='ltr'>Ad</span> <span class='ocrx_word' id='word_1_236' title='bbox 386 1879 484 1914; x_wconf 88' lang='lat' dir='ltr'>haec</span> <span class='ocrx_word' id='word_1_237' title='bbox 498 1879 699 1924; x_wconf 88' lang='lat' dir='ltr'>sapientes</span> <span class='ocrx_word' id='word_1_238' title='bbox 715 1878 769 1913; x_wconf 88' lang='lat' dir='ltr'>ita</span> <span class='ocrx_word' id='word_1_239' title='bbox 782 1878 914 1913; x_wconf 88' lang='lat' dir='ltr'>vocati</span> <span class='ocrx_word' id='word_1_240' title='bbox 931 1879 1233 1925; x_wconf 85' lang='lat' dir='ltr'>responderunt,</span> <span class='ocrx_word' id='word_1_241' title='bbox 1250 1883 1270 1897; x_wconf 78' lang='lat'>‘¹</span> <span class='ocrx_word' id='word_1_242' title='bbox 1283 1878 1438 1914; x_wconf 89' lang='lat' dir='ltr'>Acuitis</span> <span class='ocrx_word' id='word_1_243' title='bbox 1453 1885 1493 1914; x_wconf 92' lang='lat' dir='ltr'>et</span> <span class='ocrx_word' id='word_1_244' title='bbox 1507 1878 1731 1914; x_wconf 90' lang='lat' dir='ltr'>sublimatis</span> 
     </span>
     <span class='ocr_line' id='line_1_30' title="bbox 233 1928 1732 1977; baseline 0 -10"><span class='ocrx_word' id='word_1_245' title='bbox 233 1931 352 1967; x_wconf 90' lang='lat' dir='ltr'>nimis</span> <span class='ocrx_word' id='word_1_246' title='bbox 375 1932 478 1966; x_wconf 90' lang='lat' dir='ltr'>hanc</span> <span class='ocrx_word' id='word_1_247' title='bbox 500 1943 605 1972; x_wconf 74' lang='lat' dir='ltr'>rem:</span> <span class='ocrx_word' id='word_1_248' title='bbox 631 1932 915 1967; x_wconf 86' lang='lat' dir='ltr'>transcenditis</span> <span class='ocrx_word' id='word_1_249' title='bbox 937 1942 1056 1977; x_wconf 90' lang='lat' dir='ltr'>supra</span> <span class='ocrx_word' id='word_1_250' title='bbox 1077 1928 1354 1966; x_wconf 69' lang='lat' dir='ltr'>rationalia&#39;ad</span> <span class='ocrx_word' id='word_1_251' title='bbox 1376 1931 1617 1976; x_wconf 85' lang='lat' dir='ltr'>spiritualia:</span> <span class='ocrx_word' id='word_1_252' title='bbox 1642 1931 1732 1977; x_wconf 88' lang='lat' dir='ltr'>quis</span> 
     </span>
     <span class='ocr_line' id='line_1_31' title="bbox 234 1978 1732 2032; baseline 0 -11"><span class='ocrx_word' id='word_1_253' title='bbox 234 1991 370 2032; x_wconf 88' lang='lat' dir='ltr'>potest</span> <span class='ocrx_word' id='word_1_254' title='bbox 397 1985 449 2019; x_wconf 89' lang='lat' dir='ltr'>ibi</span> <span class='ocrx_word' id='word_1_255' title='bbox 473 1985 671 2025; x_wconf 86' lang='lat' dir='ltr'>inchoare,</span> <span class='ocrx_word' id='word_1_256' title='bbox 694 1985 785 2020; x_wconf 91' lang='lat' dir='ltr'>inde</span> <span class='ocrx_word' id='word_1_257' title='bbox 807 1985 1058 2025; x_wconf 88' lang='lat' dir='ltr'>descendere,</span> <span class='ocrx_word' id='word_1_258' title='bbox 1078 1991 1118 2020; x_wconf 90' lang='lat' dir='ltr'>et</span> <span class='ocrx_word' id='word_1_259' title='bbox 1139 1985 1195 2020; x_wconf 91' lang='lat' dir='ltr'>sic</span> <span class='ocrx_word' id='word_1_260' title='bbox 1214 1985 1391 2030; x_wconf 89' lang='lat' dir='ltr'>judicare</span> <span class='ocrx_word' id='word_1_261' title='bbox 1409 1985 1559 2030; x_wconf 85' lang='lat' dir='ltr'>aliquid</span> <span class='ocrx_word' id='word_1_262' title='bbox 1572 1984 1612 2020; x_wconf 82' lang='lat'>?&#39;&#39;</span> <span class='ocrx_word' id='word_1_263' title='bbox 1656 1978 1732 2021; x_wconf 86' lang='lat' dir='ltr'>His</span> 
     </span>
     <span class='ocr_line' id='line_1_32' title="bbox 233 2037 1732 2083; baseline -0.001 -9"><span class='ocrx_word' id='word_1_264' title='bbox 233 2038 518 2074; x_wconf 88' lang='lat' dir='ltr'>subsannando</span> <span class='ocrx_word' id='word_1_265' title='bbox 543 2037 795 2078; x_wconf 89' lang='lat' dir='ltr'>addiderunt,</span> <span class='ocrx_word' id='word_1_266' title='bbox 823 2037 975 2073; x_wconf 88' lang='lat' dir='ltr'>“Forte</span> <span class='ocrx_word' id='word_1_267' title='bbox 1001 2037 1157 2073; x_wconf 89' lang='lat' dir='ltr'>habetis</span> <span class='ocrx_word' id='word_1_268' title='bbox 1182 2038 1264 2073; x_wconf 88' lang='lat' dir='ltr'>alas</span> <span class='ocrx_word' id='word_1_269' title='bbox 1293 2038 1461 2083; x_wconf 87' lang='lat' dir='ltr'>aquilae,</span> <span class='ocrx_word' id='word_1_270' title='bbox 1488 2044 1528 2073; x_wconf 92' lang='lat' dir='ltr'>et</span> <span class='ocrx_word' id='word_1_271' title='bbox 1563 2038 1732 2083; x_wconf 87' lang='lat' dir='ltr'>potestis</span> 
     </span>
     <span class='ocr_line' id='line_1_33' title="bbox 233 2089 1732 2137; baseline 0 -11"><span class='ocrx_word' id='word_1_272' title='bbox 233 2091 368 2127; x_wconf 89' lang='lat' dir='ltr'>volare</span> <span class='ocrx_word' id='word_1_273' title='bbox 387 2091 426 2126; x_wconf 91' lang='lat' dir='ltr'>in</span> <span class='ocrx_word' id='word_1_274' title='bbox 445 2101 631 2136; x_wconf 88' lang='lat' dir='ltr'>suprema</span> <span class='ocrx_word' id='word_1_275' title='bbox 647 2089 808 2136; x_wconf 88' lang='lat' dir='ltr'>regione</span> <span class='ocrx_word' id='word_1_276' title='bbox 826 2090 934 2131; x_wconf 87' lang='lat' dir='ltr'>caeli,</span> <span class='ocrx_word' id='word_1_277' title='bbox 953 2097 995 2126; x_wconf 90' lang='lat' dir='ltr'>et</span> <span class='ocrx_word' id='word_1_278' title='bbox 1016 2090 1237 2137; x_wconf 85' lang='lat' dir='ltr'>perspicere</span> <span class='ocrx_word' id='word_1_279' title='bbox 1255 2090 1371 2131; x_wconf 77' lang='lat' dir='ltr'>talia:</span> <span class='ocrx_word' id='word_1_280' title='bbox 1398 2101 1471 2126; x_wconf 91' lang='lat' dir='ltr'>nos</span> <span class='ocrx_word' id='word_1_281' title='bbox 1493 2101 1572 2126; x_wconf 89' lang='lat' dir='ltr'>non</span> <span class='ocrx_word' id='word_1_282' title='bbox 1591 2101 1732 2136; x_wconf 88' lang='lat' dir='ltr'>possu-</span> 
     </span>
     <span class='ocr_line' id='line_1_34' title="bbox 235 2143 360 2180; baseline -0.008 0"><span class='ocrx_word' id='word_1_283' title='bbox 235 2143 360 2180; x_wconf 89' lang='lat' dir='ltr'>mus.”</span> 
     </span>
    </p>

    <p class='ocr_par' dir='ltr' id='par_1_11' title="bbox 233 2194 1729 2551">
     <span class='ocr_line' id='line_1_35' title="bbox 307 2194 1729 2242; baseline -0.001 -10"><span class='ocrx_word' id='word_1_284' title='bbox 307 2197 357 2232; x_wconf 92' lang='lat' dir='ltr'>Et</span> <span class='ocrx_word' id='word_1_285' title='bbox 375 2203 470 2231; x_wconf 91' lang='lat' dir='ltr'>tunc</span> <span class='ocrx_word' id='word_1_286' title='bbox 489 2195 715 2241; x_wconf 88' lang='lat' dir='ltr'>rogavimus</span> <span class='ocrx_word' id='word_1_287' title='bbox 734 2194 832 2235; x_wconf 92' lang='lat' dir='ltr'>illos,</span> <span class='ocrx_word' id='word_1_288' title='bbox 851 2201 896 2230; x_wconf 92' lang='lat' dir='ltr'>ut</span> <span class='ocrx_word' id='word_1_289' title='bbox 914 2195 1092 2230; x_wconf 90' lang='lat' dir='ltr'>dicerent</span> <span class='ocrx_word' id='word_1_290' title='bbox 1109 2206 1157 2230; x_wconf 88' lang='lat' dir='ltr'>ex</span> <span class='ocrx_word' id='word_1_291' title='bbox 1179 2195 1390 2231; x_wconf 90' lang='lat' dir='ltr'>altitudine</span> <span class='ocrx_word' id='word_1_292' title='bbox 1408 2207 1477 2231; x_wconf 92' lang='lat' dir='ltr'>seu</span> <span class='ocrx_word' id='word_1_293' title='bbox 1497 2195 1669 2242; x_wconf 84' lang='lat' dir='ltr'>regione,</span> <span class='ocrx_word' id='word_1_294' title='bbox 1689 2195 1729 2231; x_wconf 91' lang='lat' dir='ltr'>in</span> 
     </span>
     <span class='ocr_line' id='line_1_36' title="bbox 233 2248 1726 2296; baseline -0.001 -11"><span class='ocrx_word' id='word_1_295' title='bbox 233 2261 312 2296; x_wconf 89' lang='lat' dir='ltr'>qua</span> <span class='ocrx_word' id='word_1_296' title='bbox 339 2250 522 2285; x_wconf 91' lang='lat' dir='ltr'>volucres</span> <span class='ocrx_word' id='word_1_297' title='bbox 545 2249 656 2284; x_wconf 89' lang='lat' dir='ltr'>ideae</span> <span class='ocrx_word' id='word_1_298' title='bbox 683 2248 877 2283; x_wconf 89' lang='lat' dir='ltr'>mentium</span> <span class='ocrx_word' id='word_1_299' title='bbox 902 2248 1058 2283; x_wconf 92' lang='lat' dir='ltr'>illorum</span> <span class='ocrx_word' id='word_1_300' title='bbox 1080 2249 1229 2289; x_wconf 84' lang='lat' dir='ltr'>volant,</span> <span class='ocrx_word' id='word_1_301' title='bbox 1252 2260 1347 2283; x_wconf 92' lang='lat' dir='ltr'>num</span> <span class='ocrx_word' id='word_1_302' title='bbox 1378 2250 1505 2284; x_wconf 90' lang='lat' dir='ltr'>sciant</span> <span class='ocrx_word' id='word_1_303' title='bbox 1535 2255 1604 2284; x_wconf 90' lang='lat' dir='ltr'>aut</span> <span class='ocrx_word' id='word_1_304' title='bbox 1633 2261 1726 2284; x_wconf 90' lang='lat' dir='ltr'>num</span> 
     </span>
     <span class='ocr_line' id='line_1_37' title="bbox 234 2301 1729 2349; baseline 0 -11"><span class='ocrx_word' id='word_1_305' title='bbox 234 2303 388 2349; x_wconf 84' lang='lat' dir='ltr'>possint</span> <span class='ocrx_word' id='word_1_306' title='bbox 406 2302 516 2341; x_wconf 84' lang='lat' dir='ltr'>scire,</span> <span class='ocrx_word' id='word_1_307' title='bbox 533 2302 640 2348; x_wconf 92' lang='lat' dir='ltr'>quod</span> <span class='ocrx_word' id='word_1_308' title='bbox 660 2302 779 2337; x_wconf 91' lang='lat' dir='ltr'>detur</span> <span class='ocrx_word' id='word_1_309' title='bbox 795 2312 906 2336; x_wconf 89' lang='lat' dir='ltr'>amor</span> <span class='ocrx_word' id='word_1_310' title='bbox 923 2301 1158 2347; x_wconf 83' lang='lat' dir='ltr'>conjugialis</span> <span class='ocrx_word' id='word_1_311' title='bbox 1174 2302 1289 2337; x_wconf 88' lang='lat' dir='ltr'>unius</span> <span class='ocrx_word' id='word_1_312' title='bbox 1304 2302 1377 2336; x_wconf 91' lang='lat' dir='ltr'>viri</span> <span class='ocrx_word' id='word_1_313' title='bbox 1395 2313 1485 2337; x_wconf 92' lang='lat' dir='ltr'>curn</span> <span class='ocrx_word' id='word_1_314' title='bbox 1504 2313 1583 2337; x_wconf 90' lang='lat' dir='ltr'>una</span> <span class='ocrx_word' id='word_1_315' title='bbox 1596 2313 1729 2342; x_wconf 87' lang='lat' dir='ltr'>uxore,</span> 
     </span>
     <span class='ocr_line' id='line_1_38' title="bbox 235 2354 1728 2402; baseline 0 -11"><span class='ocrx_word' id='word_1_316' title='bbox 235 2356 275 2391; x_wconf 92' lang='lat' dir='ltr'>in</span> <span class='ocrx_word' id='word_1_317' title='bbox 294 2367 412 2402; x_wconf 91' lang='lat' dir='ltr'>quem</span> <span class='ocrx_word' id='word_1_318' title='bbox 431 2356 601 2390; x_wconf 91' lang='lat' dir='ltr'>collatae</span> <span class='ocrx_word' id='word_1_319' title='bbox 618 2361 713 2390; x_wconf 89' lang='lat' dir='ltr'>sunt</span> <span class='ocrx_word' id='word_1_320' title='bbox 730 2365 870 2390; x_wconf 90' lang='lat' dir='ltr'>omnes</span> <span class='ocrx_word' id='word_1_321' title='bbox 888 2354 1167 2394; x_wconf 88' lang='lat' dir='ltr'>beatitudines,</span> <span class='ocrx_word' id='word_1_322' title='bbox 1188 2354 1426 2395; x_wconf 80' lang='lat' dir='ltr'>faustitates,</span> <span class='ocrx_word' id='word_1_323' title='bbox 1444 2355 1728 2400; x_wconf 88' lang='lat' dir='ltr'>jucunditates,</span> 
     </span>
     <span class='ocr_line' id='line_1_39' title="bbox 233 2407 1729 2452; baseline -0.001 -8"><span class='ocrx_word' id='word_1_324' title='bbox 233 2409 497 2444; x_wconf 87' lang='lat' dir='ltr'>amoenitates</span> <span class='ocrx_word' id='word_1_325' title='bbox 523 2415 564 2443; x_wconf 92' lang='lat' dir='ltr'>et</span> <span class='ocrx_word' id='word_1_326' title='bbox 589 2408 816 2452; x_wconf 89' lang='lat' dir='ltr'>voluptates</span> <span class='ocrx_word' id='word_1_327' title='bbox 842 2407 961 2447; x_wconf 75' lang='lat' dir='ltr'>caeli3</span> <span class='ocrx_word' id='word_1_328' title='bbox 995 2413 1036 2441; x_wconf 92' lang='lat' dir='ltr'>et</span> <span class='ocrx_word' id='word_1_329' title='bbox 1066 2407 1173 2452; x_wconf 91' lang='lat' dir='ltr'>quod</span> <span class='ocrx_word' id='word_1_330' title='bbox 1194 2407 1258 2441; x_wconf 90' lang='lat' dir='ltr'>hic</span> <span class='ocrx_word' id='word_1_331' title='bbox 1280 2418 1393 2442; x_wconf 90' lang='lat' dir='ltr'>amor</span> <span class='ocrx_word' id='word_1_332' title='bbox 1418 2407 1470 2442; x_wconf 92' lang='lat' dir='ltr'>sit</span> <span class='ocrx_word' id='word_1_333' title='bbox 1499 2418 1522 2442; x_wconf 87' lang='lat' dir='ltr'>a</span> <span class='ocrx_word' id='word_1_334' title='bbox 1553 2407 1729 2442; x_wconf 91' lang='lat' dir='ltr'>Domino</span> 
     </span>
     <span class='ocr_line' id='line_1_40' title="bbox 233 2459 1727 2507; baseline -0.001 -10"><span class='ocrx_word' id='word_1_335' title='bbox 233 2462 451 2498; x_wconf 88' lang='lat' dir='ltr'>secundum</span> <span class='ocrx_word' id='word_1_336' title='bbox 476 2461 744 2507; x_wconf 90' lang='lat' dir='ltr'>receptionem</span> <span class='ocrx_word' id='word_1_337' title='bbox 766 2460 860 2496; x_wconf 90' lang='lat' dir='ltr'>boni</span> <span class='ocrx_word' id='word_1_338' title='bbox 882 2467 922 2496; x_wconf 92' lang='lat' dir='ltr'>et</span> <span class='ocrx_word' id='word_1_339' title='bbox 947 2459 1030 2495; x_wconf 90' lang='lat' dir='ltr'>veri</span> <span class='ocrx_word' id='word_1_340' title='bbox 1056 2461 1105 2495; x_wconf 91' lang='lat' dir='ltr'>ab</span> <span class='ocrx_word' id='word_1_341' title='bbox 1133 2459 1237 2506; x_wconf 90' lang='lat' dir='ltr'>Ipso,</span> <span class='ocrx_word' id='word_1_342' title='bbox 1260 2460 1315 2495; x_wconf 87' lang='lat' dir='ltr'>ita</span> <span class='ocrx_word' id='word_1_343' title='bbox 1336 2461 1555 2495; x_wconf 88' lang='lat' dir='ltr'>seeundum</span> <span class='ocrx_word' id='word_1_344' title='bbox 1577 2467 1727 2496; x_wconf 89' lang='lat' dir='ltr'>statum</span> 
     </span>
     <span class='ocr_line' id='line_1_41' title="bbox 234 2515 436 2551; baseline -0.005 0"><span class='ocrx_word' id='word_1_345' title='bbox 234 2515 436 2551; x_wconf 88' lang='lat' dir='ltr'>ecclesiae.</span> 
     </span>
    </p>

    <p class='ocr_par' dir='ltr' id='par_1_12' title="bbox 232 2565 1729 3038">
     <span class='ocr_line' id='line_1_42' title="bbox 308 2565 1728 2606; baseline -0.001 -4"><span class='ocrx_word' id='word_1_346' title='bbox 308 2568 382 2603; x_wconf 90' lang='lat' dir='ltr'>His</span> <span class='ocrx_word' id='word_1_347' title='bbox 400 2567 546 2602; x_wconf 88' lang='lat' dir='ltr'>auditis</span> <span class='ocrx_word' id='word_1_348' title='bbox 560 2573 789 2603; x_wconf 85' lang='lat' dir='ltr'>averterunt</span> <span class='ocrx_word' id='word_1_349' title='bbox 806 2578 859 2606; x_wconf 92' lang='lat' dir='ltr'>se,</span> <span class='ocrx_word' id='word_1_350' title='bbox 873 2572 913 2602; x_wconf 92' lang='lat' dir='ltr'>et</span> <span class='ocrx_word' id='word_1_351' title='bbox 931 2566 1127 2605; x_wconf 86' lang='lat' dir='ltr'>dixerunt,</span> <span class='ocrx_word' id='word_1_352' title='bbox 1143 2569 1163 2584; x_wconf 85' lang='grc'>“</span> <span class='ocrx_word' id='word_1_353' title='bbox 1178 2565 1386 2600; x_wconf 90' lang='lat' dir='ltr'>Insaniunt</span> <span class='ocrx_word' id='word_1_354' title='bbox 1399 2565 1440 2600; x_wconf 91' lang='lat' dir='ltr'>hi</span> <span class='ocrx_word' id='word_1_355' title='bbox 1458 2565 1551 2606; x_wconf 89' lang='lat' dir='ltr'>viri;</span> <span class='ocrx_word' id='word_1_356' title='bbox 1578 2565 1728 2601; x_wconf 89' lang='lat' dir='ltr'>intrant</span> 
     </span>
     <span class='ocr_line' id='line_1_43' title="bbox 232 2619 1729 2666; baseline -0.001 -10"><span class='ocrx_word' id='word_1_357' title='bbox 232 2622 433 2657; x_wconf 89' lang='lat' dir='ltr'>aetherem</span> <span class='ocrx_word' id='word_1_358' title='bbox 447 2632 536 2655; x_wconf 93' lang='lat' dir='ltr'>cum</span> <span class='ocrx_word' id='word_1_359' title='bbox 550 2632 622 2655; x_wconf 92' lang='lat' dir='ltr'>suo</span> <span class='ocrx_word' id='word_1_360' title='bbox 635 2621 798 2666; x_wconf 87' lang='lat' dir='ltr'>judicio,</span> <span class='ocrx_word' id='word_1_361' title='bbox 809 2627 849 2655; x_wconf 93' lang='lat' dir='ltr'>et</span> <span class='ocrx_word' id='word_1_362' title='bbox 863 2619 1095 2666; x_wconf 90' lang='lat' dir='ltr'>augurando</span> <span class='ocrx_word' id='word_1_363' title='bbox 1108 2630 1209 2654; x_wconf 90' lang='lat' dir='ltr'>vana</span> <span class='ocrx_word' id='word_1_364' title='bbox 1221 2625 1412 2665; x_wconf 87' lang='lat' dir='ltr'>spargunt</span> <span class='ocrx_word' id='word_1_365' title='bbox 1422 2619 1579 2655; x_wconf 90' lang='lat' dir='ltr'>nuces.”</span> <span class='ocrx_word' id='word_1_366' title='bbox 1631 2619 1729 2655; x_wconf 85' lang='lat' dir='ltr'>Post</span> 
     </span>
     <span class='ocr_line' id='line_1_44' title="bbox 234 2671 1728 2717; baseline -0.001 -8"><span class='ocrx_word' id='word_1_367' title='bbox 234 2674 333 2709; x_wconf 91' lang='lat' dir='ltr'>haec</span> <span class='ocrx_word' id='word_1_368' title='bbox 354 2680 638 2709; x_wconf 86' lang='lat' dir='ltr'>converterunt</span> <span class='ocrx_word' id='word_1_369' title='bbox 655 2685 697 2708; x_wconf 91' lang='lat' dir='ltr'>se</span> <span class='ocrx_word' id='word_1_370' title='bbox 722 2674 772 2708; x_wconf 89' lang='lat' dir='ltr'>ad</span> <span class='ocrx_word' id='word_1_371' title='bbox 800 2684 884 2712; x_wconf 90' lang='lat' dir='ltr'>nos,</span> <span class='ocrx_word' id='word_1_372' title='bbox 901 2680 942 2708; x_wconf 91' lang='lat' dir='ltr'>et</span> <span class='ocrx_word' id='word_1_373' title='bbox 963 2673 1159 2711; x_wconf 88' lang='lat' dir='ltr'>dixerunt,</span> <span class='ocrx_word' id='word_1_374' title='bbox 1180 2672 1560 2717; x_wconf 87' lang='lat' dir='ltr'>“Respondebimus</span> <span class='ocrx_word' id='word_1_375' title='bbox 1578 2671 1728 2708; x_wconf 65' lang='lat' dir='ltr'>directe</span> 
     </span>
     <span class='ocr_line' id='line_1_45' title="bbox 233 2724 1729 2771; baseline -0.001 -10"><span class='ocrx_word' id='word_1_376' title='bbox 233 2727 283 2762; x_wconf 92' lang='lat' dir='ltr'>ad</span> <span class='ocrx_word' id='word_1_377' title='bbox 297 2733 465 2762; x_wconf 90' lang='lat' dir='ltr'>ventosa</span> <span class='ocrx_word' id='word_1_378' title='bbox 478 2733 611 2761; x_wconf 87' lang='lat' dir='ltr'>vestra</span> <span class='ocrx_word' id='word_1_379' title='bbox 624 2726 788 2771; x_wconf 87' lang='lat' dir='ltr'>auguria</span> <span class='ocrx_word' id='word_1_380' title='bbox 801 2733 841 2761; x_wconf 90' lang='lat' dir='ltr'>et</span> <span class='ocrx_word' id='word_1_381' title='bbox 854 2725 1044 2761; x_wconf 85' lang='lat' dir='ltr'>somnia.”</span> <span class='ocrx_word' id='word_1_382' title='bbox 1088 2725 1135 2760; x_wconf 88' lang='lat' dir='ltr'>Et</span> <span class='ocrx_word' id='word_1_383' title='bbox 1150 2724 1345 2764; x_wconf 83' lang='lat' dir='ltr'>dixerunt,</span> <span class='ocrx_word' id='word_1_384' title='bbox 1365 2730 1385 2743; x_wconf 80' lang='lat'>‘⁴</span> <span class='ocrx_word' id='word_1_385' title='bbox 1396 2724 1501 2771; x_wconf 77' lang='lat' dir='ltr'>Quid</span> <span class='ocrx_word' id='word_1_386' title='bbox 1516 2735 1729 2760; x_wconf 91' lang='lat' dir='ltr'>commune</span> 
     </span>
     <span class='ocr_line' id='line_1_46' title="bbox 235 2777 1727 2825; baseline -0.001 -10"><span class='ocrx_word' id='word_1_387' title='bbox 235 2781 355 2815; x_wconf 91' lang='lat' dir='ltr'>habet</span> <span class='ocrx_word' id='word_1_388' title='bbox 376 2790 489 2815; x_wconf 88' lang='lat' dir='ltr'>amor</span> <span class='ocrx_word' id='word_1_389' title='bbox 507 2779 744 2825; x_wconf 86' lang='lat' dir='ltr'>conjugialis</span> <span class='ocrx_word' id='word_1_390' title='bbox 765 2791 855 2814; x_wconf 92' lang='lat' dir='ltr'>cum</span> <span class='ocrx_word' id='word_1_391' title='bbox 878 2779 1078 2825; x_wconf 88' lang='lat' dir='ltr'>religione,</span> <span class='ocrx_word' id='word_1_392' title='bbox 1098 2785 1139 2814; x_wconf 91' lang='lat' dir='ltr'>et</span> <span class='ocrx_word' id='word_1_393' title='bbox 1163 2789 1253 2813; x_wconf 91' lang='lat' dir='ltr'>cum</span> <span class='ocrx_word' id='word_1_394' title='bbox 1278 2778 1536 2823; x_wconf 89' lang='lat' dir='ltr'>inspiratione</span> <span class='ocrx_word' id='word_1_395' title='bbox 1562 2789 1586 2813; x_wconf 90' lang='lat' dir='ltr'>a</span> <span class='ocrx_word' id='word_1_396' title='bbox 1613 2777 1727 2814; x_wconf 89' lang='lat' dir='ltr'>Deo?</span> 
     </span>
     <span class='ocr_line' id='line_1_47' title="bbox 235 2831 1728 2877; baseline -0.001 -9"><span class='ocrx_word' id='word_1_397' title='bbox 235 2834 385 2868; x_wconf 89' lang='lat' dir='ltr'>Annon</span> <span class='ocrx_word' id='word_1_398' title='bbox 412 2843 524 2867; x_wconf 89' lang='lat' dir='ltr'>amor</span> <span class='ocrx_word' id='word_1_399' title='bbox 551 2832 615 2867; x_wconf 90' lang='lat' dir='ltr'>ille</span> <span class='ocrx_word' id='word_1_400' title='bbox 648 2833 753 2877; x_wconf 91' lang='lat' dir='ltr'>apud</span> <span class='ocrx_word' id='word_1_401' title='bbox 784 2831 1090 2877; x_wconf 90' lang='lat' dir='ltr'>unumquemvis</span> <span class='ocrx_word' id='word_1_402' title='bbox 1119 2837 1181 2866; x_wconf 90' lang='lat' dir='ltr'>est</span> <span class='ocrx_word' id='word_1_403' title='bbox 1213 2831 1433 2866; x_wconf 90' lang='lat' dir='ltr'>secundum</span> <span class='ocrx_word' id='word_1_404' title='bbox 1460 2837 1609 2875; x_wconf 89' lang='lat' dir='ltr'>statum</span> <span class='ocrx_word' id='word_1_405' title='bbox 1639 2831 1728 2877; x_wconf 85' lang='lat' dir='ltr'>ejus</span> 
     </span>
     <span class='ocr_line' id='line_1_48' title="bbox 235 2883 1724 2931; baseline -0.001 -11"><span class='ocrx_word' id='word_1_406' title='bbox 235 2885 464 2931; x_wconf 89' lang='lat' dir='ltr'>potentiae?</span> <span class='ocrx_word' id='word_1_407' title='bbox 518 2884 642 2920; x_wconf 86' lang='lat' dir='ltr'>Estne</span> <span class='ocrx_word' id='word_1_408' title='bbox 663 2896 788 2930; x_wconf 90' lang='lat' dir='ltr'>aeque</span> <span class='ocrx_word' id='word_1_409' title='bbox 806 2885 911 2930; x_wconf 91' lang='lat' dir='ltr'>apud</span> <span class='ocrx_word' id='word_1_410' title='bbox 936 2885 1024 2920; x_wconf 91' lang='lat' dir='ltr'>illos</span> <span class='ocrx_word' id='word_1_411' title='bbox 1050 2884 1117 2929; x_wconf 88' lang='lat' dir='ltr'>qui</span> <span class='ocrx_word' id='word_1_412' title='bbox 1144 2890 1255 2919; x_wconf 88' lang='lat' dir='ltr'>extra</span> <span class='ocrx_word' id='word_1_413' title='bbox 1275 2883 1482 2918; x_wconf 89' lang='lat' dir='ltr'>ecclesiam</span> <span class='ocrx_word' id='word_1_414' title='bbox 1504 2890 1598 2918; x_wconf 89' lang='lat' dir='ltr'>sunt</span> <span class='ocrx_word' id='word_1_415' title='bbox 1619 2884 1724 2919; x_wconf 90' lang='lat' dir='ltr'>sicut</span> 
     </span>
     <span class='ocr_line' id='line_1_49' title="bbox 233 2936 1726 2984; baseline -0.001 -11"><span class='ocrx_word' id='word_1_416' title='bbox 233 2940 338 2984; x_wconf 89' lang='lat' dir='ltr'>apud</span> <span class='ocrx_word' id='word_1_417' title='bbox 367 2939 454 2974; x_wconf 90' lang='lat' dir='ltr'>illos</span> <span class='ocrx_word' id='word_1_418' title='bbox 480 2938 547 2984; x_wconf 88' lang='lat' dir='ltr'>qui</span> <span class='ocrx_word' id='word_1_419' title='bbox 581 2939 703 2977; x_wconf 81' lang='lat' dir='ltr'>intra:</span> <span class='ocrx_word' id='word_1_420' title='bbox 736 2949 860 2983; x_wconf 90' lang='lat' dir='ltr'>aeque</span> <span class='ocrx_word' id='word_1_421' title='bbox 890 2938 994 2983; x_wconf 86' lang='lat' dir='ltr'>apud</span> <span class='ocrx_word' id='word_1_422' title='bbox 1025 2944 1164 2983; x_wconf 90' lang='lat' dir='ltr'>gentes</span> <span class='ocrx_word' id='word_1_423' title='bbox 1190 2937 1293 2971; x_wconf 91' lang='lat' dir='ltr'>sicut</span> <span class='ocrx_word' id='word_1_424' title='bbox 1318 2937 1422 2982; x_wconf 91' lang='lat' dir='ltr'>apud</span> <span class='ocrx_word' id='word_1_425' title='bbox 1450 2936 1726 2972; x_wconf 88' lang='lat' dir='ltr'>Christianos?</span> 
     </span>
     <span class='ocr_line' id='line_1_50' title="bbox 233 2989 1723 3038; baseline -0.001 -11"><span class='ocrx_word' id='word_1_426' title='bbox 233 2993 367 3034; x_wconf 90' lang='lat' dir='ltr'>immo,</span> <span class='ocrx_word' id='word_1_427' title='bbox 383 3003 508 3038; x_wconf 88' lang='lat' dir='ltr'>aeque</span> <span class='ocrx_word' id='word_1_428' title='bbox 523 2992 629 3038; x_wconf 90' lang='lat' dir='ltr'>apud</span> <span class='ocrx_word' id='word_1_429' title='bbox 649 2991 792 3037; x_wconf 90' lang='lat' dir='ltr'>impios</span> <span class='ocrx_word' id='word_1_430' title='bbox 807 2991 909 3027; x_wconf 90' lang='lat' dir='ltr'>sicut</span> <span class='ocrx_word' id='word_1_431' title='bbox 923 2991 1027 3037; x_wconf 91' lang='lat' dir='ltr'>apud</span> <span class='ocrx_word' id='word_1_432' title='bbox 1043 2990 1156 3037; x_wconf 87' lang='lat' dir='ltr'>pios?</span> <span class='ocrx_word' id='word_1_433' title='bbox 1180 2990 1302 3026; x_wconf 89' lang='lat' dir='ltr'>Estne</span> <span class='ocrx_word' id='word_1_434' title='bbox 1315 2990 1440 3026; x_wconf 91' lang='lat' dir='ltr'>cuivis</span> <span class='ocrx_word' id='word_1_435' title='bbox 1457 2990 1560 3025; x_wconf 92' lang='lat' dir='ltr'>illius</span> <span class='ocrx_word' id='word_1_436' title='bbox 1574 2989 1723 3027; x_wconf 83' lang='lat' dir='ltr'>amoris</span> 
     </span>
    </p>
   </div>
  </div>
 </body>
</html>
