2014 3386
319 338 396 388 142
670 368 674 373 .
774 343 1018 376 DELICIAE
1049 342 1351 376 SAPIENTIAE

314 458 530 513 sequitur,
555 457 675 512 quod
699 458 921 512 cogitatio
938 458 1093 500 uxoris
1112 458 1331 500 continua
1353 458 1411 499 sit
1432 457 1488 499 de
1511 456 1810 500 inclinatione

313 522 464 563 mariti
486 521 544 562 ad
567 535 630 570 se,
650 522 802 563 animo
825 521 1133 575 conjungendi
1150 522 1234 563 sibi
1255 521 1409 563 illum:
1443 522 1810 562 discontinuatut

313 586 495 640 quidem
535 585 691 626 uxoris
729 585 955 638 cogitatio
995 586 1052 626 de
1092 586 1255 626 marito
1294 599 1375 638 per
1404 585 1662 626 domestica
1692 598 1810 638 quae

313 662 447 690 curae
469 646 563 701 ejus
586 654 706 697 sunt,
731 649 811 688 sed
837 661 977 701 usque
1003 653 1159 689 manet
1179 649 1224 688 in
1246 646 1483 689 affectione
1509 647 1675 688 amoris
1697 647 1807 700 ejus,

313 718 359 754 et
380 712 493 753 haec
517 725 566 752 se
588 725 614 752 a
636 711 995 764 cogitationibus
1013 712 1132 765 apud
1155 711 1344 753 feminas
1367 725 1457 753 non
1475 718 1671 764 separat,
1691 713 1809 754 sicut

313 776 433 828 apud
473 776 619 815 viros:
667 775 747 815 sed
788 774 902 815 haec
940 780 989 815 ut
1027 774 1175 816 relata
1214 775 1388 826 refer03
1435 775 1680 816 videantur
1717 775 1809 816 duo

313 838 631 879 Memorabilia
657 851 682 878 a
704 843 880 891 septem
907 839 1123 878 uxoribus
1146 839 1190 879 in
1213 845 1368 880 roseto
1390 838 1670 888 sedentibus,
1693 851 1810 892 quae

313 909 419 957 post
445 902 596 955 aliqua
621 901 774 955 capita
800 908 1063 955 sequuntur.

398 973 527 1018 170.
567 963 685 1018 (xii.)
722 963 851 1015 Quod
881 978 994 1005 uxor
1023 967 1263 1021 conjungat
1296 978 1343 1006 se
1371 964 1470 1006 viro
1493 971 1579 1018 per
1607 964 1809 1018 applica·

314 1029 454 1070 tiones
479 1028 545 1069 ad
564 1028 655 1082 ejus
681 1027 925 1069 voluntatis
946 1028 1374 1070 desz'derz’a.——Haec
1401 1029 1520 1070 inter
1545 1035 1657 1069 nota
1681 1027 1810 1069 sami-

313 1094 440 1134 liaria
466 1098 587 1140 sunt,
616 1105 753 1145 quare
779 1091 1029 1145 explicatio
1054 1092 1213 1132 horum
1241 1092 1574 1146 supersedetur.

397 1163 514 1209 171.
549 1154 684 1210 (xiii.)
721 1154 849 1205 Quod
869 1169 985 1195 uxor
1007 1156 1297 1209 conjungatur
1320 1155 1420 1196 viro
1444 1169 1523 1196 suo
1542 1161 1627 1207 per
1646 1153 1808 1207 sphae-

312 1234 413 1262 ram
446 1219 566 1260 vitae
600 1232 707 1259 suae
740 1224 964 1259 exeuntem
997 1232 1054 1259 ex
1089 1233 1238 1260 amore
1274 1219 1516 1273 ejus—Ex
1557 1218 1809 1272 unoquovis

311 1283 497 1324 homine
524 1282 638 1331 exit,
666 1282 806 1322 immo
838 1282 1062 1330 exundat,
1086 1282 1279 1336 sphaera
1306 1281 1552 1336 spiritualis
1580 1295 1641 1322 ex
1672 1279 1808 1322 affec-

312 1347 511 1389 tionibus
537 1345 703 1387 amoris
735 1345 843 1398 ejus
872 1351 919 1387 et
946 1346 1198 1387 circumdat
1230 1346 1372 1394 illum,
1399 1352 1447 1387 et
1477 1346 1590 1387 haec
1617 1344 1812 1385 scindit

313 1411 532 1465 sphaerae
565 1409 774 1457 naturali,
802 1423 917 1462 quae
949 1415 1020 1450 est
1050 1423 1074 1450 e
1106 1423 1309 1463 corpore,
1338 1415 1384 1450 et
1417 1423 1464 1450 se
1495 1409 1808 1462 conjungunt3

312 1475 433 1529 quod
475 1473 669 1527 sphaera
701 1473 921 1514 naturalis
961 1487 985 1514 e
1026 1486 1217 1526 corpore
1258 1474 1474 1514 continue
1512 1472 1682 1520 effluat,
1716 1484 1809 1513 non

312 1538 450 1579 modo
472 1551 532 1578 ex
555 1537 755 1586 homine,
775 1537 855 1578 sed
878 1537 1019 1577 etiam
1042 1550 1101 1577 ex
1124 1537 1299 1585 bestiis,
1320 1537 1459 1577 immo
1476 1550 1535 1577 ex
1558 1535 1807 1585 arboribus,

309 1600 540 1649 fructibus,
569 1600 766 1649 floribus,
796 1606 843 1641 et
866 1613 1045 1654 quoque
1077 1613 1136 1640 ex
1169 1599 1382 1648 metallis,
1411 1600 1455 1640 in
1481 1598 1621 1652 vulgo
1647 1604 1808 1640 notum

311 1671 410 1705 est:
445 1665 488 1705 in
522 1665 692 1705 mundo
724 1663 947 1718 spirituali
979 1663 1212 1713 similiter;
1246 1663 1325 1704 sed
1358 1663 1578 1716 sphaerae
1610 1675 1671 1703 ex
1701 1662 1808 1703 sub—

306 1726 436 1780 jectis
482 1727 720 1768 effluentes
765 1727 825 1767 ibi
870 1733 976 1767 sunt
1018 1726 1302 1779 spirituales;
1350 1733 1396 1767 et
1442 1725 1547 1766 illae
1586 1739 1702 1778 quae
1746 1738 1808 1766 ex

311 1791 542 1844 spiritibus
565 1796 610 1831 et
631 1789 807 1842 angelis
826 1796 1059 1838 emanant,
1080 1796 1184 1830 sunt
1207 1789 1388 1841 penitus
1412 1787 1684 1841 spirituales,
1703 1787 1808 1841 quia

310 1854 398 1894 illis
425 1860 530 1894 sunt
558 1852 819 1894 affectiones
846 1853 1026 1901 amoris,
1055 1858 1102 1893 et
1128 1852 1234 1893 inde
1261 1853 1579 1906 perceptiones
1605 1858 1652 1892 et
1679 1852 1807 1905 cogi-

311 1917 514 1957 tationes
547 1916 812 1969 interiores:
855 1928 991 1956 omne
1023 1914 1360 1967 sympathicum
1393 1921 1440 1955 et
1472 1914 1806 1967 antipathicum

310 1979 415 2020 inde
446 1979 587 2020 trahit
620 1991 748 2019 suum
785 1984 951 2027 ortum,
986 1984 1032 2019 et
1065 1991 1243 2031 quoque
1280 1978 1426 2018 omnis
1466 1976 1726 2030 conjunfflo
1757 1983 1806 2020 et

310 2040 563 2094 disjunctio,
597 2048 644 2083 et
685 2042 934 2082 secundum
974 2041 1076 2081 illas
1116 2042 1375 2094 praesentia
1405 2046 1452 2082 et
1489 2041 1805 2100 absentia-ibi,

309 2105 647 2159 homogeneum
689 2106 809 2146 enim
851 2118 929 2145 seu
970 2118 1162 2145 concors
1202 2104 1310 2145 facit
1352 2103 1718 2155 conjunffionem
1757 2110 1806 2146 et

309 2170 629 2222 praesentiam,
654 2181 706 2209 ac
733 2168 1091 2221 heterogeneum
1118 2174 1164 2208 et
1188 2168 1362 2208 discors
1385 2167 1730 2220 disjunffionem
1757 2173 1805 2209 et

308 2232 592 2282 absentiam3
634 2245 771 2285 quare
811 2231 917 2272 illae
957 2231 1179 2284 sphaerae
1220 2231 1392 2272 faciunt
1438 2232 1686 2272 distantias
1731 2231 1804 2273 ibi.

310 2294 429 2347 Quid
456 2295 675 2347 sphaerae
700 2295 804 2335 illae
832 2295 1088 2348 spirituales
1120 2302 1365 2348 operantur
1390 2295 1432 2335 in
1461 2295 1631 2336 mundo
1663 2301 1801 2336 natu-

308 2358 405 2406 rali,
426 2358 692 2411 quibusdam
715 2358 854 2398 etiam
879 2364 1037 2398 notum
1060 2364 1143 2399 est.
1207 2358 1537 2398 Inclinationes
1560 2356 1803 2410 conjugum

308 2421 426 2462 inter
452 2435 501 2462 se
528 2434 610 2461 nec
638 2435 698 2462 ex
725 2421 814 2461 alia
841 2422 1014 2474 origine
1042 2427 1176 2472 sunt3
1210 2421 1294 2462 hos
1321 2420 1540 2474 sphaerae
1567 2421 1804 2462 unanimes

308 2490 356 2524 et
383 2484 636 2524 concordes
669 2485 842 2532 uniunt,
873 2497 924 2525 ac
958 2485 1177 2525 adversae
1210 2490 1255 2525 et
1283 2484 1516 2525 discordes
1543 2483 1802 2534 disuniunt;

308 2554 412 2588 sunt
440 2548 558 2588 enim
586 2547 806 2600 sphaerae
833 2549 1083 2589 concordes
1106 2547 1332 2601 jucundae
1359 2554 1405 2589 et
1427 2554 1602 2600 gratae,
1630 2559 1682 2588 ac
1709 2547 1802 2587 dis-

308 2612 468 2652 cordes
496 2610 764 2663 injucundae
791 2618 838 2652 et
865 2612 1087 2664 ingratae.
1148 2611 1318 2652 Audivi
1349 2611 1407 2652 ab
1432 2610 1622 2664 angelis,
1650 2610 1724 2663 qui
1755 2610 1801 2650 in

307 2676 601 2729 perceptione
624 2674 801 2715 illarum
820 2675 943 2716 clara
965 2682 1084 2723 sunt,
1105 2675 1224 2728 quod
1249 2688 1339 2714 non
1363 2675 1420 2715 sit
1440 2674 1531 2714 ulla
1553 2686 1656 2727 pars
1678 2673 1801 2714 intus

258 2767 264 2775 .
306 2740 349 2779 in
377 2739 574 2786 homine,
603 2752 685 2779 nec
713 2738 805 2779 ulla
831 2746 981 2788 extus,
1010 2752 1125 2792 quae
1157 2752 1205 2779 se
1237 2751 1328 2778 non
1360 2744 1568 2786 renovat,
1596 2737 1717 2791 quod
1749 2736 1800 2778 fit

306 2815 385 2855 per
417 2801 669 2842 solutiones
701 2808 747 2843 et
778 2803 1106 2855 reparationes,
1135 2807 1181 2842 et
1213 2801 1333 2854 quod
1366 2801 1470 2842 inde
1501 2801 1559 2841 sit
1591 2800 1798 2854 sphaera,

306 2878 421 2917 quae
443 2864 537 2918 jugi
561 2865 793 2906 exundat:
827 2872 874 2906 et
898 2865 1128 2912 dixerunt,
1154 2865 1273 2917 quod
1297 2863 1488 2917 sphaera
1509 2863 1587 2904 illa
1609 2864 1799 2904 circum-

306 2928 445 2981 stipet
474 2927 703 2968 hominem
730 2942 755 2968 a
777 2934 916 2981 tergo*
936 2934 983 2969 et
1010 2941 1036 2968 a
1058 2925 1255 2981 pectore,
1280 2927 1359 2967 sed
1382 2927 1579 2967 tenuiter
1599 2939 1626 2966 a
1646 2931 1797 2978 tergo,

305 2990 446 3031 dense
469 2997 622 3032 autem
649 3004 675 3032 a
696 2989 907 3044 pe&ore;
941 2997 987 3032 et
1010 2990 1131 3045 quod
1157 2990 1285 3040 haec,
1309 3003 1423 3044 quae
1449 3002 1475 3030 a
1500 2987 1683 3043 pectore
1708 2993 1796 3038 est,
