2014 3386
336 318 422 362 344
775 315 1106 350 VOLUPTATES
1136 316 1384 349 INSANIAE

334 430 618 486 conjugialis,
637 431 755 474 sicut
777 431 822 474 in
845 432 1041 474 naturali
1058 437 1216 486 potest
1234 431 1467 486 spirituale
1484 445 1494 484 ;
1527 431 1667 475 immo
1684 432 1825 476 etiam

334 510 360 537 e
383 496 579 537 naturali
600 494 841 537 actualiter
861 495 1088 537 evolvitur
1104 495 1337 549 spirituale
1358 510 1369 546 ;
1401 501 1448 537 et
1470 509 1571 536 cum
1594 496 1841 550 spirituale·

336 559 572 600 evolutum
598 565 684 607 est,
713 565 822 600 tunc
850 558 1058 600 naturale
1084 559 1401 612 circumcingit
1425 558 1538 599 illud
1564 560 1682 600 sicut
1715 559 1830 602 liber

334 622 524 675 lignum,
553 635 605 663 ac
637 622 753 664 sicut
785 622 954 675 vagina
985 634 1156 670 ensem,
1190 628 1237 663 et
1268 635 1446 675 quoque
1477 622 1668 664 inservit
1699 623 1828 676 spiri-

334 685 448 727 tuali
474 699 556 739 pro
581 686 807 727 tutamine
833 691 995 726 contra
1015 685 1273 726 violentias.
1335 685 1411 726 Ex
1442 685 1512 726 his
1538 691 1684 738 patet,
1708 686 1829 740 quod

339 748 558 789 naturalis
580 762 720 798 amor,
741 749 815 803 qui
832 755 903 790 est
925 749 981 789 ad
1005 762 1183 798 sexum,
1203 749 1450 803 praecedat
1473 762 1676 790 amorem
1698 750 1827 804 spiri·

301 821 303 823 ’
336 812 525 862 tualem,
552 813 627 866 qui
653 818 724 854 est
750 812 809 853 ad
835 825 970 853 unam
997 826 1021 853 e
1048 825 1189 863 sexu3
1222 813 1258 853 si
1283 819 1438 853 autem
1459 812 1699 854 fornicatio
1723 826 1828 866 pro-

336 875 406 917 dit
445 889 505 916 ex
541 889 696 917 amore
729 875 925 916 naturali
958 888 1110 924 sexuS,
1143 881 1297 929 potest
1330 876 1469 916 etiam
1501 875 1579 916 illa
1609 876 1828 930 abstergi,

337 939 477 979 modo
515 952 644 980 amor
682 938 950 992 conjugialis
991 945 1040 980 ut
1082 938 1331 992 principale
1370 939 1539 980 bonum
1579 937 1827 993 speciatur,

336 1009 524 1056 optatur
546 1009 593 1044 et
619 1004 860 1056 quaeritur.
921 1002 1108 1043 Prorsus
1130 1002 1265 1044 aliter
1285 1009 1357 1044 est
1381 1015 1483 1043 cum
1501 1015 1655 1044 amore
1679 1002 1829 1044 libidi-

337 1078 453 1106 noso
474 1071 522 1106 et
544 1066 746 1107 obsceno
793 1065 1018 1113 adulterii,
1036 1066 1110 1119 qui
1127 1065 1248 1119 quod
1265 1065 1407 1106 amori
1425 1064 1666 1118 conjugiali
1685 1078 1829 1119 oppo-

337 1129 452 1170 situs
498 1130 572 1178 sit,
605 1135 653 1171 et
698 1128 792 1182 ejus
841 1127 1113 1178 destruetor,
1142 1129 1186 1169 in
1232 1129 1384 1182 capite
1424 1129 1729 1170 antecedente
1773 1129 1831 1170 de

336 1193 627 1245 oppositione
644 1193 810 1234 amoris
828 1188 1091 1234 scortatorii
1116 1198 1162 1233 et
1187 1193 1353 1233 amoris
1374 1191 1654 1245 conjugialis,
1673 1198 1831 1234 osten-

338 1268 437 1296 sum
455 1262 554 1307 est;
588 1270 725 1310 quare
751 1257 788 1297 si
814 1255 996 1297 adulter
1021 1270 1082 1297 ex
1109 1257 1346 1309 proposito
1372 1262 1450 1296 aut
1474 1269 1533 1296 ex
1561 1255 1832 1298 confirmato

338 1325 488 1360 torum
515 1319 818 1373 conjugialem
845 1326 1033 1373 propter
1057 1320 1205 1360 varias
1231 1333 1393 1360 causas
1419 1320 1576 1367 intrat,
1600 1318 1650 1360 fit
1681 1319 1831 1360 inver-

337 1394 452 1431 sum,
480 1382 596 1424 latet
622 1383 744 1424 intus
770 1382 979 1424 naturale
1005 1396 1106 1424 cum
1133 1383 1223 1424 suis
1250 1382 1432 1423 lascivis
1457 1388 1504 1423 et
1530 1382 1757 1430 obscenis,
1783 1389 1832 1424 et

338 1450 477 1486 extus
508 1445 694 1487 obvelat
727 1445 838 1486 illud
870 1446 1138 1500 apparentia
1169 1445 1441 1499 spiritualis;
1483 1459 1542 1486 ex
1575 1445 1643 1486 his
1674 1451 1832 1499 potest

337 1509 455 1550 ratio
486 1509 654 1558 videre,
682 1510 803 1563 quod
836 1510 977 1550 libido
1002 1509 1311 1551 fornicationis
1338 1509 1564 1550 limitatae
1595 1509 1654 1550 sit
1685 1509 1728 1549 in
1759 1522 1830 1550 re·

338 1570 497 1625 spectu
532 1572 591 1613 ad
629 1572 862 1614 libidinem
889 1573 1116 1622 adulterii,
1144 1574 1261 1614 sieut
1301 1579 1372 1614 est
1409 1573 1577 1626 primus
1603 1578 1736 1626 tepor
1772 1570 1832 1613 ad

337 1635 477 1688 frigus
504 1636 682 1677 mediae
707 1636 870 1677 hiemis
894 1636 939 1676 in
965 1636 1226 1689 regionibus
1252 1635 1560 1689 hyperboreis.

422 1708 562 1752 450.
596 1697 678 1753 (ν.)
710 1699 839 1749 Quod
852 1713 980 1740 amor
994 1713 1143 1748 sexus,
1159 1699 1264 1753 quzsn
1280 1705 1407 1739 exeat
1422 1698 1468 1739 z‘n
1473 1697 1830 1750 fornicationem,

337 1761 464 1814 apud
483 1762 698 1817 quosdam
723 1762 819 1803 sine
842 1762 1020 1804 damnis
1052 1776 1136 1803 non
1161 1762 1312 1815 possit
1340 1762 1386 1802 in
1417 1768 1554 1802 totum
1579 1760 1833 1802 coerceri.—

340 1825 393 1866 In
416 1839 581 1866 vanum
608 1832 679 1867 est
705 1840 944 1867 recensere
968 1826 1150 1874 damna,
1170 1839 1284 1879 quae
1306 1826 1444 1866 nimia
1466 1825 1682 1866 coercitio
1703 1836 1832 1864 amo-

338 1889 398 1929 ris
438 1902 591 1938 sexus,
629 1889 749 1942 apud
790 1889 908 1938 illos,
942 1890 1016 1942 qui
1057 1903 1116 1930 ex
1157 1888 1574 1942 superabundantia
1619 1886 1832 1928 laborant

339 1957 510 2001 oestro,
538 1952 711 1993 causari
739 1958 785 1993 et
808 1952 984 2005 operari
1010 1957 1193 2005 potest:
1227 1950 1345 2003 apud
1367 1950 1452 1991 hos
1482 1949 1587 1990 inde
1613 1955 1719 1990 sunt
1744 1949 1832 1990 ori-

339 2016 470 2069 gines
511 2015 795 2069 quorundam
841 2015 1102 2056 morborum
1143 2013 1359 2067 corporiS‚
1401 2019 1448 2054 et
1497 2012 1833 2065 aegritudinum

340 2079 524 2128 mentis,
552 2084 600 2119 ut
631 2079 950 2119 conticeantur
983 2077 1103 2118 mala
1135 2077 1387 2130 incognita,
1415 2089 1529 2129 quae
1562 2088 1653 2115 non
1685 2075 1832 2116 nomi-

340 2143 507 2185 nanda.
568 2141 720 2183 Aliter
745 2141 864 2195 apud
890 2141 1008 2187 illos,
1037 2140 1196 2194 quibus
1228 2146 1323 2181 tam
1348 2152 1510 2192 parcus
1541 2151 1669 2179 amor
1694 2150 1834 2178 sexus

341 2213 427 2256 est,
447 2212 496 2247 ut
524 2205 694 2246 nisibus
715 2204 810 2257 ejus
837 2204 1032 2245 libidinis
1051 2203 1227 2256 possint
1253 2202 1463 2243 resistere
1482 2216 1491 2252 ;
1523 2201 1692 2254 pariter
1713 2199 1834 2254 apud

341 2269 460 2318 illos,
480 2268 639 2322 quibus
660 2268 704 2308 in
721 2266 1050 2320 juvenescente
1073 2271 1226 2306 aetate
1244 2265 1419 2318 absque
1433 2263 1683 2317 dispendiis
1693 2262 1833 2304 fortu-

342 2345 501 2375 narum
533 2331 702 2379 mundi,
730 2332 795 2372 ita
826 2330 979 2383 primis
1011 2329 1249 2376 ominibus,
1284 2329 1327 2368 in
1361 2328 1614 2380 legitimum
1645 2339 1832 2367 consor-

340 2398 454 2439 tium
481 2395 584 2444 tori,
611 2395 801 2436 liberum
827 2399 899 2435 est
924 2406 973 2434 se
999 2393 1300 2434 introducere.
1361 2390 1588 2444 Quoniam
1614 2390 1679 2430 ita
1704 2388 1754 2430 fit
1786 2389 1831 2430 in

341 2459 471 2502 caelo
498 2472 600 2501 cum
640 2458 888 2499 infantibus
914 2469 1015 2498 cum
1056 2455 1114 2496 ad
1157 2461 1359 2496 aetatem
1386 2452 1688 2506 conjugialem
1720 2452 1831 2493 ado·

343 2523 568 2571 leverunt‚
602 2522 706 2562 ideo
738 2521 937 2562 nescitur
968 2519 1028 2561 ibi
1059 2518 1164 2572 quid
1196 2517 1459 2567 fornicati03
1509 2516 1589 2556 sed
1626 2516 1670 2556 in
1703 2514 1833 2556 terris

343 2599 435 2627 non
462 2584 619 2626 similis
645 2599 717 2625 res
748 2591 835 2632 est,
864 2584 937 2624 ubi
968 2581 1258 2623 matrimonia
1290 2593 1379 2620 non
1407 2584 1599 2633 possunt
1625 2576 1833 2619 contrahi

344 2650 430 2691 nisi
462 2661 598 2703 quam
640 2654 746 2701 post
787 2645 1000 2688 exactam
1041 2644 1339 2698 juventutem,
1378 2643 1500 2696 quod
1540 2641 1590 2682 fit
1631 2640 1832 2694 pluribus

343 2714 465 2755 intra
495 2712 717 2765 regimina
748 2711 822 2751 ubi
853 2709 1000 2751 officia
1031 2708 1106 2749 diu
1133 2707 1350 2748 merenda
1375 2712 1496 2753 sunt,
1524 2711 1571 2746 et
1597 2703 1830 2757 acquiren-

343 2777 430 2818 dae
461 2775 705 2817 facultates
736 2788 817 2827 pro
849 2771 1153 2814 sustentanda
1183 2770 1322 2811 domo
1353 2775 1401 2810 et
1432 2767 1612 2817 familia,
1645 2773 1695 2808 et
1724 2771 1832 2808 tunc

345 2841 537 2894 primum
564 2839 705 2891 digna
730 2851 846 2878 uxor
872 2835 1129 2877 ambienda.

429 2912 559 2956 451.
592 2900 689 2955 (vi.)
727 2900 856 2951 Quod
875 2900 969 2943 ideo
993 2898 1038 2939 in
1058 2895 1289 2950 populosis
1313 2894 1567 2936 civitatibus
1594 2891 1834 2945 lupanaria

346 2964 764 3008 tolerentur.-H0c
789 2969 837 3004 ut
860 2960 1143 3003 confirmatio
1160 2959 1338 3000 articuli
1359 2956 1676 3011 praecedentis
1690 2954 1833 2996 addu-
