2014 3386
317 328 400 382 298
773 338 1017 372 DELICIAE
1049 339 1354 374 SAPIENTIAE

317 455 484 486 naturae
500 449 638 496 leges?
682 450 942 491 ,Adduximus
961 452 1061 490 haec
1079 461 1315 501 argumenta
1331 466 1380 491 ex
1396 456 1547 503 analysi
1566 456 1743 499 rationis,
1761 458 1813 494 ad

315 502 636 540 confirmandum
662 505 770 550 quod
795 516 1013 552 expansum
1039 507 1186 543 existat
1211 519 1260 543 ex
1285 514 1434 550 centro,
1452 516 1494 545 et
1518 521 1600 545 non
1626 510 1814 552 vicissim.

315 556 478 592 tametsi
499 557 783 603 unusquisque,
802 558 870 604 qui
895 559 1003 605 juste
1023 560 1186 606 cogitat,
1203 561 1356 607 absque
1386 561 1448 598 his
1472 563 1718 609 argumentis
1735 564 1815 600 hoc

314 608 439 645 videt.
481 608 627 645 Dixisti
642 611 750 657 quod
765 622 985 657 expansum
999 613 1238 648 confluxerit
1251 613 1292 649 in
1306 621 1486 650 centrum
1500 626 1523 651 a
1536 626 1591 651 se.
1637 615 1742 651 Num
1757 616 1816 653 sic

314 660 483 698 fortuito
496 662 535 698 in
548 669 631 698 tam
646 663 866 700 mirabilem
880 672 921 700 et
932 666 1175 711 stupendum
1187 667 1380 708 ordinem,
1391 674 1437 703 ut
1451 679 1575 703 unum
1589 669 1642 704 sit
1653 675 1816 715 propter

314 714 497 756 alterum,
516 722 557 751 et
574 717 710 752 omnia
727 724 769 752 et
789 717 947 764 singula
964 725 1129 764 propter
1146 718 1361 761 hominem,
1379 727 1421 756 et
1440 721 1526 767 ejus
1543 722 1668 757 vitam
1685 729 1815 758 aeter,-

314 767 436 804 nam?
487 768 594 803 Num
614 776 757 805 natura
773 777 910 816 potest
926 782 975 807 ex
993 772 1128 818 aliquo
1145 783 1280 808 amore
1297 783 1368 819 per
1384 773 1557 820 aliquam
1576 775 1813 820 sapientiam

315 821 527 866 providere
552 822 659 863 talia,
681 829 722 858 et
748 834 842 858 num
870 830 1005 870 potest
1030 835 1080 860 ex
1105 825 1335 861 hominibus
1355 825 1484 862 facere
1505 827 1680 873 angelos,
1698 834 1740 863 et
1765 838 1815 863 ex

313 874 466 920 angelis
483 874 668 911 caelum?
719 875 831 912 Pone
847 877 947 913 haec
965 884 1006 913 et
1022 877 1167 924 cogita,
1185 884 1227 914 et
1243 879 1362 915 cadet
1378 886 1449 915 tua
1466 879 1556 916 idea
1572 880 1623 916 de
1639 880 1814 916 existen-

313 927 371 963 tia
386 934 553 964 naturae
571 940 594 964 a
611 930 789 966 natura.''

386 980 487 1017 Post
500 981 599 1017 haec
612 982 881 1028 quaesivimus
896 983 1019 1024 illum,
1034 983 1131 1030 quid
1144 984 1403 1031 cogitaverat.
1417 991 1459 1021 et
1475 986 1572 1032 quid
1586 998 1693 1023 nunc
1705 987 1814 1034 cogi·

311 1039 374 1069 tat
391 1034 441 1070 de
458 1035 588 1076 tertia,
602 1035 663 1070 De
679 1040 808 1071 centro
819 1040 858 1071 et
873 1039 1042 1082 expanso
1052 1042 1222 1073 naturae
1233 1042 1270 1073 et
1285 1040 1393 1073 vitae
1400 1052 1418 1080 ,·
1443 1050 1539 1074 num
1552 1041 1689 1075 credat
1701 1041 1812 1087 quod

313 1093 495 1123 centrum
515 1094 556 1123 et
573 1099 792 1134 expansum
805 1089 912 1124 vitae
930 1089 983 1125 sit
1002 1090 1108 1125 idem
1122 1101 1213 1126 cum
1228 1098 1368 1127 centro
1385 1098 1426 1127 et
1443 1103 1622 1138 expanso
1635 1099 1812 1130 naturae.

387 1139 499 1176 Dixit
516 1142 624 1187 quod
644 1142 878 1183 haereat„et
894 1143 1001 1189 quod
1023 1143 1131 1189 prius
1148 1144 1387 1191 cogitaverit
1404 1146 1514 1192 quod
1533 1146 1699 1182 interior
1714 1146 1813 1183 acti-

311 1193 417 1229 vitas
435 1200 601 1230 naturae
619 1195 672 1230 sit
689 1195 793 1237 vita;
820 1202 861 1231 et
881 1196 990 1242 quod
1007 1207 1122 1232 amor
1140 1203 1181 1233 et
1201 1198 1408 1244 sapientia,
1426 1209 1528 1244 quae
1545 1199 1814 1236 essentialiter

311 1245 464 1282 faciunt
482 1247 656 1290 hominis
673 1248 808 1289 vitam,
827 1248 908 1284 sint
927 1249 1041 1290 inde;
1067 1256 1108 1285 et
1129 1251 1237 1296 quod
1260 1251 1362 1297 ignis
1380 1252 1476 1287 solis
1493 1262 1563 1298 per
1579 1253 1751 1288 calorem
1770 1260 1814 1289 et

312 1299 453 1341 lucem,
473 1301 615 1336 mediis
633 1301 935 1347 atmosphaeris,
954 1303 1150 1348 pruducat
1168 1303 1255 1345 illa3
1280 1311 1322 1339 at
1339 1304 1447 1350 quod
1466 1316 1574 1341 nunc
1594 1316 1643 1341 ex
1662 1305 1811 1343 auditis

312 1352 362 1388 de
384 1352 593 1388 hominum
613 1354 698 1389 vita
718 1362 893 1396 aeterna,
915 1355 955 1391 in
980 1356 1170 1402 ambiguo
1190 1357 1254 1398 sit,
1276 1363 1318 1392 et
1343 1358 1450 1403 quod
1477 1358 1555 1394 hoc
1579 1359 1810 1406 ambiguum

311 1405 413 1442 ferat
434 1414 610 1443 mentem
635 1408 716 1454 jam
739 1420 895 1444 sursum
921 1410 1003 1456 jam
1025 1410 1234 1452 deorsum
1261 1417 1302 1447 et
1322 1422 1413 1447 cum
1432 1423 1600 1454 sursum,
1619 1420 1813 1460 agnoscat

311 1466 494 1495 centrum
513 1461 563 1496 de
581 1472 662 1507 quo
680 1472 759 1497 non
780 1462 888 1507 prius
906 1463 1057 1509 aliquid
1076 1470 1263 1505 noverat;
1290 1471 1330 1500 et
1350 1475 1440 1500 eum
1459 1465 1657 1507 deorsum,
1675 1466 1813 1502 videat

311 1519 495 1548 centrum
516 1515 624 1560 quod
646 1514 816 1550 credidit
837 1515 1020 1557 unicum3
1050 1523 1091 1552 et
1112 1517 1220 1563 quod
1240 1517 1325 1553 vita
1345 1518 1398 1553 sit
1422 1529 1471 1554 ex
1491 1525 1630 1554 centro
1654 1519 1705 1555 de
1729 1529 1812 1566 quo

311 1577 392 1602 non
411 1566 520 1612 prius
537 1567 688 1613 aliquid
707 1568 888 1609 sciverat,
907 1575 949 1604 et
969 1570 1078 1615 quod
1097 1576 1240 1606 natura
1260 1570 1313 1606 sit
1339 1581 1388 1606 ex
1412 1578 1552 1607 centro
1570 1572 1679 1618 quod
1701 1572 1811 1618 prius

311 1619 482 1655 credidit
498 1620 660 1655 unicum
679 1631 787 1663 esse:
813 1628 854 1657 et
871 1622 979 1668 quod
998 1629 1211 1669 utrumque
1228 1630 1410 1659 centrum
1430 1624 1575 1660 habeat
1591 1635 1811 1672 expansum

311 1672 461 1708 circum
479 1684 533 1709 se.

382 1726 447 1761 Ad
466 1726 566 1761 haec
579 1726 763 1768 diximus,
779 1731 798 1745 ‘⁴
812 1727 958 1769 Bene,’'
974 1728 1097 1764 modo
1111 1728 1232 1764 etiam
1246 1729 1344 1765 velit
1361 1740 1410 1766 ex
1423 1736 1563 1766 centro
1576 1737 1618 1766 et
1631 1741 1808 1778 expanso

309 1778 416 1814 vitae
437 1778 618 1825 speciare
637 1787 820 1815 centrum
841 1787 883 1816 et
907 1792 1128 1827 expansum
1147 1789 1324 1823 naturae,
1343 1789 1385 1818 et
1405 1794 1486 1819 non
1503 1784 1590 1820 vice
1608 1794 1744 1820 versa:
1768 1791 1811 1821 et

312 1831 573 1867 instruximus
604 1832 728 1873 illum,
756 1834 864 1878 quod
895 1845 1016 1880 supra
1044 1835 1198 1870 caelum
1224 1836 1449 1882 angelicum
1479 1837 1533 1872 sit
1561 1837 1621 1872 sol
1649 1837 1717 1882 qui
1747 1843 1810 1873 est

310 1896 433 1931 purus
458 1896 581 1926 amor,
603 1886 653 1921 ad
685 1887 957 1932 apparentiam
991 1888 1129 1934 igneus
1157 1889 1261 1924 sicut
1290 1889 1350 1924 sol
1378 1889 1527 1930 mundi,
1549 1896 1591 1925 et
1619 1890 1728 1936 quod
1758 1901 1808 1926 ex

310 1938 442 1973 calore
467 1939 535 1984 qui
562 1939 745 1984 procedit
765 1950 815 1975 ex
841 1940 910 1975 illo
930 1941 1026 1981 sole,
1049 1941 1101 1976 sit
1126 1942 1278 1988 angelis
1304 1948 1345 1977 et
1371 1942 1602 1978 hominibus
1622 1943 1810 1979 voluntas

310 1997 352 2027 et
372 2002 494 2031 amor,
516 1998 556 2027 et
582 1993 690 2037 quod
717 2003 766 2027 ex
791 1993 878 2028 luce
900 1993 992 2029 inde
1018 1993 1071 2029 sit
1098 1994 1175 2030 illis
1197 1993 1422 2030 intellefkus
1451 2002 1492 2030 et
1521 1995 1735 2041 sapientia;
1769 2003 1811 2032 et

310 2044 419 2090 quod
442 2044 509 2079 illa
529 2055 630 2090 quae
651 2045 758 2080 vitae
779 2052 872 2080 sunt
893 2046 1078 2081 dicantur
1094 2047 1327 2092 spiritualia,
1346 2054 1388 2083 et
1412 2048 1518 2094 quod
1548 2048 1613 2084 illa
1632 2059 1735 2095 quae
1760 2060 1809 2085 ex

311 2097 396 2132 sole
417 2097 557 2132 mundi
579 2098 804 2143 procedunt
825 2098 905 2133 sint
925 2099 1175 2135 continentia
1192 2100 1309 2141 vitae,
1328 2106 1369 2136 et
1390 2101 1575 2136 dicantur
1591 2102 1809 2144 naturalia3

310 2155 397 2185 tum
418 2151 526 2196 quod
545 2161 764 2196 expansum
785 2152 910 2186 centri
931 2151 1038 2187 vitae
1056 2152 1213 2188 dicatur
1229 2154 1396 2188 mundus
1411 2155 1646 2199 spirzvualis,
1665 2155 1733 2201 qui
1759 2165 1809 2192 ex

311 2213 386 2238 suo
406 2203 490 2239 sole
511 2204 705 2244 subsistit,
724 2211 764 2239 et
785 2204 893 2250 quod
912 2215 1132 2250 expansum
1152 2211 1315 2241 naturae
1334 2207 1490 2242 dicatur
1506 2208 1673 2243 mundus
1688 2212 1810 2244 natu-

310 2257 420 2298 ralis,
443 2257 510 2303 qui
537 2268 586 2292 ex
611 2268 684 2293 suo
710 2258 792 2293 sole
813 2258 1004 2296 subsistit.
1057 2258 1174 2295 Nunc
1194 2259 1288 2306 quia
1312 2261 1362 2296 de
1387 2271 1523 2297 amore
1549 2268 1589 2297 et
1615 2262 1807 2308 sapientia

312 2320 393 2345 non
412 2310 628 2356 praedicari
651 2317 820 2356 possunt
837 2311 966 2357 spatia
986 2319 1026 2347 et
1047 2318 1239 2358 tempora,
1258 2313 1327 2348 sed
1351 2324 1423 2359 pro
1444 2314 1521 2350 illis
1542 2321 1681 2356 status,
1699 2315 1807 2362 quod

312 2373 530 2408 expansum
549 2363 696 2398 circum
718 2364 844 2399 solem
865 2364 962 2400 caeli
984 2365 1153 2410 angelici
1172 2376 1253 2400 non
1279 2366 1331 2400 sit
1352 2373 1572 2407 extensum,
1590 2367 1661 2403 sed
1682 2377 1809 2414 usque

312 2415 352 2450 in
370 2423 538 2451 extenso
556 2416 651 2451 solis
670 2417 871 2458 naturalis,
887 2424 928 2453 et
945 2418 1049 2464 apud
1065 2417 1245 2464 subjecta
1256 2419 1348 2454 viva
1366 2419 1418 2454 ibi
1436 2420 1656 2455 secundum
1674 2431 1809 2468 recep-

310 2468 453 2509 tiones
472 2476 514 2504 et
532 2470 781 2515 receptiones
799 2471 1018 2506 secundum
1038 2470 1195 2507 formas.

382 2521 462 2557 Sed
480 2529 576 2556 tunc
590 2523 799 2568 quaesivit,
814 2528 835 2542 “
850 2523 968 2559 Unde
984 2523 1086 2570 ignis
1103 2524 1198 2559 solis
1214 2525 1351 2560 mundi
1369 2536 1439 2560 seu
1452 2532 1615 2562 naturae
1627 2525 1667 2563 ?”

385 2574 754 2620 Respondebamus,
769 2577 878 2622 quod
896 2576 950 2612 sit
963 2587 1012 2612 ex
1029 2577 1114 2612 sole
1127 2577 1224 2612 caeli
1240 2578 1418 2624 angelici,
1433 2579 1503 2624 qui
1523 2590 1602 2614 non
1618 2585 1680 2614 est
1694 2579 1807 2626 ignis.

311 2627 382 2663 sed
410 2627 580 2663 Divinus
606 2629 733 2664 Amor
758 2630 939 2675 proxime
960 2630 1180 2676 procedens
1205 2641 1229 2665 a
1256 2630 1353 2671 Deo,
1375 2631 1443 2677 qui
1469 2638 1531 2667 est
1558 2632 1642 2678 ipse
1668 2631 1807 2668 Amor.

314 2680 405 2716 Hoc
423 2681 517 2726 quia
535 2681 700 2717 miratus
719 2690 791 2722 est,
811 2682 1176 2718 demonstravimus
1195 2683 1272 2719 ita:
1298 2689 1318 2702 ‘⁴
1331 2684 1459 2719 Amor
1480 2684 1519 2719 in
1541 2695 1612 2720 sua
1632 2685 1809 2721 essentia

312 2740 374 2769 est
391 2733 607 2779 spiritualis
627 2734 753 2780 ignis:
780 2735 871 2771 inde
889 2742 950 2772 est
968 2736 1076 2782 quod
1095 2736 1208 2782 ignis,
1228 2736 1267 2771 in
1286 2736 1430 2776 Verbo.
1450 2737 1490 2772 in
1509 2738 1703 2783 spirituali
1721 2738 1810 2785 ejus

312 2797 443 2827 sensu,
462 2787 661 2832 significet
678 2799 853 2823 amorem
869 2800 876 2830 ;
902 2789 1008 2824 unde
1021 2795 1137 2824 orant
1156 2789 1195 2823 in
1214 2790 1374 2835 templis
1388 2791 1627 2830 sacerdotes,
1642 2797 1687 2826 ut
1706 2791 1808 2838 ignis

312 2840 496 2875 caelestis
515 2840 678 2885 impleat
696 2842 827 2882 corda,
843 2853 914 2887 per
930 2852 1048 2888 quem
1068 2842 1298 2888 intelligunt
1314 2854 1490 2878 amorem
1507 2855 1515 2884 ;
1542 2844 1644 2890 ignis
1661 2843 1807 2884 altaris,

313 2898 355 2928 et
381 2892 484 2938 ignis
509 2894 734 2928 candelabri
762 2894 802 2928 in
828 2895 1085 2930 tabernaculo
1105 2895 1209 2940 apud
1231 2895 1438 2936 Israelitas‚
1458 2907 1539 2931 non
1560 2896 1668 2931 aliud
1686 2907 1806 2942 quam

315 2944 507 2980 Divinum
527 2946 717 2981 Amorem
739 2941 1074 2992 repraesentavit;
1099 2948 1208 2983 calor
1224 2949 1438 2994 sanguinis,
1457 2960 1526 2984 seu
1547 2950 1657 2984 calor
1674 2949 1808 2984 vitalis

314 2997 534 3039 hominum,
553 3006 593 3035 et
615 2999 654 3034 in
672 3010 817 3046 genere
835 3001 1079 3043 animalium,
1096 3011 1177 3036 non
1195 3001 1354 3038 aliunde
1371 3009 1433 3038 est
1450 3013 1568 3048 quam
1591 3013 1640 3038 ex
1660 3011 1806 3043 amore,
