2014 3386
571 339 638 371 DE
670 337 852 372 AMORE
882 337 1307 381 CONJUGIAL1.—N.
1338 330 1430 382 388.
1672 340 1752 384 303

255 453 480 495 Dominus
506 452 551 494 in
578 453 811 494 creatione
837 450 1213 506 praedestinavit,
1242 457 1288 492 et
1315 458 1421 505 post
1449 450 1574 492 illam
1602 451 1755 508 provi-

255 518 349 559 det.
412 516 561 559 Omne
587 517 633 558 id
656 517 776 570 quod
804 516 946 558 effluit
972 530 1032 557 ex
1063 514 1284 569 subjee‘co,
1312 516 1457 556 ambit
1490 522 1536 557 et
1563 516 1756 557 circum-

254 581 398 634 stipat
421 579 547 630 illud,
568 586 858 634 nuncupatur
876 579 1096 634 sphaera:
1130 585 1180 620 ut
1203 593 1285 633 pro
1308 579 1541 633 exemplo,
1563 580 1758 633 sphaera

255 644 369 686 lucis
410 650 458 685 et
498 643 665 686 caloris
705 658 732 685 a
771 643 870 685 sole
911 644 1081 685 circum
1121 643 1266 692 illum,
1299 643 1496 696 sphaera
1536 643 1674 684 vitae'
1699 643 1758 684 ab

254 703 442 749 homine
475 708 643 749 circum
675 707 818 756 illum,
852 707 1047 761 sphaera
1087 707 1240 748 odoris
1282 720 1308 747 a
1348 706 1550 760 virgulto
1587 707 1757 748 circum

254 772 380 821 illud,
409 772 604 826 sphaera
629 770 922 813 attractionis
948 785 975 812 a
1001 777 1219 824 magnete
1246 771 1415 811 circum
1442 770 1584 820 illum,
1613 777 1659 811 et
1692 771 1756 811 sic

254 850 402 889 porro.
464 835 532 877 At
556 835 778 889 sphaerae
797 834 1093 882 universales,
1113 835 1170 875 de
1192 834 1353 888 quibus
1373 834 1445 874 hic
1464 834 1630 886 agitur,
1650 839 1756 874 sunt

254 914 281 947 a
308 899 507 940 Domino
534 900 701 940 circum
729 899 911 953 Ipsum;
944 912 996 940 ac
1023 898 1278 952 procedunt
1306 911 1330 939 e
1357 897 1455 938 sole
1483 897 1638 938 mundi
1664 897 1756 950 spi-

253 963 442 1012 ritualis,
459 964 504 1004 in
531 962 654 1016 cujus
681 963 833 1004 medio
857 963 962 1016 Ipse
989 969 1074 1004 est.
1136 962 1182 1003 A
1205 962 1406 1003 Domino
1429 976 1509 1015 per
1531 961 1657 1002 illum
1681 974 1756 1002 so-

255 1026 347 1068 lem
373 1027 581 1080 procedit
614 1027 810 1080 sphaera
841 1026 1005 1068 caloris
1037 1032 1085 1068 et
1116 1025 1242 1074 lucis,
1268 1040 1347 1067 seu
1370 1026 1490 1079 quod
1518 1025 1639 1066 idem
1666 1031 1755 1073 est,

254 1091 449 1144 sphaera
489 1091 657 1132 amoris
698 1097 745 1132 et
786 1091 1054 1145 sapientiae,
1093 1090 1152 1131 ad
1198 1090 1478 1143 operandum
1520 1089 1646 1138 fines,
1673 1087 1757 1160 'qui

253 1161 361 1196 sunt
395 1168 538 1208 usus31
567 1161 616 1196 at
641 1154 836 1208 sphaera
862 1154 955 1203 illa,
983 1154 1230 1196 secundum
1258 1168 1378 1202 usus,
1398 1154 1532 1194 variis
1562 1150 1756 1193 nomini·

254 1218 338 1261 bus
369 1219 625 1272 insignitur.
694 1218 860 1259 Divina
897 1217 1093 1272 sphaera
1124 1218 1406 1272 prospiciens
1438 1217 1756 1258 conservatio-

254 1295 360 1324 nem
387 1283 583 1324 universi
608 1283 652 1323 in
676 1288 802 1323 statu
824 1288 981 1323 creato
1004 1296 1083 1336 per
1105 1282 1391 1322 successivas
1414 1281 1754 1334 generationes,

254 1352 445 1388 vocatur
467 1346 661 1400 sphaera
678 1346 947 1400 procreandi
964 1359 974 1397 ;
1007 1352 1055 1387 et
1078 1345 1246 1386 Divina
1264 1345 1456 1399 sphaera
1474 1344 1757 1398 prospiciens

255 1410 656 1454 conservationem
682 1410 1032 1463 generationum
1063 1409 1109 1450 in
1141 1409 1231 1450 suis
1257 1409 1411 1457 initiis,
1440 1415 1487 1449 et
1514 1414 1679 1461 postea
1710 1408 1754 1448 in

254 1474 346 1515 suis
378 1474 789 1527 progressionibus,
822 1479 1014 1514 vocatur
1044 1472 1239 1527 sphaera
1270 1473 1454 1513 tutandi
1486 1477 1753 1525 procreata:

254 1543 436 1591 praeter
458 1537 540 1577 has
562 1537 708 1586 binas,
728 1542 834 1577 sunt
857 1536 1008 1590 plures
1023 1535 1138 1577 aliae
1162 1536 1383 1589 sphaerae
1407 1535 1614 1584 Divinae,
1639 1548 1755 1589 quae

254 1600 505 1642 secundum
532 1614 651 1649 usuS,
679 1600 744 1641 ita
775 1600 921 1648 aliter,
951 1600 1247 1641 nominantur
1276 1597 1504 1653 (videatur
1535 1611 1682 1651 supra,
1711 1610 1753 1638 n.

255 1663 372 1717 222).
436 1662 742 1717 Operationes
768 1676 928 1704 usuum
955 1677 1036 1718 per
1061 1662 1165 1704 illas
1192 1662 1424 1716 sphaeram,
1454 1667 1560 1703 sunt
1588 1661 1755 1704 Divina

255 1728 556 1782 providentia.

339 1791 468 1846 387.
502 1790 584 1846 (ii.)
621 1790 751 1842 Quod
775 1790 902 1832 binae
931 1790 1034 1832 illae
1068 1789 1290 1844 sphaerae
1318 1788 1594 1830 universales
1621 1802 1753 1830 unum

245 1854 428 1908 faciant
469 1868 564 1896 cum
603 1854 800 1908 sphaera
838 1855 1005 1896 amoris
1040 1853 1320 1909 conjug-talis,
1354 1860 1396 1894 et
1433 1867 1527 1893 cmn
1558 1852 1754 1905 sphaera

256 1917 424 1959 amoris
445 1917 881 1972 infantum—Quod
908 1918 1104 1972 sphaera
1129 1918 1296 1959 amoris
1322 1916 1590 1969 conjugialis
1617 1929 1753 1957 unum

255 1981 392 2022 saciat
416 1994 518 2022 cum
541 1981 734 2035 sphaera
756 1982 1039 2035 procreandi,
1063 1987 1195 2036 patet
1217 1995 1225 2032 ;
1260 1980 1519 2034 procreatio
1537 1980 1656 2020 enim
1681 1985 1753 2020 est

256 2044 370 2092 finis,
405 2050 451 2085 et
487 2057 616 2085 amor
646 2044 916 2098 conjugialis
949 2052 1020 2087 est
1052 2058 1190 2086 causa
1221 2045 1372 2085 media
1405 2057 1486 2097 per
1518 2055 1666 2097 quam,
1701 2055 1753 2084 ac

256 2107 356 2149 finis
382 2115 428 2150 et
456 2122 593 2149 causa
624 2109 668 2149 in
695 2108 945 2150 efficiendis
977 2115 1024 2150 et
1056 2109 1099 2150 in
1133 2106 1305 2149 effectis
1332 2120 1484 2155 unum,
1514 2108 1618 2161 quia
1649 2120 1752 2156 una,

257 2178 430 2224 agunt:
474 2165 595 2226 quod
628 2172 823 2226 sphaera
853 2173 1021 2214 amoris
1051 2172 1275 2213 infantum
1309 2183 1447 2211 unum
1478 2170 1616 2211 faciat
1650 2183 1752 2211 cum

257 2234 450 2288 sphaera
472 2236 654 2276 tutandi
677 2243 933 2289 procreata,
958 2236 1099 2277 etiam
1123 2241 1270 2289 patet,
1296 2235 1399 2288 quia
1422 2240 1494 2274 est
1521 2232 1620 2274 finis
1647 2247 1752 2287 pro-

257 2298 426 2339 cedens
445 2313 511 2364 fx
534 2300 668 2353 priori
691 2299 792 2349 fine,
818 2301 892 2354 qui
913 2300 995 2341 suit
1018 2300 1289 2354 procreatio,
1314 2305 1360 2339 et
1383 2310 1509 2338 amor
1531 2297 1752 2338 infantum

257 2368 329 2404 est
356 2346 474 2403 illiu⁸s
500 2375 637 2403 causa
662 2363 825 2412 media,
854 2377 934 2418 per
965 2376 1125 2417 quam.
1165 2362 1276 2403 fines
1303 2362 1422 2403 enim
1451 2360 1752 2414 progrediun-

258 2431 332 2467 tur
362 2426 406 2466 in
438 2426 566 2475 serie,
601 2439 713 2467 unus
744 2433 850 2480 post
883 2426 1092 2476 alterum,
1126 2432 1173 2468 et
1206 2427 1250 2467 in
1283 2424 1620 2478 progrediendo
1653 2422 1753 2463 finis

258 2488 445 2530 ultimus
471 2488 520 2529 fit
550 2489 733 2542 primus,
761 2496 807 2531 et
839 2490 902 2532 sic
935 2489 1137 2538 ulterius,
1165 2503 1306 2542 usque
1333 2489 1389 2529 ad
1421 2487 1678 2534 terminum,
1707 2486 1750 2526 in

258 2566 347 2606 quo
365 2553 619 2593 subsistunt
641 2552 714 2593 vel
737 2553 966 2595 desinunt.
1029 2552 1139 2608 (Sed
1163 2552 1219 2594 de
1241 2551 1309 2593 his
1332 2551 1605 2592 videbuntur
1626 2549 1754 2604 plura

259 2616 305 2657 in
330 2615 643 2670 explicatione
670 2616 846 2657 articuli
872 2615 971 2671 xii.)

343 2678 478 2732 388.
518 2678 617 2734 (iii.)
660 2679 789 2730 Quod
823 2679 950 2721 binae
979 2679 1085 2721 illae
1114 2678 1336 2733 sphaerae
1365 2676 1683 2720 universaliter
1711 2681 1753 2716 et

261 2741 563 2796 singulariter
592 2742 783 2797 influant
811 2742 862 2784 in'
887 2743 1034 2785 omnia
1064 2742 1176 2784 caeli
1200 2748 1243 2783 et
1272 2742 1318 2783 in
1348 2741 1496 2783 omnia
1527 2738 1692 2788 mundi,
1721 2753 1750 2780 a

255 2806 422 2860 primis
462 2806 527 2847 ad
565 2806 974 2848 ultima—Dicitur
1004 2806 1322 2848 universaliter
1358 2812 1405 2847 et
1445 2803 1750 2857 singulariter,

262 2870 365 2924 quia
391 2883 493 2911 cum
515 2870 680 2911 dicitur
700 2870 969 2919 universale,
993 2869 1314 2924 intelliguntur
1335 2868 1466 2910 simul
1490 2867 1750 2921 singularia,

264 2946 324 2974 ex
354 2934 540 2987 quibus3
584 2947 644 2975 ex
675 2933 744 2974 his
776 2934 894 2975 enim
921 2934 1031 2975 illud
1063 2934 1225 2974 existit
1258 2939 1306 2974 et
1337 2932 1563 2979 consistit,
1596 2931 1660 2971 ita
1691 2943 1752 2971 ex

263 2995 332 3037 his
358 2996 468 3038 illud
491 2997 764 3048 nominatur,
788 2997 905 3039 sicut
928 3010 1169 3045 commune
1195 3010 1255 3038 ex
1281 2995 1512 3050 partibus-‚3
1551 3007 1687 3048 quare
1714 2994 1751 3035 si
