2014 3386
375 346 459 399 276
837 356 1079 388 DELICIAE
1111 356 1414 390 SAPIENTIAE

373 470 497 525 quod
535 469 676 512 homo
716 484 777 512 ex
809 471 1071 525 parentibus
1103 472 1315 522 nascitur,
1349 472 1545 514 naturali
1576 472 1670 526 ejus
1700 472 1872 516 homini

372 533 686 588 implantatur,
721 548 812 575 non
843 540 995 575 autem
1027 535 1197 588 aliquid
1228 536 1448 589 spirituali
1479 536 1666 587 homini,
1693 538 1798 592 quia
1826 539 1871 579 in

373 598 492 639 hunc
512 600 713 639 nascitur
734 612 760 639 a
783 598 1001 644 Domino„
1057 598 1132 639 Ex
1151 598 1304 640 allatis
1322 605 1369 640 et
1391 614 1569 654 quoque
1588 615 1647 641 ex
1670 601 1871 654 pluribus

373 662 474 703 aliis
509 662 759 703 rationibus
791 662 1028 703 evidenter
1063 662 1205 703 videri
1241 669 1412 716 potest,
1445 664 1566 717 quod
1607 664 1872 718 polygamia

373 727 433 767 sit
460 725 660 766 lascivia.

457 789 596 844 346.
630 787 733 843 (xi.)
771 788 900 839 Quod
915 789 1042 842 apud
1058 788 1324 842 polygamos
1346 803 1430 830 non
1454 789 1619 831 dabilzls·
1641 790 1704 832 sit
1725 791 1870 846 cory'u-

367 852 512 906 gz’alz's
534 852 735 901 castitas,
754 852 952 905 puritas,
971 858 1014 893 et
1032 852 1430 894 santificas—Hoc
1453 854 1656 907 sequitur
1676 869 1736 895 ex
1758 868 1869 896 mox

373 929 507 968 supra
533 915 827 965 confirmatis,
855 929 908 957 ac
935 916 1176 957 manifeste
1202 930 1262 956 ex
1293 916 1382 957 illis
1408 930 1523 970 quae
1554 918 1598 958 in
1624 919 1774 971 capite
1800 918 1871 960 De

374 979 516 1021 Casto
535 987 581 1021 et
604 993 695 1021 non
715 979 857 1021 Casto
875 980 1193 1021 demonstrata
1210 986 1315 1020 sunt
1332 994 1341 1031 ;
1374 980 1592 1033 imprimis
1610 995 1672 1022 ex
1691 981 1760 1022 his
1781 981 1842 1023 ibi
1859 995 1869 1023 ε

375 1043 510 1097 Quod
543 1050 736 1092 castum,
765 1057 938 1096 purum,
967 1049 1014 1084 et
1046 1042 1268 1092 sanetum,
1297 1043 1434 1084 modo
1466 1044 1784 1096 praedicentur
1815 1045 1873 1086 de

373 1107 594 1160 conjugiis
626 1108 970 1160 monogamicis,
999 1120 1077 1147 seu
1109 1107 1239 1147 unius
1268 1106 1351 1147 viri
1382 1120 1484 1147 cum
1515 1120 1604 1148 una
1634 1121 1778 1148 uxore
1806 1107 1870 1162 (n.

379 1170 507 1224 141);
545 1177 654 1219 tum,
683 1169 819 1223 Quod
850 1184 978 1211 amor
1007 1184 1114 1211 vere
1146 1169 1414 1223 conjugialis
1445 1170 1504 1211 sit
1535 1171 1634 1223 ipsa
1666 1171 1871 1218 castitas,

373 1241 421 1275 et
453 1234 575 1288 quod
607 1234 712 1275 inde
744 1247 903 1275 omnes
930 1233 1121 1274 deliciae
1148 1234 1315 1274 amoris
1340 1233 1472 1283 illius,
1501 1234 1641 1274 etiam
1666 1233 1871 1283 ultimae,

373 1299 464 1339 sint
497 1304 651 1339 castae
686 1296 749 1351 (n.
786 1308 878 1349 143,
911 1294 1025 1348 144).
1086 1297 1148 1338 Et
1180 1303 1417 1350 praeterea
1448 1311 1508 1338 ex
1541 1297 1644 1347 illis,
1677 1311 1794 1351 quae
1825 1298 1871 1338 in

373 1363 523 1416 capite
547 1361 616 1402 De
639 1360 812 1401 Amore
839 1374 943 1401 vere
967 1360 1236 1415 Conjugiali,
1256 1358 1454 1401 adducta
1479 1367 1612 1411 sunt;
1650 1367 1700 1402 ut
1722 1360 1781 1402 ab
1801 1359 1871 1401 his

372 1426 458 1467 ibi:
504 1424 639 1479 Quod
671 1437 799 1465 amor
829 1438 934 1464 vere
965 1424 1248 1476 conjugialis,
1282 1425 1356 1478 qui
1388 1430 1459 1464 est
1496 1424 1626 1464 unius
1656 1424 1738 1465 viri
1768 1436 1871 1465 cum

373 1503 465 1530 una
490 1502 649 1537 uxore,
678 1501 737 1528 ex
765 1487 937 1540 origine
963 1482 1061 1535 sua,⁴
1085 1493 1132 1528 et
1164 1501 1223 1527 ex
1256 1487 1665 1540 correspondentia
1689 1500 1784 1536 sua,
1811 1487 1871 1528 sit

373 1554 602 1602 caelestis,
636 1551 898 1604 spiritualis,
931 1549 1131 1599 sanetus,
1165 1550 1358 1591 mundus
1400 1564 1507 1603 prae
1548 1550 1671 1591 omni
1715 1563 1870 1592 amore

376 1617 439 1671 (n.
472 1617 544 1668 64,
582 1615 713 1669 seq.).
783 1614 931 1663 Nunc,
964 1615 1067 1668 quia
1092 1615 1312 1663 castitas,
1346 1614 1534 1667 puritas,
1562 1620 1609 1654 et
1649 1611 1871 1655 sanctitas

373 1680 663 1721 solummodo
690 1679 825 1719 datur
855 1679 899 1718 in
925 1691 1079 1718 amore
1104 1691 1211 1718 vere
1238 1675 1497 1730 conjugiali,
1524 1677 1728 1731 sequitur
1750 1676 1872 1730 quod

373 1757 464 1785 non
492 1744 625 1784 detur
651 1756 733 1783 nec
761 1742 925 1783 dabilis
951 1742 1010 1782 sit
1036 1742 1079 1782 in
1107 1754 1260 1782 amore
1287 1740 1593 1794 polygamico.

457 1816 587 1861 347.
621 1805 738 1860 (xii.)
776 1805 905 1856 Quod
932 1804 1216 1858 polygamus,
1257 1804 1470 1858 quamdiu
1504 1809 1652 1844 manet
1681 1801 1871 1856 polyga-

373 1886 485 1920 mus,
513 1884 597 1911 non
611 1869 725 1924 fieri
745 1869 895 1922 possit
918 1867 1191 1921 spiritualis.
1254 1867 1371 1908 Fieri
1398 1866 1652 1920 spiritualis¹
1675 1871 1745 1906 est
1776 1864 1871 1906 ele-

372 1935 468 1976 vari
493 1948 516 1974 e
543 1933 755 1981 naturali,
783 1932 870 1973 hoc
898 1938 986 1980 est,
1015 1941 1039 1972 e
1071 1930 1171 1971 luce
1204 1936 1251 1971 et
1284 1930 1436 1971 calore
1462 1930 1616 1970 mundi
1647 1929 1691 1970 in
1724 1928 1871 1969 lucem

373 2005 420 2040 et
452 1997 650 2039 calorem
674 1995 815 2046 caeli;
857 1995 914 2036 de
945 1994 1031 2035 hac
1058 1994 1318 2035 elevatione
1345 2007 1435 2034 non
1467 1993 1552 2034 scit
1585 1992 1759 2046 aliquis,
1788 1991 1872 2032 nisi

374 2062 448 2115 qui
479 2061 685 2101 elevatus
721 2065 820 2109 est;
862 2065 1070 2099 attamen
1104 2056 1322 2098 naturalis
1353 2055 1493 2096 homo
1535 2069 1627 2096 non
1665 2054 1871 2096 elevatus

374 2138 516 2178 usque
547 2136 639 2164 non
672 2122 862 2176 percipit
889 2121 1022 2162 aliter
1047 2133 1181 2174 quam
1213 2119 1334 2173 quod
1366 2119 1574 2159 elevatus
1606 2119 1692 2169 sit3
1735 2131 1873 2159 causa

374 2194 460 2236 est,
494 2187 598 2240 quia
629 2200 771 2239 aeque
803 2191 853 2226 ut
885 2183 1129 2237 spiritualis
1160 2182 1312 2230 homo,
1341 2187 1497 2235 potest
1529 2181 1709 2222 elevare
1734 2180 1877 2222 intele

375 2249 542 2292 lectum
576 2262 704 2290 suum
741 2249 785 2289 in
819 2247 969 2288 lucem
1001 2246 1130 2295 caeli,
1164 2259 1216 2286 ac
1259 2244 1556 2299 spiritualiter
1586 2245 1792 2297 cogitare
1823 2249 1872 2284 et
1945 2283 1949 2287 ,

375 2315 511 2369 loqui,
533 2314 649 2354 sicut
671 2310 889 2352 naturalis
909 2324 918 2361 ;
951 2316 998 2351 at
1022 2310 1056 2350 si
1079 2322 1170 2350 non
1193 2308 1325 2349 simul
1348 2308 1562 2349 voluntas
1576 2305 1870 2348 intellectum

375 2380 419 2419 in
442 2377 731 2419 altitudinem
754 2374 878 2415 illam
901 2373 1114 2427 sequitur,
1139 2386 1278 2425 usque
1302 2385 1392 2412 non
1416 2371 1623 2412 elevatus
1645 2377 1715 2412 est
1736 2384 1746 2421 ;
1779 2383 1871 2411 non

374 2442 494 2482 enim
527 2446 620 2481 stat
661 2439 706 2479 in
738 2437 995 2479 elevatione
1027 2436 1118 2484 illa,
1147 2435 1226 2475 sed
1268 2442 1371 2487 post
1404 2441 1639 2475 momenta
1669 2433 1872 2474 demittit

375 2518 424 2544 se
465 2504 522 2544 ad
563 2502 852 2543 voluntatem
884 2513 1025 2548 suam,
1058 2512 1110 2540 ac
1151 2499 1210 2539 ibi
1249 2499 1495 2538 stationem
1527 2510 1654 2538 suam
1694 2495 1869 2537 firmat:

376 2567 541 2607 dicitur
566 2566 794 2613 voluntas,
823 2578 875 2605 ac
907 2562 1179 2616 intelligitur
1201 2561 1332 2602 simul
1360 2574 1502 2610 amor,
1530 2561 1634 2614 quia
1658 2559 1872 2600 voluntas

377 2636 447 2670 est
473 2628 813 2682 receptaculum
836 2627 1016 2675 amoris,
1041 2625 1160 2679 quod
1184 2625 1303 2666 enim
1327 2625 1466 2665 homo
1487 2629 1623 2672 amat,
1646 2623 1734 2664 hoc
1757 2621 1870 2663 vult.

377 2693 454 2734 Ex
485 2692 555 2733 his
587 2692 740 2745 paucis
767 2697 978 2732 constare
1005 2694 1175 2742 potest,
1204 2688 1325 2742 quod
1358 2687 1631 2741 polygamus
1658 2684 1872 2740 quamdiu

379 2762 534 2797 manet
557 2755 843 2808 polygamus,
863 2767 941 2794 seu
964 2752 1083 2806 quod
1106 2751 1226 2792 idem
1249 2757 1334 2800 est,
1354 2751 1475 2805 quod
1494 2749 1712 2791 naturalis
1734 2747 1873 2790 homo

378 2819 593 2874 quamdiu
619 2825 774 2859 manet
801 2817 1031 2865 naturalis,
1059 2828 1150 2856 non
1176 2814 1269 2856 fieri
1296 2816 1439 2868 possit
1463 2813 1720 2868 spiritualis,

463 2881 598 2938 348.
631 2880 764 2935 (xiii.)
802 2879 930 2931 Quod
954 2878 1212 2932 polygamia
1252 2891 1335 2918 non
1371 2877 1434 2918 sit
1466 2882 1705 2930 peccatum,
1749 2873 1878 2928 apud

380 2960 487 3000 quos
508 2945 588 2987 illa
603 2951 670 2986 est
689 2958 744 2985 ex
765 2941 1201 2996 relzgz·c‘›ne.—Omne
1219 2941 1263 2982 id
1286 2941 1407 2994 quod
1425 2946 1586 2981 contra
1603 2939 1871 2992 religionem

381 3017 467 3058 est,
496 3009 693 3051 creditur
718 3021 816 3049 esse
844 3012 1097 3059 peccatum,
1125 3005 1228 3058 quia
1259 3010 1420 3045 contra
1447 3003 1622 3054 Deum;
1649 3009 1706 3059 „et
1738 3001 1866 3043 vicis·
