2014 3386
313 354 395 400 352
762 350 1094 385 VOLUPTATES
1126 350 1370 384 INSANIAE

311 467 402 503 dius
415 466 519 503 inter
532 466 684 502 caelum
700 471 741 501 et
760 464 980 506 infernum;
1008 464 1078 500 sed
1093 463 1188 510 quid
1203 470 1244 500 et
1260 463 1377 510 quale
1390 462 1543 500 caelum
1556 469 1599 500 et
1617 462 1817 500 infernum

312 527 385 562 est,
404 531 486 556 non
505 530 720 566 possumus
738 519 877 565 paucis
895 517 1157 553 describere.''

386 573 436 609 Et
461 580 559 608 ωηο
585 572 679 619 quia
698 572 892 619 flagrabat
914 571 1113 606 desiderio
1134 570 1415 617 cognoscendi,
1433 570 1605 617 projecit
1630 581 1673 606 se
1698 580 1819 617 super

311 637 455 674 genua,
475 632 516 662 et
535 625 665 661 oravit
683 626 830 660 devote
849 625 899 660 ad
919 624 1062 664 Deum,
1081 630 1127 659 ut
1145 624 1420 659 instrueretur.

387 679 438 715 Et
464 690 557 714 ecce
578 678 764 724 apparuit
785 678 951 724 angelus
977 678 1026 712 ad
1053 677 1235 712 dextram
1254 677 1351 722 ejus,
1370 683 1411 712 et
1436 676 1609 712 elevavit
1635 676 1757 717 illum,
1775 682 1818 712 et

312 732 426 773 dixit,
446 731 763 778 “Supplicavisti
783 738 828 766 ut
851 730 1101 766 instruereris
1121 730 1172 765 de
1193 730 1305 765 caelo
1323 736 1363 765 et
1390 729 1558 765 inferno.
1590 729 1759 775 Inquire
1776 733 1819 772 ⁴at

312 786 415 821 disce
438 786 541 831 quid
549 785 786 831 jucundum,
808 788 844 819 et
869 783 1095 830 cognosces.’¹
1147 783 1198 818 Et
1218 783 1385 830 angelus
1410 782 1472 819 his
1493 781 1611 819 dietis
1636 783 1817 819 sublatus

313 845 387 875 est.

383 891 498 927 Tunc
516 890 681 937 spiritus
698 890 875 926 novitius
894 900 1029 925 secum
1049 889 1161 930 dixit,
1177 895 1197 908 “
1209 889 1318 937 Quid
1333 889 1422 930 hoc,
1434 893 1443 908 ‘
1457 888 1618 935 Inquire
1630 895 1672 925 et
1686 887 1817 924 disces

311 944 407 991 quid
420 945 654 991 jucundum,
667 950 708 979 et
722 954 941 990 cognosces
952 943 1048 988 quid
1063 949 1103 977 et
1117 942 1234 988 quale
1246 942 1400 977 caelum
1414 948 1455 977 et
1470 941 1665 977 infernum
1681 948 1743 977 est
1755 941 1783 977 ?'
1794 941 1815 954 ”

312 998 390 1034 Sed
413 1009 435 1033 e
457 998 548 1033 loco
571 998 638 1033 illo
659 997 797 1032 abiens
818 997 1139 1042 circumvagatus
1160 1002 1231 1034 est,
1258 1002 1300 1030 et
1325 995 1467 1031 obvios
1487 994 1685 1031 allocutus
1702 994 1815 1036 dixit,

311 1056 332 1070 ‘¹
345 1051 478 1087 Dicite
495 1062 656 1097 quaeso,
675 1050 708 1086 si
727 1051 868 1096 placet,
889 1050 984 1095 quid
1002 1048 1262 1095 jucundum.”

383 1105 434 1140 Et
461 1104 650 1140 dicebant
675 1103 808 1150 aliqui,
836 1102 984 1149 “Quae
1010 1102 1139 1148 qualis
1164 1109 1227 1137 est
1252 1101 1351 1137 haec
1377 1100 1589 1147 quaestio?
1618 1099 1708 1148 quis
1732 1110 1815 1136 non

312 1157 389 1194 scit
410 1157 507 1203 quid
528 1156 780 1203 jucundum?
815 1162 929 1192 estne
955 1155 1146 1203 gaudium
1172 1161 1214 1191 et
1239 1154 1420 1190 laetitia?
1446 1165 1569 1201 quare
1592 1153 1814 1200 jucundum

309 1217 373 1247 est
389 1211 622 1257 jucundum,
642 1220 764 1245 unum
785 1209 888 1244 sicut
905 1209 1089 1250 alterum,
1109 1218 1190 1243 non
1208 1208 1356 1243 scimus
1374 1206 1627 1243 discrimen.”

381 1264 463 1299 Alii
490 1264 679 1299 dicebant
704 1263 813 1309 quod
839 1262 1061 1308 jucundum
1089 1268 1195 1297 esset
1221 1261 1323 1297 risus
1346 1260 1517 1302 mentis;
1552 1259 1814 1305 “dumtenim

310 1328 423 1353 mens
452 1317 567 1358 ridet,
594 1323 655 1352 est
685 1315 808 1352 facies
840 1315 987 1356 hilaris,
1014 1315 1174 1362 loquela
1200 1315 1399 1361 jocularis,
1425 1321 1564 1361 gestus
1593 1313 1748 1354 ludens,
1774 1319 1816 1349 et

309 1377 420 1407 totus
438 1370 563 1406 homo
582 1370 621 1405 in
639 1369 854 1416 jucund0.”

381 1423 520 1470 Aliqui
542 1430 677 1458 autem
697 1422 895 1462 dicebant,
916 1421 1179 1469 “Jucundum
1197 1420 1296 1456 nihil
1317 1420 1424 1455 aliud
1443 1426 1505 1456 est
1525 1430 1645 1466 quam
1663 1418 1815 1466 epulari

309 1483 351 1513 et
368 1477 487 1512 edere
505 1476 694 1516 lautitias,
712 1486 759 1511 ac
778 1475 914 1511 bibere
935 1482 975 1511 et
995 1475 1092 1510 vino
1109 1485 1306 1521 generoso
1324 1473 1521 1513 inebriari,
1540 1480 1581 1508 et
1601 1479 1700 1508 tunc
1719 1483 1816 1508 con·

309 1529 477 1566 fabulari
496 1530 547 1565 de
565 1530 682 1565 rebus
699 1528 829 1569 variis,
850 1528 1044 1574 imprimis
1063 1528 1112 1563 de
1131 1527 1235 1562 ludis
1254 1526 1422 1562 Veneris
1440 1533 1481 1562 et
1499 1525 1744 1573 Cupidinis.”

383 1583 459 1618 His
479 1582 639 1623 auditis,
656 1582 821 1628 spiritus
843 1581 1020 1617 novitius
1042 1580 1274 1626 indignatus
1296 1590 1431 1615 secum
1454 1579 1596 1619 dixit,‘
1600 1578 1734 1614 ‘Haec
1754 1587 1815 1613 re·

308 1647 457 1682 sponsa
475 1642 570 1671 sunt
588 1635 790 1671 rusticalia
810 1641 851 1670 et
872 1645 952 1670 non
972 1633 1166 1674 forensia:
1193 1633 1292 1668 haec
1309 1633 1488 1678 jucunda
1507 1643 1589 1668 non
1610 1637 1706 1667 sunt
1725 1641 1815 1667 cae-

309 1689 392 1724 lum
411 1699 487 1724 nec
507 1683 726 1730 infernum;
754 1688 910 1723 utinam
929 1686 1167 1723 conveniam
1187 1685 1412 1732 sapientes?

381 1742 432 1777 Et
449 1741 573 1778 abivit
591 1743 640 1777 ab
659 1738 746 1782 illis,
765 1748 807 1777 et
825 1740 1061 1787 quaesivitff
1066 1739 1169 1775 ‘Ubi
1188 1746 1283 1775 sunt
1300 1738 1502 1784 sapientes
1516 1737 1557 1774 ?’'

381 1795 430 1831 Et
448 1802 546 1830 tunc
567 1795 676 1830 visus
694 1801 754 1830 est
772 1806 795 1830 a
812 1794 986 1840 quodam
1009 1793 1150 1839 spiritu
1169 1792 1361 1839 angelico,
1380 1791 1448 1838 qui
1467 1791 1579 1831 dixit,
1593 1795 1614 1809 “
1629 1789 1814 1836 Pei-cipio

307 1848 415 1894 quod
437 1859 628 1884 accensus
649 1848 702 1883 sis
723 1847 925 1883 desiderio
943 1846 1096 1882 sciendi
1124 1845 1163 1881 id
1190 1846 1298 1892 quod
1322 1852 1383 1880 est
1405 1844 1627 1880 universale
1647 1843 1747 1879 caeli
1772 1849 1815 1879 et

307 1902 531 1937 universale
562 1900 725 1942 inferni:
760 1908 800 1936 et
830 1900 924 1946 quia
953 1900 1031 1935 hoc
1057 1906 1118 1935 est
1142 1898 1376 1945 jucundum,
1400 1897 1596 1933 deducam
1627 1903 1668 1932 te
1694 1907 1814 1942 super

306 1955 461 1995 collem,
481 1954 548 1989 ubi
570 1954 739 1989 cottidie
758 1954 1005 1990 conveniunt
1028 1953 1082 1988 illi
1105 1953 1172 1999 qui
1196 1952 1393 1987 rimantur
1410 1949 1586 1991 effectus,
1605 1957 1645 1986 et
1667 1950 1722 1985 illi
1745 1949 1813 1996 qui

308 2008 554 2054 investigant
575 2018 725 2047 causas,
748 2014 789 2042 et
815 2006 870 2041 illi
893 2006 961 2052 qui
983 2006 1194 2052 explorant
1216 2005 1333 2040 fines:
1364 2010 1458 2039 sunt
1478 2010 1560 2039 tres
1581 2009 1742 2043 coetus;
1772 2008 1814 2038 et

309 2061 363 2096 illi
385 2061 453 2107 qui
473 2061 667 2095 rimantur
684 2059 851 2095 effeetus
868 2066 1067 2094 vocantur
1082 2058 1247 2104 spiritus
1265 2056 1534 2097 scientiarum,
1554 2063 1595 2092 et
1615 2054 1814 2091 abstracte

308 2114 525 2155 Scientiae;
552 2120 593 2149 et
612 2113 667 2148 illi
686 2113 754 2159 qui
771 2112 1015 2158 investigant
1029 2122 1180 2151 causas,
1195 2117 1394 2146 vocantur
1407 2109 1569 2155 spiritus
1589 2108 1814 2155 intelligen-

306 2169 400 2209 tiae,
424 2167 621 2203 abstraRe
651 2166 969 2213 Intelligentiae;
1003 2173 1044 2201 et
1071 2165 1127 2200 illi
1154 2164 1222 2211 qui
1249 2165 1460 2210 explorant
1486 2163 1595 2201 fines.
1616 2169 1815 2198 vocantur

307 2221 469 2267 spiritus
484 2220 715 2267 sapientiae,
731 2218 928 2255 abstrat‘te
945 2218 1192 2264 Sapientiae:
1218 2217 1367 2253 directe
1386 2228 1506 2262 supra
1525 2217 1612 2252 illos
1632 2216 1670 2251 in
1689 2215 1812 2256 caelo,

307 2281 402 2310 sunt
415 2274 557 2321 angeli,
572 2274 640 2320 qui
659 2285 708 2309 ex
726 2273 872 2308 finibus
889 2272 1028 2308 vident
1042 2282 1182 2307 causas
1201 2277 1242 2306 et
1260 2281 1309 2306 ex
1327 2270 1456 2306 causis
1471 2268 1657 2310 effecftus,
1649 2281 1657 2288 ·
1683 2279 1732 2304 ex
1749 2268 1812 2304 his

307 2327 459 2374 angelis
477 2334 539 2363 est
556 2328 684 2363 tribus
705 2326 781 2362 illis
795 2326 977 2362 coetibus
998 2323 1246 2360 illustratios’

382 2380 452 2416 Ille
478 2387 576 2416 tunc
602 2380 789 2426 spiritum
811 2379 1010 2414 novitium
1033 2377 1288 2424 prehendens
1311 2387 1431 2411 manu
1454 2375 1568 2411 duxit
1589 2385 1710 2421 super
1729 2373 1812 2410 col-

308 2434 398 2474 lem,
421 2440 461 2469 et
482 2433 531 2468 ad
554 2441 714 2469 coetum
738 2433 806 2478 qui
829 2439 912 2468 erat
935 2443 984 2467 ex
1014 2431 1091 2466 illis
1112 2430 1179 2477 qui
1202 2430 1410 2476 explorant
1432 2429 1541 2469 fines,
1560 2435 1601 2464 et
1617 2434 1813 2463 vocantur

309 2486 547 2533 Sapientiae.
597 2486 672 2521 His
693 2486 805 2526 dixit,
829 2484 1067 2532 “Ignoscite
1089 2483 1196 2530 quod
1223 2483 1272 2518 ad
1299 2494 1372 2518 vos
1391 2481 1660 2518 ascenderim:
1692 2490 1812 2516 causa

308 2546 380 2580 est,
399 2539 492 2585 quia
517 2550 540 2574 a
566 2539 736 2585 pueritia
757 2538 974 2574 meditatus
996 2547 1083 2572 sum
1107 2536 1156 2572 de
1177 2536 1290 2572 caelo
1311 2542 1351 2571 et
1378 2535 1544 2575 inferno,
1566 2541 1607 2570 et
1637 2534 1676 2569 in
1704 2533 1812 2568 hune

308 2593 502 2627 mundum
525 2603 652 2638 nuper
672 2592 775 2631 veni,
795 2598 836 2627 et
857 2591 1019 2637 quidam
1043 2589 1140 2625 mihi
1162 2595 1261 2624 tunc
1281 2588 1467 2624 associati
1485 2588 1682 2627 dixerunt,
1701 2586 1810 2632 quod

307 2645 373 2681 hic
386 2646 538 2681 caelum
555 2646 607 2681 sit
622 2656 741 2691 supra
755 2652 875 2691 caput
888 2655 1035 2684 meum,
1050 2650 1091 2679 et
1109 2642 1306 2678 infernum
1325 2643 1399 2678 sub
1414 2642 1581 2687 pedibus
1594 2641 1714 2681 meis:
1739 2639 1810 2676 sed

307 2709 388 2734 non
407 2698 605 2738 dixerunt,
625 2699 722 2744 quid
741 2705 782 2733 et
803 2695 920 2743 quale
938 2707 1061 2732 unum
1083 2702 1124 2731 et
1149 2696 1342 2734 alterum:
1375 2705 1497 2741 quare
1523 2705 1571 2729 ex
1597 2699 1811 2729 constante

306 2752 553 2798 cogitatione
576 2752 626 2788 de
649 2752 728 2787 illis
750 2752 893 2787 anxius
914 2749 1040 2786 faCtus
1061 2749 1171 2785 oravi
1198 2749 1247 2784 ad
1277 2749 1428 2790 Deum;
1462 2754 1503 2784 et
1529 2754 1628 2783 tunc
1652 2747 1810 2782 adstitit

306 2806 481 2851 angelus,
508 2812 548 2841 et
574 2805 688 2845 dixit,
711 2804 894 2850 ‘Inquire
919 2810 961 2839 et
986 2803 1094 2838 disce
1120 2802 1215 2848 quid
1241 2802 1473 2848 jucundum,
1501 2807 1542 2836 et
1567 2798 1810 2847 cognosces!

309 2858 513 2904 Inquisivi,
529 2859 597 2894 sed
616 2858 750 2894 adhuc
769 2858 808 2892 in
827 2867 995 2893 vanum:
1019 2862 1114 2902 peto
1133 2855 1277 2902 itaque,
1291 2861 1346 2896 ut,
1361 2855 1393 2891 si
1411 2855 1520 2895 libet,
1537 2853 1716 2889 doceatis
1734 2863 1808 2894 me,

306 2911 402 2957 quid
420 2910 680 2957 jucunduml'

377 2964 442 2999 Ad
473 2965 571 3000 haec
598 2963 829 3010 Sapientiae
855 2939 1197 3009 respondebantst
1201 2960 1446 3008 ‘Jucundum
1474 2966 1534 2996 est
1559 2969 1680 2995 omne
1700 2958 1808 2994 vitae

306 3017 491 3053 omnibus
519 3017 558 3052 in
585 3017 708 3058 caelo,
736 3027 781 3052 ac
808 3027 928 3052 omne
953 3015 1060 3051 vitae
1081 3013 1268 3051 omnibus
1295 3014 1335 3049 in
1357 3013 1535 3050 inferno:
1569 3012 1645 3048 illis
1670 3012 1739 3059 qui
1766 3011 1807 3047 in
