<?xml version="1.0" encoding="UTF-8"?>
<!DOCTYPE html PUBLIC "-//W3C//DTD XHTML 1.0 Transitional//EN"
    "http://www.w3.org/TR/xhtml1/DTD/xhtml1-transitional.dtd">
<html xmlns="http://www.w3.org/1999/xhtml" xml:lang="en" lang="en">
 <head>
  <title>
</title>
<meta http-equiv="Content-Type" content="text/html;charset=utf-8" />
  <meta name='ocr-system' content='tesseract 3.04.00' />
  <meta name='ocr-capabilities' content='ocr_page ocr_carea ocr_par ocr_line ocrx_word'/>
</head>
<body>
  <div class='ocr_page' id='page_1' title='image "./deliciaesapienti00sweduoft_0404.png"; bbox 0 0 2014 3386; ppageno 0'>
   <div class='ocr_carea' id='block_1_1' title="bbox 328 359 1380 412">
    <p class='ocr_par' dir='ltr' id='par_1_1' title="bbox 328 359 1380 412">
     <span class='ocr_line' id='line_1_1' title="bbox 328 359 1380 412; baseline 0.002 -12"><span class='ocrx_word' id='word_1_1' title='bbox 328 359 409 412; x_wconf 86' lang='lat'>398</span> <span class='ocrx_word' id='word_1_2' title='bbox 769 367 1101 402; x_wconf 86' lang='lat' dir='ltr'>VOLUPTATES</span> <span class='ocrx_word' id='word_1_3' title='bbox 1133 368 1380 402; x_wconf 82' lang='lat' dir='ltr'>INSANIAE</span> 
     </span>
    </p>
   </div>
   <div class='ocr_carea' id='block_1_2' title="bbox 299 477 1822 3072">
    <p class='ocr_par' dir='ltr' id='par_1_2' title="bbox 323 477 1820 581">
     <span class='ocr_line' id='line_1_2' title="bbox 397 477 1820 532; baseline 0.006 -16"><span class='ocrx_word' id='word_1_4' title='bbox 397 477 615 527; x_wconf 88' lang='lat' dir='ltr'>Postquam</span> <span class='ocrx_word' id='word_1_5' title='bbox 638 481 688 517; x_wconf 92' lang='lat' dir='ltr'>ad</span> <span class='ocrx_word' id='word_1_6' title='bbox 709 481 808 518; x_wconf 88' lang='lat' dir='ltr'>haec</span> <span class='ocrx_word' id='word_1_7' title='bbox 824 488 866 518; x_wconf 90' lang='lat' dir='ltr'>et</span> <span class='ocrx_word' id='word_1_8' title='bbox 883 482 1029 518; x_wconf 86' lang='lat' dir='ltr'>similia</span> <span class='ocrx_word' id='word_1_9' title='bbox 1046 482 1251 519; x_wconf 88' lang='lat' dir='ltr'>solverunt</span> <span class='ocrx_word' id='word_1_10' title='bbox 1268 483 1498 526; x_wconf 86' lang='lat' dir='ltr'>cachinnos,</span> <span class='ocrx_word' id='word_1_11' title='bbox 1515 486 1706 532; x_wconf 87' lang='lat' dir='ltr'>quaesivi,</span> <span class='ocrx_word' id='word_1_12' title='bbox 1725 492 1820 523; x_wconf 84' lang='lat' dir='ltr'>num</span> 
     </span>
     <span class='ocr_line' id='line_1_3' title="bbox 323 534 1246 581; baseline 0.002 -11"><span class='ocrx_word' id='word_1_13' title='bbox 323 534 451 570; x_wconf 89' lang='lat' dir='ltr'>sciant</span> <span class='ocrx_word' id='word_1_14' title='bbox 468 546 518 570; x_wconf 92' lang='lat' dir='ltr'>ex</span> <span class='ocrx_word' id='word_1_15' title='bbox 535 535 679 581; x_wconf 91' lang='lat' dir='ltr'>quibus</span> <span class='ocrx_word' id='word_1_16' title='bbox 698 535 830 581; x_wconf 90' lang='lat' dir='ltr'>regnis</span> <span class='ocrx_word' id='word_1_17' title='bbox 849 535 888 579; x_wconf 85' lang='lat' dir='ltr'>in</span> <span class='ocrx_word' id='word_1_18' title='bbox 908 536 1060 571; x_wconf 90' lang='lat' dir='ltr'>mundo</span> <span class='ocrx_word' id='word_1_19' title='bbox 1078 536 1246 572; x_wconf 86' lang='lat' dir='ltr'>fuerant.</span> 
     </span>
    </p>

    <p class='ocr_par' dir='ltr' id='par_1_3' title="bbox 322 587 1822 687">
     <span class='ocr_line' id='line_1_4' title="bbox 394 587 1822 635; baseline 0.006 -13"><span class='ocrx_word' id='word_1_20' title='bbox 394 587 603 629; x_wconf 88' lang='lat' dir='ltr'>Dixerunt,</span> <span class='ocrx_word' id='word_1_21' title='bbox 621 588 729 634; x_wconf 92' lang='lat' dir='ltr'>quod</span> <span class='ocrx_word' id='word_1_22' title='bbox 748 599 797 624; x_wconf 90' lang='lat' dir='ltr'>ex</span> <span class='ocrx_word' id='word_1_23' title='bbox 813 589 943 630; x_wconf 89' lang='lat' dir='ltr'>variis,</span> <span class='ocrx_word' id='word_1_24' title='bbox 962 595 1003 625; x_wconf 92' lang='lat' dir='ltr'>et</span> <span class='ocrx_word' id='word_1_25' title='bbox 1021 590 1284 626; x_wconf 88' lang='lat' dir='ltr'>nominabant</span> <span class='ocrx_word' id='word_1_26' title='bbox 1299 589 1467 633; x_wconf 89' lang='lat' dir='ltr'>Italiam,</span> <span class='ocrx_word' id='word_1_27' title='bbox 1487 591 1709 635; x_wconf 88' lang='lat' dir='ltr'>Poloniam,</span> <span class='ocrx_word' id='word_1_28' title='bbox 1724 593 1822 630; x_wconf 91' lang='lat' dir='ltr'>Ger—</span> 
     </span>
     <span class='ocr_line' id='line_1_5' title="bbox 322 641 943 687; baseline 0.005 -12"><span class='ocrx_word' id='word_1_29' title='bbox 322 641 508 682; x_wconf 86' lang='lat' dir='ltr'>maniam,</span> <span class='ocrx_word' id='word_1_30' title='bbox 527 641 726 687; x_wconf 89' lang='lat' dir='ltr'>Angliam,</span> <span class='ocrx_word' id='word_1_31' title='bbox 746 641 943 678; x_wconf 85' lang='lat' dir='ltr'>Sueciam.</span> 
     </span>
    </p>

    <p class='ocr_par' dir='ltr' id='par_1_4' title="bbox 393 694 1632 741">
     <span class='ocr_line' id='line_1_6' title="bbox 393 694 1632 741; baseline 0.006 -13"><span class='ocrx_word' id='word_1_32' title='bbox 393 694 443 729; x_wconf 93' lang='lat' dir='ltr'>Et</span> <span class='ocrx_word' id='word_1_33' title='bbox 460 694 639 740; x_wconf 90' lang='lat' dir='ltr'>quaesivi</span> <span class='ocrx_word' id='word_1_34' title='bbox 658 705 755 730; x_wconf 91' lang='lat' dir='ltr'>num</span> <span class='ocrx_word' id='word_1_35' title='bbox 773 695 946 741; x_wconf 90' lang='lat' dir='ltr'>aliquem</span> <span class='ocrx_word' id='word_1_36' title='bbox 966 695 1071 732; x_wconf 89' lang='lat' dir='ltr'>inter</span> <span class='ocrx_word' id='word_1_37' title='bbox 1086 706 1130 732; x_wconf 90' lang='lat' dir='ltr'>se</span> <span class='ocrx_word' id='word_1_38' title='bbox 1145 696 1322 732; x_wconf 88' lang='lat' dir='ltr'>viderint</span> <span class='ocrx_word' id='word_1_39' title='bbox 1338 707 1388 733; x_wconf 86' lang='lat' dir='ltr'>ex</span> <span class='ocrx_word' id='word_1_40' title='bbox 1403 696 1632 735; x_wconf 88' lang='lat' dir='ltr'>Hollandia.</span> 
     </span>
    </p>

    <p class='ocr_par' dir='ltr' id='par_1_5' title="bbox 394 747 951 794">
     <span class='ocr_line' id='line_1_7' title="bbox 394 747 951 794; baseline 0.004 -12"><span class='ocrx_word' id='word_1_41' title='bbox 394 747 444 782; x_wconf 92' lang='lat' dir='ltr'>Et</span> <span class='ocrx_word' id='word_1_42' title='bbox 459 747 645 783; x_wconf 89' lang='lat' dir='ltr'>dixerunt</span> <span class='ocrx_word' id='word_1_43' title='bbox 663 759 744 783; x_wconf 92' lang='lat' dir='ltr'>non</span> <span class='ocrx_word' id='word_1_44' title='bbox 762 748 951 794; x_wconf 86' lang='lat' dir='ltr'>aliquem.</span> 
     </span>
    </p>

    <p class='ocr_par' dir='ltr' id='par_1_6' title="bbox 319 800 1820 901">
     <span class='ocr_line' id='line_1_8' title="bbox 392 800 1820 851; baseline 0.005 -16"><span class='ocrx_word' id='word_1_45' title='bbox 392 800 494 835; x_wconf 87' lang='lat' dir='ltr'>Post</span> <span class='ocrx_word' id='word_1_46' title='bbox 515 800 615 836; x_wconf 90' lang='lat' dir='ltr'>haec</span> <span class='ocrx_word' id='word_1_47' title='bbox 635 801 816 836; x_wconf 89' lang='lat' dir='ltr'>converti</span> <span class='ocrx_word' id='word_1_48' title='bbox 839 812 1066 837; x_wconf 90' lang='lat' dir='ltr'>sermonem</span> <span class='ocrx_word' id='word_1_49' title='bbox 1088 802 1138 837; x_wconf 88' lang='lat' dir='ltr'>ad</span> <span class='ocrx_word' id='word_1_50' title='bbox 1165 802 1278 843; x_wconf 90' lang='lat' dir='ltr'>seria,</span> <span class='ocrx_word' id='word_1_51' title='bbox 1297 809 1338 838; x_wconf 91' lang='lat' dir='ltr'>et</span> <span class='ocrx_word' id='word_1_52' title='bbox 1365 803 1619 851; x_wconf 84' lang='lat' dir='ltr'>interrogavi,</span> <span class='ocrx_word' id='word_1_53' title='bbox 1636 816 1730 841; x_wconf 89' lang='lat' dir='ltr'>num</span> <span class='ocrx_word' id='word_1_54' title='bbox 1753 817 1820 843; x_wconf 89' lang='lat' dir='ltr'>us—</span> 
     </span>
     <span class='ocr_line' id='line_1_9' title="bbox 319 853 1418 901; baseline 0.005 -14"><span class='ocrx_word' id='word_1_55' title='bbox 319 864 438 899; x_wconf 88' lang='lat' dir='ltr'>quam</span> <span class='ocrx_word' id='word_1_56' title='bbox 453 853 719 900; x_wconf 87' lang='lat' dir='ltr'>cogitaverint</span> <span class='ocrx_word' id='word_1_57' title='bbox 737 855 846 900; x_wconf 93' lang='lat' dir='ltr'>quod</span> <span class='ocrx_word' id='word_1_58' title='bbox 864 855 1107 890; x_wconf 86' lang='lat' dir='ltr'>adulterium</span> <span class='ocrx_word' id='word_1_59' title='bbox 1126 855 1178 891; x_wconf 91' lang='lat' dir='ltr'>sit</span> <span class='ocrx_word' id='word_1_60' title='bbox 1196 863 1418 901; x_wconf 90' lang='lat' dir='ltr'>peccatum.</span> 
     </span>
    </p>

    <p class='ocr_par' dir='ltr' id='par_1_7' title="bbox 392 906 1654 956">
     <span class='ocr_line' id='line_1_10' title="bbox 392 906 1654 956; baseline 0.004 -15"><span class='ocrx_word' id='word_1_61' title='bbox 392 907 714 952; x_wconf 85' lang='lat' dir='ltr'>Responderunt,</span> <span class='ocrx_word' id='word_1_62' title='bbox 734 912 754 925; x_wconf 85' lang='lat'>‘¹</span> <span class='ocrx_word' id='word_1_63' title='bbox 768 906 873 954; x_wconf 92' lang='lat' dir='ltr'>Quid</span> <span class='ocrx_word' id='word_1_64' title='bbox 894 908 1132 954; x_wconf 84' lang='lat' dir='ltr'>peccatum?</span> <span class='ocrx_word' id='word_1_65' title='bbox 1157 920 1238 944; x_wconf 89' lang='lat' dir='ltr'>non</span> <span class='ocrx_word' id='word_1_66' title='bbox 1256 910 1405 945; x_wconf 88' lang='lat' dir='ltr'>scimus</span> <span class='ocrx_word' id='word_1_67' title='bbox 1422 909 1520 956; x_wconf 90' lang='lat' dir='ltr'>quid</span> <span class='ocrx_word' id='word_1_68' title='bbox 1539 910 1654 947; x_wconf 87' lang='lat' dir='ltr'>hoc.”</span> 
     </span>
    </p>

    <p class='ocr_par' dir='ltr' id='par_1_8' title="bbox 317 959 1816 1061">
     <span class='ocr_line' id='line_1_11' title="bbox 392 959 1816 1009; baseline 0.005 -15"><span class='ocrx_word' id='word_1_69' title='bbox 392 959 653 1006; x_wconf 87' lang='lat' dir='ltr'>Interrogavi,</span> <span class='ocrx_word' id='word_1_70' title='bbox 681 971 777 995; x_wconf 89' lang='lat' dir='ltr'>num</span> <span class='ocrx_word' id='word_1_71' title='bbox 811 972 980 1007; x_wconf 89' lang='lat' dir='ltr'>usquam</span> <span class='ocrx_word' id='word_1_72' title='bbox 1011 962 1269 997; x_wconf 87' lang='lat' dir='ltr'>meminerint</span> <span class='ocrx_word' id='word_1_73' title='bbox 1298 963 1406 1009; x_wconf 92' lang='lat' dir='ltr'>quod</span> <span class='ocrx_word' id='word_1_74' title='bbox 1435 964 1678 1000; x_wconf 84' lang='lat' dir='ltr'>adulterium</span> <span class='ocrx_word' id='word_1_75' title='bbox 1708 971 1816 1002; x_wconf 88' lang='lat' dir='ltr'>esset</span> 
     </span>
     <span class='ocr_line' id='line_1_12' title="bbox 317 1014 1126 1061; baseline 0.004 -14"><span class='ocrx_word' id='word_1_76' title='bbox 317 1019 460 1048; x_wconf 91' lang='lat' dir='ltr'>contra</span> <span class='ocrx_word' id='word_1_77' title='bbox 477 1019 635 1048; x_wconf 83' lang='lat' dir='ltr'>sextum</span> <span class='ocrx_word' id='word_1_78' title='bbox 654 1020 913 1059; x_wconf 91' lang='lat' dir='ltr'>praeceptum</span> <span class='ocrx_word' id='word_1_79' title='bbox 932 1014 1126 1061; x_wconf 89' lang='lat' dir='ltr'>decalogi.</span> 
     </span>
    </p>

    <p class='ocr_par' dir='ltr' id='par_1_9' title="bbox 315 1065 1816 1165">
     <span class='ocr_line' id='line_1_13' title="bbox 390 1065 1816 1118; baseline 0.005 -18"><span class='ocrx_word' id='word_1_80' title='bbox 390 1065 711 1112; x_wconf 87' lang='lat' dir='ltr'>Responderunt,</span> <span class='ocrx_word' id='word_1_81' title='bbox 728 1071 747 1085; x_wconf 89' lang='lat'><strong>“</strong></span> <span class='ocrx_word' id='word_1_82' title='bbox 760 1066 867 1114; x_wconf 92' lang='lat' dir='ltr'>Quid</span> <span class='ocrx_word' id='word_1_83' title='bbox 883 1067 1125 1113; x_wconf 89' lang='lat' dir='ltr'>decalogus?</span> <span class='ocrx_word' id='word_1_84' title='bbox 1146 1075 1260 1104; x_wconf 90' lang='lat' dir='ltr'>estne</span> <span class='ocrx_word' id='word_1_85' title='bbox 1276 1067 1506 1106; x_wconf 87' lang='lat' dir='ltr'>Catechesis</span> <span class='ocrx_word' id='word_1_86' title='bbox 1517 1069 1535 1106; x_wconf 90' lang='lat'><strong>?</strong></span> <span class='ocrx_word' id='word_1_87' title='bbox 1578 1069 1686 1118; x_wconf 89' lang='lat' dir='ltr'>Quid</span> <span class='ocrx_word' id='word_1_88' title='bbox 1700 1071 1816 1108; x_wconf 89' lang='lat' dir='ltr'>nobis</span> 
     </span>
     <span class='ocr_line' id='line_1_14' title="bbox 315 1118 1037 1165; baseline 0.003 -12"><span class='ocrx_word' id='word_1_89' title='bbox 315 1118 410 1154; x_wconf 89' lang='lat' dir='ltr'>viris</span> <span class='ocrx_word' id='word_1_90' title='bbox 431 1129 522 1154; x_wconf 91' lang='lat' dir='ltr'>cum</span> <span class='ocrx_word' id='word_1_91' title='bbox 544 1119 685 1165; x_wconf 91' lang='lat' dir='ltr'>puerili</span> <span class='ocrx_word' id='word_1_92' title='bbox 709 1119 776 1155; x_wconf 93' lang='lat' dir='ltr'>illo</span> <span class='ocrx_word' id='word_1_93' title='bbox 797 1120 984 1155; x_wconf 87' lang='lat' dir='ltr'>codicillo</span> <span class='ocrx_word' id='word_1_94' title='bbox 997 1119 1037 1156; x_wconf 71' lang='lat'>‚²¹¹</span> 
     </span>
    </p>

    <p class='ocr_par' dir='ltr' id='par_1_10' title="bbox 390 1171 1666 1221">
     <span class='ocr_line' id='line_1_15' title="bbox 390 1171 1666 1221; baseline 0.005 -15"><span class='ocrx_word' id='word_1_95' title='bbox 390 1171 651 1218; x_wconf 84' lang='lat' dir='ltr'>Interrogavi,</span> <span class='ocrx_word' id='word_1_96' title='bbox 672 1183 767 1207; x_wconf 91' lang='lat' dir='ltr'>num</span> <span class='ocrx_word' id='word_1_97' title='bbox 785 1184 954 1218; x_wconf 87' lang='lat' dir='ltr'>usquam</span> <span class='ocrx_word' id='word_1_98' title='bbox 977 1173 1242 1219; x_wconf 87' lang='lat' dir='ltr'>cogitaverint</span> <span class='ocrx_word' id='word_1_99' title='bbox 1259 1174 1410 1221; x_wconf 90' lang='lat' dir='ltr'>aliquid</span> <span class='ocrx_word' id='word_1_100' title='bbox 1429 1175 1479 1211; x_wconf 92' lang='lat' dir='ltr'>de</span> <span class='ocrx_word' id='word_1_101' title='bbox 1498 1175 1666 1213; x_wconf 79' lang='lat' dir='ltr'>inferno.</span> 
     </span>
    </p>

    <p class='ocr_par' dir='ltr' id='par_1_11' title="bbox 389 1219 1474 1271">
     <span class='ocr_line' id='line_1_16' title="bbox 389 1219 1474 1271; baseline 0.003 -12"><span class='ocrx_word' id='word_1_102' title='bbox 389 1223 711 1269; x_wconf 89' lang='lat' dir='ltr'>Responderunt,</span> <span class='ocrx_word' id='word_1_103' title='bbox 732 1219 863 1271; x_wconf 87' lang='lat' dir='ltr'>“Quis</span> <span class='ocrx_word' id='word_1_104' title='bbox 883 1225 975 1260; x_wconf 91' lang='lat' dir='ltr'>inde</span> <span class='ocrx_word' id='word_1_105' title='bbox 994 1226 1176 1261; x_wconf 89' lang='lat' dir='ltr'>ascendit</span> <span class='ocrx_word' id='word_1_106' title='bbox 1194 1233 1235 1261; x_wconf 92' lang='lat' dir='ltr'>et</span> <span class='ocrx_word' id='word_1_107' title='bbox 1249 1227 1423 1262; x_wconf 90' lang='lat' dir='ltr'>narravit</span> <span class='ocrx_word' id='word_1_108' title='bbox 1433 1227 1474 1262; x_wconf 87' lang='lat'>?”</span> 
     </span>
    </p>

    <p class='ocr_par' dir='ltr' id='par_1_12' title="bbox 315 1277 1814 1366">
     <span class='ocr_line' id='line_1_17' title="bbox 388 1277 1814 1327; baseline 0.004 -15"><span class='ocrx_word' id='word_1_109' title='bbox 388 1277 646 1324; x_wconf 89' lang='lat' dir='ltr'>Interrogavi,</span> <span class='ocrx_word' id='word_1_110' title='bbox 662 1289 757 1312; x_wconf 93' lang='lat' dir='ltr'>num</span> <span class='ocrx_word' id='word_1_111' title='bbox 771 1278 922 1324; x_wconf 88' lang='lat' dir='ltr'>aliquid</span> <span class='ocrx_word' id='word_1_112' title='bbox 943 1278 982 1313; x_wconf 94' lang='lat' dir='ltr'>in</span> <span class='ocrx_word' id='word_1_113' title='bbox 998 1279 1148 1314; x_wconf 92' lang='lat' dir='ltr'>mundo</span> <span class='ocrx_word' id='word_1_114' title='bbox 1160 1280 1427 1326; x_wconf 89' lang='lat' dir='ltr'>cogitaverint</span> <span class='ocrx_word' id='word_1_115' title='bbox 1440 1280 1490 1316; x_wconf 92' lang='lat' dir='ltr'>de</span> <span class='ocrx_word' id='word_1_116' title='bbox 1507 1280 1591 1316; x_wconf 89' lang='lat' dir='ltr'>vita</span> <span class='ocrx_word' id='word_1_117' title='bbox 1603 1287 1696 1327; x_wconf 90' lang='lat' dir='ltr'>post</span> <span class='ocrx_word' id='word_1_118' title='bbox 1709 1291 1814 1318; x_wconf 89' lang='lat' dir='ltr'>mor·</span> 
     </span>
     <span class='ocr_line' id='line_1_18' title="bbox 315 1335 700 1366; baseline 0 -1"><span class='ocrx_word' id='word_1_119' title='bbox 315 1335 411 1366; x_wconf 85' lang='lat' dir='ltr'>tem.</span> <span class='ocrx_word' id='word_1_120' title='bbox 690 1347 700 1350; x_wconf 93' lang='lat'><em>·</em></span> 
     </span>
    </p>

    <p class='ocr_par' dir='ltr' id='par_1_13' title="bbox 314 1377 1812 1482">
     <span class='ocr_line' id='line_1_19' title="bbox 387 1377 1812 1433; baseline 0.005 -16"><span class='ocrx_word' id='word_1_121' title='bbox 387 1382 596 1423; x_wconf 88' lang='lat' dir='ltr'>Dixerunt,</span> <span class='ocrx_word' id='word_1_122' title='bbox 616 1382 785 1418; x_wconf 87' lang='lat' dir='ltr'>“Simile</span> <span class='ocrx_word' id='word_1_123' title='bbox 803 1384 911 1429; x_wconf 93' lang='lat' dir='ltr'>quod</span> <span class='ocrx_word' id='word_1_124' title='bbox 931 1383 980 1419; x_wconf 91' lang='lat' dir='ltr'>de</span> <span class='ocrx_word' id='word_1_125' title='bbox 998 1377 1147 1425; x_wconf 82' lang='lat' dir='ltr'>bestiis,</span> <span class='ocrx_word' id='word_1_126' title='bbox 1166 1390 1208 1420; x_wconf 89' lang='lat' dir='ltr'>et</span> <span class='ocrx_word' id='word_1_127' title='bbox 1227 1385 1470 1432; x_wconf 91' lang='lat' dir='ltr'>quandoque</span> <span class='ocrx_word' id='word_1_128' title='bbox 1487 1385 1617 1422; x_wconf 90' lang='lat' dir='ltr'>simile</span> <span class='ocrx_word' id='word_1_129' title='bbox 1633 1386 1743 1433; x_wconf 89' lang='lat' dir='ltr'>quod</span> <span class='ocrx_word' id='word_1_130' title='bbox 1761 1387 1812 1424; x_wconf 89' lang='lat' dir='ltr'>de</span> 
     </span>
     <span class='ocr_line' id='line_1_20' title="bbox 314 1435 1466 1482; baseline 0.003 -11"><span class='ocrx_word' id='word_1_131' title='bbox 314 1435 444 1477; x_wconf 86' lang='lat' dir='ltr'>larvis,</span> <span class='ocrx_word' id='word_1_132' title='bbox 463 1447 564 1482; x_wconf 91' lang='lat' dir='ltr'>quae</span> <span class='ocrx_word' id='word_1_133' title='bbox 582 1435 614 1472; x_wconf 91' lang='lat' dir='ltr'>si</span> <span class='ocrx_word' id='word_1_134' title='bbox 633 1447 682 1471; x_wconf 89' lang='lat' dir='ltr'>ex</span> <span class='ocrx_word' id='word_1_135' title='bbox 698 1437 960 1472; x_wconf 89' lang='lat' dir='ltr'>cadaveribus</span> <span class='ocrx_word' id='word_1_136' title='bbox 977 1437 1225 1478; x_wconf 87' lang='lat' dir='ltr'>exhalantur,</span> <span class='ocrx_word' id='word_1_137' title='bbox 1245 1438 1466 1474; x_wconf 85' lang='lat' dir='ltr'>diffluunt.&#39;&#39;</span> 
     </span>
    </p>

    <p class='ocr_par' dir='ltr' id='par_1_14' title="bbox 311 1488 1811 1578">
     <span class='ocr_line' id='line_1_21' title="bbox 385 1488 1811 1538; baseline 0.004 -15"><span class='ocrx_word' id='word_1_138' title='bbox 385 1488 512 1524; x_wconf 89' lang='lat' dir='ltr'>Porro</span> <span class='ocrx_word' id='word_1_139' title='bbox 530 1489 784 1536; x_wconf 89' lang='lat' dir='ltr'>interrogavi,</span> <span class='ocrx_word' id='word_1_140' title='bbox 804 1501 954 1525; x_wconf 90' lang='lat' dir='ltr'>numne</span> <span class='ocrx_word' id='word_1_141' title='bbox 972 1490 1022 1526; x_wconf 89' lang='lat' dir='ltr'>de</span> <span class='ocrx_word' id='word_1_142' title='bbox 1040 1490 1102 1526; x_wconf 92' lang='lat' dir='ltr'>his</span> <span class='ocrx_word' id='word_1_143' title='bbox 1124 1497 1165 1526; x_wconf 88' lang='lat' dir='ltr'>et</span> <span class='ocrx_word' id='word_1_144' title='bbox 1186 1491 1264 1527; x_wconf 90' lang='lat' dir='ltr'>illis</span> <span class='ocrx_word' id='word_1_145' title='bbox 1280 1491 1442 1538; x_wconf 89' lang='lat' dir='ltr'>aliquod</span> <span class='ocrx_word' id='word_1_146' title='bbox 1461 1492 1686 1528; x_wconf 88' lang='lat' dir='ltr'>audiverint</span> <span class='ocrx_word' id='word_1_147' title='bbox 1700 1501 1730 1528; x_wconf 80' lang='lat' dir='ltr'>-a</span> <span class='ocrx_word' id='word_1_148' title='bbox 1748 1503 1811 1529; x_wconf 88' lang='lat' dir='ltr'>sa—</span> 
     </span>
     <span class='ocr_line' id='line_1_22' title="bbox 311 1542 553 1578; baseline 0.004 -1"><span class='ocrx_word' id='word_1_149' title='bbox 311 1542 553 1578; x_wconf 91' lang='lat' dir='ltr'>cerdotibus.</span> 
     </span>
    </p>

    <p class='ocr_par' dir='ltr' id='par_1_15' title="bbox 311 1595 1809 1695">
     <span class='ocr_line' id='line_1_23' title="bbox 384 1595 1809 1644; baseline 0.004 -14"><span class='ocrx_word' id='word_1_150' title='bbox 384 1595 695 1641; x_wconf 88' lang='lat' dir='ltr'>Responderunt</span> <span class='ocrx_word' id='word_1_151' title='bbox 716 1595 824 1642; x_wconf 93' lang='lat' dir='ltr'>quod</span> <span class='ocrx_word' id='word_1_152' title='bbox 846 1596 970 1631; x_wconf 91' lang='lat' dir='ltr'>modo</span> <span class='ocrx_word' id='word_1_153' title='bbox 990 1596 1235 1632; x_wconf 86' lang='lat' dir='ltr'>attenderint</span> <span class='ocrx_word' id='word_1_154' title='bbox 1262 1597 1313 1632; x_wconf 91' lang='lat' dir='ltr'>ad</span> <span class='ocrx_word' id='word_1_155' title='bbox 1339 1607 1483 1634; x_wconf 91' lang='lat' dir='ltr'>sonum</span> <span class='ocrx_word' id='word_1_156' title='bbox 1505 1598 1690 1644; x_wconf 90' lang='lat' dir='ltr'>loquelae</span> <span class='ocrx_word' id='word_1_157' title='bbox 1721 1598 1809 1635; x_wconf 91' lang='lat' dir='ltr'>illo-</span> 
     </span>
     <span class='ocr_line' id='line_1_24' title="bbox 311 1648 1126 1695; baseline 0.004 -13"><span class='ocrx_word' id='word_1_158' title='bbox 311 1659 409 1688; x_wconf 91' lang='lat' dir='ltr'>rum,</span> <span class='ocrx_word' id='word_1_159' title='bbox 428 1655 469 1683; x_wconf 92' lang='lat' dir='ltr'>et</span> <span class='ocrx_word' id='word_1_160' title='bbox 487 1659 567 1683; x_wconf 94' lang='lat' dir='ltr'>non</span> <span class='ocrx_word' id='word_1_161' title='bbox 586 1648 637 1683; x_wconf 91' lang='lat' dir='ltr'>ad</span> <span class='ocrx_word' id='word_1_162' title='bbox 655 1659 750 1689; x_wconf 90' lang='lat' dir='ltr'>rem,</span> <span class='ocrx_word' id='word_1_163' title='bbox 770 1653 791 1666; x_wconf 88' lang='lat'><strong>“</strong></span> <span class='ocrx_word' id='word_1_164' title='bbox 803 1655 844 1684; x_wconf 90' lang='lat' dir='ltr'>et</span> <span class='ocrx_word' id='word_1_165' title='bbox 861 1649 957 1695; x_wconf 92' lang='lat' dir='ltr'>quid</span> <span class='ocrx_word' id='word_1_166' title='bbox 976 1649 1075 1684; x_wconf 88' lang='lat' dir='ltr'>haec</span> <span class='ocrx_word' id='word_1_167' title='bbox 1087 1649 1126 1685; x_wconf 88' lang='lat'>?”</span> 
     </span>
    </p>

    <p class='ocr_par' dir='ltr' id='par_1_16' title="bbox 310 1700 1805 1801">
     <span class='ocr_line' id='line_1_25' title="bbox 383 1700 1805 1747; baseline 0.004 -12"><span class='ocrx_word' id='word_1_168' title='bbox 383 1701 441 1736; x_wconf 79' lang='lat' dir='ltr'>Ex</span> <span class='ocrx_word' id='word_1_169' title='bbox 462 1701 524 1736; x_wconf 87' lang='lat' dir='ltr'>his</span> <span class='ocrx_word' id='word_1_170' title='bbox 542 1700 789 1747; x_wconf 53' lang='lat' dir='ltr'>stupefactus</span> <span class='ocrx_word' id='word_1_171' title='bbox 807 1701 889 1736; x_wconf 84' lang='lat' dir='ltr'>dixi</span> <span class='ocrx_word' id='word_1_172' title='bbox 911 1702 961 1737; x_wconf 92' lang='lat' dir='ltr'>ad</span> <span class='ocrx_word' id='word_1_173' title='bbox 985 1702 1085 1743; x_wconf 90' lang='lat' dir='ltr'>illos,</span> <span class='ocrx_word' id='word_1_174' title='bbox 1105 1707 1125 1721; x_wconf 91' lang='lat'><strong>“</strong></span> <span class='ocrx_word' id='word_1_175' title='bbox 1138 1701 1374 1739; x_wconf 89' lang='lat' dir='ltr'>Convertite</span> <span class='ocrx_word' id='word_1_176' title='bbox 1391 1702 1534 1739; x_wconf 82' lang='lat' dir='ltr'>faciem</span> <span class='ocrx_word' id='word_1_177' title='bbox 1549 1710 1590 1739; x_wconf 92' lang='lat' dir='ltr'>et</span> <span class='ocrx_word' id='word_1_178' title='bbox 1610 1703 1736 1739; x_wconf 90' lang='lat' dir='ltr'>aciem</span> <span class='ocrx_word' id='word_1_179' title='bbox 1754 1704 1805 1740; x_wconf 91' lang='lat' dir='ltr'>ad</span> 
     </span>
     <span class='ocr_line' id='line_1_26' title="bbox 310 1754 1268 1801; baseline 0.003 -13"><span class='ocrx_word' id='word_1_180' title='bbox 310 1754 485 1789; x_wconf 89' lang='lat' dir='ltr'>medium</span> <span class='ocrx_word' id='word_1_181' title='bbox 505 1754 640 1795; x_wconf 89' lang='lat' dir='ltr'>silvae,</span> <span class='ocrx_word' id='word_1_182' title='bbox 659 1754 727 1789; x_wconf 91' lang='lat' dir='ltr'>ubi</span> <span class='ocrx_word' id='word_1_183' title='bbox 745 1765 925 1795; x_wconf 90' lang='lat' dir='ltr'>caverna,</span> <span class='ocrx_word' id='word_1_184' title='bbox 946 1755 985 1789; x_wconf 90' lang='lat' dir='ltr'>in</span> <span class='ocrx_word' id='word_1_185' title='bbox 1004 1766 1083 1801; x_wconf 90' lang='lat' dir='ltr'>qua</span> <span class='ocrx_word' id='word_1_186' title='bbox 1100 1754 1268 1792; x_wconf 85' lang='lat' dir='ltr'>fuistis.”</span> 
     </span>
    </p>

    <p class='ocr_par' dir='ltr' id='par_1_17' title="bbox 308 1806 1806 1958">
     <span class='ocr_line' id='line_1_27' title="bbox 382 1806 1805 1855; baseline 0.003 -14"><span class='ocrx_word' id='word_1_187' title='bbox 382 1806 433 1841; x_wconf 89' lang='lat' dir='ltr'>Et</span> <span class='ocrx_word' id='word_1_188' title='bbox 447 1814 731 1842; x_wconf 91' lang='lat' dir='ltr'>converterunt</span> <span class='ocrx_word' id='word_1_189' title='bbox 749 1818 802 1848; x_wconf 92' lang='lat' dir='ltr'>se,</span> <span class='ocrx_word' id='word_1_190' title='bbox 816 1818 862 1843; x_wconf 95' lang='lat' dir='ltr'>ac</span> <span class='ocrx_word' id='word_1_191' title='bbox 878 1808 1068 1843; x_wconf 91' lang='lat' dir='ltr'>viderunt</span> <span class='ocrx_word' id='word_1_192' title='bbox 1082 1819 1271 1855; x_wconf 87' lang='lat' dir='ltr'>magnum</span> <span class='ocrx_word' id='word_1_193' title='bbox 1288 1808 1398 1843; x_wconf 90' lang='lat' dir='ltr'>illum</span> <span class='ocrx_word' id='word_1_194' title='bbox 1414 1815 1640 1855; x_wconf 88' lang='lat' dir='ltr'>serpentem</span> <span class='ocrx_word' id='word_1_195' title='bbox 1655 1809 1805 1845; x_wconf 89' lang='lat' dir='ltr'>circum</span> 
     </span>
     <span class='ocr_line' id='line_1_28' title="bbox 309 1859 1806 1909; baseline 0.003 -16"><span class='ocrx_word' id='word_1_196' title='bbox 309 1859 414 1894; x_wconf 86' lang='lat' dir='ltr'>illam</span> <span class='ocrx_word' id='word_1_197' title='bbox 428 1859 574 1894; x_wconf 87' lang='lat' dir='ltr'>flexum</span> <span class='ocrx_word' id='word_1_198' title='bbox 594 1860 633 1894; x_wconf 92' lang='lat' dir='ltr'>in</span> <span class='ocrx_word' id='word_1_199' title='bbox 649 1860 807 1906; x_wconf 90' lang='lat' dir='ltr'>spiram,</span> <span class='ocrx_word' id='word_1_200' title='bbox 822 1871 868 1896; x_wconf 90' lang='lat' dir='ltr'>ac</span> <span class='ocrx_word' id='word_1_201' title='bbox 887 1860 1155 1897; x_wconf 88' lang='lat' dir='ltr'>insufflantem</span> <span class='ocrx_word' id='word_1_202' title='bbox 1169 1872 1382 1903; x_wconf 89' lang='lat' dir='ltr'>venenum,</span> <span class='ocrx_word' id='word_1_203' title='bbox 1397 1869 1437 1898; x_wconf 91' lang='lat' dir='ltr'>et</span> <span class='ocrx_word' id='word_1_204' title='bbox 1454 1873 1613 1909; x_wconf 91' lang='lat' dir='ltr'>quoque</span> <span class='ocrx_word' id='word_1_205' title='bbox 1627 1862 1806 1899; x_wconf 81' lang='lat' dir='ltr'>funestas</span> 
     </span>
     <span class='ocr_line' id='line_1_29' title="bbox 308 1912 879 1958; baseline 0.004 -11"><span class='ocrx_word' id='word_1_206' title='bbox 308 1923 401 1947; x_wconf 90' lang='lat' dir='ltr'>aves</span> <span class='ocrx_word' id='word_1_207' title='bbox 421 1912 459 1946; x_wconf 93' lang='lat' dir='ltr'>in</span> <span class='ocrx_word' id='word_1_208' title='bbox 479 1912 599 1947; x_wconf 91' lang='lat' dir='ltr'>ramis</span> <span class='ocrx_word' id='word_1_209' title='bbox 618 1924 737 1958; x_wconf 89' lang='lat' dir='ltr'>supra</span> <span class='ocrx_word' id='word_1_210' title='bbox 755 1913 879 1949; x_wconf 90' lang='lat' dir='ltr'>illum.</span> 
     </span>
    </p>

    <p class='ocr_par' dir='ltr' id='par_1_18' title="bbox 380 1965 1013 2012">
     <span class='ocr_line' id='line_1_30' title="bbox 380 1965 1013 2012; baseline 0.003 -13"><span class='ocrx_word' id='word_1_211' title='bbox 380 1965 431 2000; x_wconf 89' lang='lat' dir='ltr'>Et</span> <span class='ocrx_word' id='word_1_212' title='bbox 448 1965 638 2011; x_wconf 90' lang='lat' dir='ltr'>quaesivi,</span> <span class='ocrx_word' id='word_1_213' title='bbox 657 1971 677 1984; x_wconf 91' lang='lat'><em>“</em></span> <span class='ocrx_word' id='word_1_214' title='bbox 690 1965 796 2012; x_wconf 89' lang='lat' dir='ltr'>Quid</span> <span class='ocrx_word' id='word_1_215' title='bbox 814 1965 961 2001; x_wconf 89' lang='lat' dir='ltr'>videtis</span> <span class='ocrx_word' id='word_1_216' title='bbox 972 1965 1013 2002; x_wconf 88' lang='lat'>?&#39;&#39;</span> 
     </span>
    </p>

    <p class='ocr_par' dir='ltr' id='par_1_19' title="bbox 377 2017 1156 2064">
     <span class='ocr_line' id='line_1_31' title="bbox 377 2017 1156 2064; baseline 0.003 -12"><span class='ocrx_word' id='word_1_217' title='bbox 377 2017 455 2053; x_wconf 91' lang='lat' dir='ltr'>Sed</span> <span class='ocrx_word' id='word_1_218' title='bbox 473 2018 602 2053; x_wconf 90' lang='lat' dir='ltr'>territi</span> <span class='ocrx_word' id='word_1_219' title='bbox 621 2017 714 2053; x_wconf 55' lang='lat' dir='ltr'>faeti</span> <span class='ocrx_word' id='word_1_220' title='bbox 732 2018 832 2053; x_wconf 90' lang='lat' dir='ltr'>nihil</span> <span class='ocrx_word' id='word_1_221' title='bbox 851 2019 1156 2064; x_wconf 88' lang='lat' dir='ltr'>responderunt.</span> 
     </span>
    </p>

    <p class='ocr_par' dir='ltr' id='par_1_20' title="bbox 305 2070 1804 2171">
     <span class='ocr_line' id='line_1_32' title="bbox 379 2070 1804 2120; baseline 0.004 -15"><span class='ocrx_word' id='word_1_222' title='bbox 379 2070 430 2105; x_wconf 92' lang='lat' dir='ltr'>Et</span> <span class='ocrx_word' id='word_1_223' title='bbox 448 2070 541 2111; x_wconf 90' lang='lat' dir='ltr'>dixi,</span> <span class='ocrx_word' id='word_1_224' title='bbox 554 2075 574 2089; x_wconf 75' lang='lat'>‘¹</span> <span class='ocrx_word' id='word_1_225' title='bbox 585 2070 806 2106; x_wconf 89' lang='lat' dir='ltr'>Vidistisne</span> <span class='ocrx_word' id='word_1_226' title='bbox 820 2071 1066 2107; x_wconf 89' lang='lat' dir='ltr'>horrendum</span> <span class='ocrx_word' id='word_1_227' title='bbox 1081 2072 1097 2107; x_wconf 91' lang='lat'>?</span> <span class='ocrx_word' id='word_1_228' title='bbox 1119 2072 1274 2114; x_wconf 91' lang='lat' dir='ltr'>scitote,</span> <span class='ocrx_word' id='word_1_229' title='bbox 1288 2072 1396 2119; x_wconf 92' lang='lat' dir='ltr'>quod</span> <span class='ocrx_word' id='word_1_230' title='bbox 1415 2072 1492 2108; x_wconf 87' lang='lat' dir='ltr'>hoc</span> <span class='ocrx_word' id='word_1_231' title='bbox 1506 2073 1558 2109; x_wconf 89' lang='lat' dir='ltr'>sit</span> <span class='ocrx_word' id='word_1_232' title='bbox 1575 2084 1804 2120; x_wconf 89' lang='lat' dir='ltr'>repraesen-</span> 
     </span>
     <span class='ocr_line' id='line_1_33' title="bbox 305 2123 1255 2171; baseline 0.002 -13"><span class='ocrx_word' id='word_1_233' title='bbox 305 2123 476 2158; x_wconf 87' lang='lat' dir='ltr'>tativum</span> <span class='ocrx_word' id='word_1_234' title='bbox 494 2123 680 2159; x_wconf 90' lang='lat' dir='ltr'>adulterii</span> <span class='ocrx_word' id='word_1_235' title='bbox 700 2124 739 2159; x_wconf 91' lang='lat' dir='ltr'>in</span> <span class='ocrx_word' id='word_1_236' title='bbox 758 2124 935 2160; x_wconf 87' lang='lat' dir='ltr'>libidinis</span> <span class='ocrx_word' id='word_1_237' title='bbox 953 2135 1046 2160; x_wconf 90' lang='lat' dir='ltr'>suae</span> <span class='ocrx_word' id='word_1_238' title='bbox 1065 2125 1255 2171; x_wconf 88' lang='lat' dir='ltr'>flagitio.’&#39;</span> 
     </span>
    </p>

    <p class='ocr_par' dir='ltr' id='par_1_21' title="bbox 304 2175 1803 2384">
     <span class='ocr_line' id='line_1_34' title="bbox 378 2175 1803 2225; baseline 0.004 -15"><span class='ocrx_word' id='word_1_239' title='bbox 378 2175 520 2211; x_wconf 90' lang='lat' dir='ltr'>Subito</span> <span class='ocrx_word' id='word_1_240' title='bbox 547 2183 644 2211; x_wconf 91' lang='lat' dir='ltr'>tunc</span> <span class='ocrx_word' id='word_1_241' title='bbox 669 2177 831 2222; x_wconf 89' lang='lat' dir='ltr'>quidam</span> <span class='ocrx_word' id='word_1_242' title='bbox 854 2177 1017 2223; x_wconf 89' lang='lat' dir='ltr'>angelus</span> <span class='ocrx_word' id='word_1_243' title='bbox 1039 2178 1214 2218; x_wconf 88' lang='lat' dir='ltr'>adstitit;</span> <span class='ocrx_word' id='word_1_244' title='bbox 1248 2184 1333 2213; x_wconf 89' lang='lat' dir='ltr'>erat</span> <span class='ocrx_word' id='word_1_245' title='bbox 1357 2179 1553 2219; x_wconf 88' lang='lat' dir='ltr'>sacerdos,</span> <span class='ocrx_word' id='word_1_246' title='bbox 1579 2185 1621 2215; x_wconf 92' lang='lat' dir='ltr'>et</span> <span class='ocrx_word' id='word_1_247' title='bbox 1647 2179 1803 2225; x_wconf 79' lang='lat' dir='ltr'>aperuit</span> 
     </span>
     <span class='ocr_line' id='line_1_35' title="bbox 306 2228 1803 2278; baseline 0.003 -15"><span class='ocrx_word' id='word_1_248' title='bbox 306 2228 504 2264; x_wconf 82' lang='lat' dir='ltr'>infernum</span> <span class='ocrx_word' id='word_1_249' title='bbox 523 2229 563 2264; x_wconf 92' lang='lat' dir='ltr'>in</span> <span class='ocrx_word' id='word_1_250' title='bbox 582 2229 698 2275; x_wconf 90' lang='lat' dir='ltr'>plaga</span> <span class='ocrx_word' id='word_1_251' title='bbox 715 2229 966 2270; x_wconf 89' lang='lat' dir='ltr'>occidentali,</span> <span class='ocrx_word' id='word_1_252' title='bbox 986 2230 1025 2264; x_wconf 92' lang='lat' dir='ltr'>in</span> <span class='ocrx_word' id='word_1_253' title='bbox 1044 2231 1152 2276; x_wconf 89' lang='lat' dir='ltr'>quod</span> <span class='ocrx_word' id='word_1_254' title='bbox 1170 2232 1332 2266; x_wconf 90' lang='lat' dir='ltr'>tandem</span> <span class='ocrx_word' id='word_1_255' title='bbox 1352 2232 1598 2278; x_wconf 89' lang='lat' dir='ltr'>colliguntur</span> <span class='ocrx_word' id='word_1_256' title='bbox 1613 2233 1736 2274; x_wconf 84' lang='lat' dir='ltr'>tales;</span> <span class='ocrx_word' id='word_1_257' title='bbox 1761 2239 1803 2269; x_wconf 90' lang='lat' dir='ltr'>et</span> 
     </span>
     <span class='ocr_line' id='line_1_36' title="bbox 305 2282 1802 2334; baseline 0.003 -16"><span class='ocrx_word' id='word_1_258' title='bbox 305 2283 418 2324; x_wconf 90' lang='lat' dir='ltr'>dixit,</span> <span class='ocrx_word' id='word_1_259' title='bbox 434 2289 454 2302; x_wconf 82' lang='lat'>⁴⁴</span> <span class='ocrx_word' id='word_1_260' title='bbox 465 2282 699 2330; x_wconf 90' lang='lat' dir='ltr'>Conspicite</span> <span class='ocrx_word' id='word_1_261' title='bbox 714 2284 806 2319; x_wconf 93' lang='lat' dir='ltr'>illuc</span> <span class='ocrx_word' id='word_1_262' title='bbox 819 2283 850 2325; x_wconf 84' lang='lat'>;&#39;&#39;</span> <span class='ocrx_word' id='word_1_263' title='bbox 872 2290 912 2319; x_wconf 86' lang='lat' dir='ltr'>et</span> <span class='ocrx_word' id='word_1_264' title='bbox 925 2284 1111 2319; x_wconf 90' lang='lat' dir='ltr'>viderunt</span> <span class='ocrx_word' id='word_1_265' title='bbox 1124 2291 1311 2331; x_wconf 87' lang='lat' dir='ltr'>stagnum</span> <span class='ocrx_word' id='word_1_266' title='bbox 1326 2286 1430 2321; x_wconf 89' lang='lat' dir='ltr'>sicut</span> <span class='ocrx_word' id='word_1_267' title='bbox 1445 2287 1603 2333; x_wconf 87' lang='lat' dir='ltr'>igneum</span> <span class='ocrx_word' id='word_1_268' title='bbox 1617 2298 1625 2328; x_wconf 72' lang='grc' dir='ltr'><strong><em>ς</em></strong></span> <span class='ocrx_word' id='word_1_269' title='bbox 1650 2294 1691 2323; x_wconf 86' lang='lat' dir='ltr'>et</span> <span class='ocrx_word' id='word_1_270' title='bbox 1708 2298 1802 2334; x_wconf 89' lang='lat' dir='ltr'>cog·</span> 
     </span>
     <span class='ocr_line' id='line_1_37' title="bbox 304 2337 1723 2384; baseline 0.004 -13"><span class='ocrx_word' id='word_1_271' title='bbox 304 2343 502 2372; x_wconf 89' lang='lat' dir='ltr'>noverunt</span> <span class='ocrx_word' id='word_1_272' title='bbox 520 2337 573 2371; x_wconf 94' lang='lat' dir='ltr'>ibi</span> <span class='ocrx_word' id='word_1_273' title='bbox 595 2337 748 2382; x_wconf 87' lang='lat' dir='ltr'>aliquos</span> <span class='ocrx_word' id='word_1_274' title='bbox 767 2337 806 2371; x_wconf 92' lang='lat' dir='ltr'>in</span> <span class='ocrx_word' id='word_1_275' title='bbox 825 2338 976 2372; x_wconf 90' lang='lat' dir='ltr'>mundo</span> <span class='ocrx_word' id='word_1_276' title='bbox 993 2337 1153 2378; x_wconf 91' lang='lat' dir='ltr'>amicos,</span> <span class='ocrx_word' id='word_1_277' title='bbox 1172 2338 1240 2384; x_wconf 90' lang='lat' dir='ltr'>qui</span> <span class='ocrx_word' id='word_1_278' title='bbox 1260 2338 1484 2374; x_wconf 90' lang='lat' dir='ltr'>invitabant</span> <span class='ocrx_word' id='word_1_279' title='bbox 1498 2340 1586 2376; x_wconf 91' lang='lat' dir='ltr'>illos</span> <span class='ocrx_word' id='word_1_280' title='bbox 1599 2340 1649 2375; x_wconf 92' lang='lat' dir='ltr'>ad</span> <span class='ocrx_word' id='word_1_281' title='bbox 1668 2351 1723 2376; x_wconf 89' lang='lat' dir='ltr'>se.</span> 
     </span>
    </p>

    <p class='ocr_par' dir='ltr' id='par_1_22' title="bbox 302 2389 1800 2542">
     <span class='ocr_line' id='line_1_38' title="bbox 377 2389 1800 2439; baseline 0.004 -15"><span class='ocrx_word' id='word_1_282' title='bbox 377 2389 452 2425; x_wconf 89' lang='lat' dir='ltr'>His</span> <span class='ocrx_word' id='word_1_283' title='bbox 468 2390 564 2425; x_wconf 90' lang='lat' dir='ltr'>visis</span> <span class='ocrx_word' id='word_1_284' title='bbox 581 2397 622 2425; x_wconf 94' lang='lat' dir='ltr'>et</span> <span class='ocrx_word' id='word_1_285' title='bbox 639 2389 789 2425; x_wconf 91' lang='lat' dir='ltr'>auditis</span> <span class='ocrx_word' id='word_1_286' title='bbox 806 2397 1038 2426; x_wconf 86' lang='lat' dir='ltr'>averterunt</span> <span class='ocrx_word' id='word_1_287' title='bbox 1056 2401 1108 2431; x_wconf 90' lang='lat' dir='ltr'>se,</span> <span class='ocrx_word' id='word_1_288' title='bbox 1127 2397 1167 2426; x_wconf 92' lang='lat' dir='ltr'>et</span> <span class='ocrx_word' id='word_1_289' title='bbox 1186 2391 1470 2437; x_wconf 90' lang='lat' dir='ltr'>proripuerunt</span> <span class='ocrx_word' id='word_1_290' title='bbox 1483 2403 1526 2428; x_wconf 90' lang='lat' dir='ltr'>se</span> <span class='ocrx_word' id='word_1_291' title='bbox 1545 2403 1567 2428; x_wconf 92' lang='lat' dir='ltr'>e</span> <span class='ocrx_word' id='word_1_292' title='bbox 1584 2391 1800 2439; x_wconf 64' lang='lat' dir='ltr'>conspeetu</span> 
     </span>
     <span class='ocr_line' id='line_1_39' title="bbox 304 2443 1799 2492; baseline 0.003 -15"><span class='ocrx_word' id='word_1_293' title='bbox 304 2453 404 2483; x_wconf 90' lang='lat' dir='ltr'>meo,</span> <span class='ocrx_word' id='word_1_294' title='bbox 424 2449 464 2478; x_wconf 90' lang='lat' dir='ltr'>et</span> <span class='ocrx_word' id='word_1_295' title='bbox 482 2449 730 2478; x_wconf 88' lang='lat' dir='ltr'>recesserunt</span> <span class='ocrx_word' id='word_1_296' title='bbox 755 2454 778 2478; x_wconf 89' lang='lat' dir='ltr'>a</span> <span class='ocrx_word' id='word_1_297' title='bbox 803 2443 925 2484; x_wconf 89' lang='lat' dir='ltr'>silva;</span> <span class='ocrx_word' id='word_1_298' title='bbox 960 2443 1029 2478; x_wconf 87' lang='lat' dir='ltr'>sed</span> <span class='ocrx_word' id='word_1_299' title='bbox 1048 2444 1306 2479; x_wconf 88' lang='lat' dir='ltr'>observabam</span> <span class='ocrx_word' id='word_1_300' title='bbox 1324 2455 1482 2490; x_wconf 90' lang='lat' dir='ltr'>gressus</span> <span class='ocrx_word' id='word_1_301' title='bbox 1502 2445 1670 2486; x_wconf 90' lang='lat' dir='ltr'>illorum,</span> <span class='ocrx_word' id='word_1_302' title='bbox 1690 2446 1799 2492; x_wconf 91' lang='lat' dir='ltr'>quod</span> 
     </span>
     <span class='ocr_line' id='line_1_40' title="bbox 302 2495 1799 2542; baseline 0.002 -12"><span class='ocrx_word' id='word_1_303' title='bbox 302 2495 534 2530; x_wconf 85' lang='lat' dir='ltr'>simularent</span> <span class='ocrx_word' id='word_1_304' title='bbox 550 2507 761 2536; x_wconf 89' lang='lat' dir='ltr'>recessum,</span> <span class='ocrx_word' id='word_1_305' title='bbox 781 2496 851 2531; x_wconf 89' lang='lat' dir='ltr'>sed</span> <span class='ocrx_word' id='word_1_306' title='bbox 865 2496 973 2542; x_wconf 90' lang='lat' dir='ltr'>quod</span> <span class='ocrx_word' id='word_1_307' title='bbox 992 2507 1062 2541; x_wconf 88' lang='lat' dir='ltr'>per</span> <span class='ocrx_word' id='word_1_308' title='bbox 1074 2497 1262 2542; x_wconf 83' lang='lat' dir='ltr'>ambages</span> <span class='ocrx_word' id='word_1_309' title='bbox 1280 2497 1318 2531; x_wconf 88' lang='lat' dir='ltr'>in</span> <span class='ocrx_word' id='word_1_310' title='bbox 1334 2497 1474 2533; x_wconf 89' lang='lat' dir='ltr'>silvam</span> <span class='ocrx_word' id='word_1_311' title='bbox 1494 2505 1799 2534; x_wconf 85' lang='lat' dir='ltr'>reverterentur.</span> 
     </span>
    </p>

    <p class='ocr_par' dir='ltr' id='par_1_23' title="bbox 301 2548 1799 2904">
     <span class='ocr_line' id='line_1_41' title="bbox 372 2548 1798 2595; baseline 0.002 -11"><span class='ocrx_word' id='word_1_312' title='bbox 372 2555 486 2594; x_wconf 83' lang='lat'><strong>522.</strong></span> <span class='ocrx_word' id='word_1_313' title='bbox 515 2548 614 2583; x_wconf 89' lang='lat' dir='ltr'>Post</span> <span class='ocrx_word' id='word_1_314' title='bbox 632 2549 730 2584; x_wconf 91' lang='lat' dir='ltr'>haec</span> <span class='ocrx_word' id='word_1_315' title='bbox 748 2560 927 2584; x_wconf 89' lang='lat' dir='ltr'>reversus</span> <span class='ocrx_word' id='word_1_316' title='bbox 946 2560 1033 2584; x_wconf 91' lang='lat' dir='ltr'>sum</span> <span class='ocrx_word' id='word_1_317' title='bbox 1053 2550 1230 2590; x_wconf 89' lang='lat' dir='ltr'>domum,</span> <span class='ocrx_word' id='word_1_318' title='bbox 1252 2557 1293 2585; x_wconf 90' lang='lat' dir='ltr'>et</span> <span class='ocrx_word' id='word_1_319' title='bbox 1311 2557 1403 2595; x_wconf 89' lang='lat' dir='ltr'>post</span> <span class='ocrx_word' id='word_1_320' title='bbox 1421 2551 1526 2586; x_wconf 91' lang='lat' dir='ltr'>diem</span> <span class='ocrx_word' id='word_1_321' title='bbox 1546 2562 1595 2586; x_wconf 91' lang='lat' dir='ltr'>ex</span> <span class='ocrx_word' id='word_1_322' title='bbox 1613 2552 1798 2587; x_wconf 84' lang='lat' dir='ltr'>recorda-</span> 
     </span>
     <span class='ocr_line' id='line_1_42' title="bbox 302 2601 1799 2647; baseline 0.003 -12"><span class='ocrx_word' id='word_1_323' title='bbox 302 2601 413 2636; x_wconf 89' lang='lat' dir='ltr'>tione</span> <span class='ocrx_word' id='word_1_324' title='bbox 432 2601 610 2636; x_wconf 83' lang='lat' dir='ltr'>tristium</span> <span class='ocrx_word' id='word_1_325' title='bbox 626 2601 796 2642; x_wconf 89' lang='lat' dir='ltr'>illorum,</span> <span class='ocrx_word' id='word_1_326' title='bbox 815 2601 990 2647; x_wconf 71' lang='lat' dir='ltr'>spe&lt;ftavi</span> <span class='ocrx_word' id='word_1_327' title='bbox 1009 2602 1059 2637; x_wconf 91' lang='lat' dir='ltr'>ad</span> <span class='ocrx_word' id='word_1_328' title='bbox 1078 2603 1245 2638; x_wconf 90' lang='lat' dir='ltr'>eandem</span> <span class='ocrx_word' id='word_1_329' title='bbox 1265 2603 1416 2644; x_wconf 90' lang='lat' dir='ltr'>silvam,</span> <span class='ocrx_word' id='word_1_330' title='bbox 1432 2610 1473 2639; x_wconf 90' lang='lat' dir='ltr'>et</span> <span class='ocrx_word' id='word_1_331' title='bbox 1489 2603 1571 2639; x_wconf 91' lang='lat' dir='ltr'>vidi</span> <span class='ocrx_word' id='word_1_332' title='bbox 1591 2604 1699 2639; x_wconf 90' lang='lat' dir='ltr'>illam</span> <span class='ocrx_word' id='word_1_333' title='bbox 1717 2604 1799 2640; x_wconf 85' lang='lat' dir='ltr'>dis-</span> 
     </span>
     <span class='ocr_line' id='line_1_43' title="bbox 305 2655 1797 2704; baseline 0.003 -15"><span class='ocrx_word' id='word_1_334' title='bbox 305 2661 492 2699; x_wconf 85' lang='lat' dir='ltr'>paratam,</span> <span class='ocrx_word' id='word_1_335' title='bbox 513 2661 555 2690; x_wconf 92' lang='lat' dir='ltr'>et</span> <span class='ocrx_word' id='word_1_336' title='bbox 573 2655 663 2690; x_wconf 89' lang='lat' dir='ltr'>loco</span> <span class='ocrx_word' id='word_1_337' title='bbox 677 2655 764 2700; x_wconf 87' lang='lat' dir='ltr'>ejus</span> <span class='ocrx_word' id='word_1_338' title='bbox 781 2666 966 2701; x_wconf 90' lang='lat' dir='ltr'>campum</span> <span class='ocrx_word' id='word_1_339' title='bbox 985 2666 1207 2696; x_wconf 87' lang='lat' dir='ltr'>arenosum,</span> <span class='ocrx_word' id='word_1_340' title='bbox 1225 2663 1265 2692; x_wconf 92' lang='lat' dir='ltr'>et</span> <span class='ocrx_word' id='word_1_341' title='bbox 1287 2657 1326 2691; x_wconf 91' lang='lat' dir='ltr'>in</span> <span class='ocrx_word' id='word_1_342' title='bbox 1345 2657 1477 2693; x_wconf 90' lang='lat' dir='ltr'>medio</span> <span class='ocrx_word' id='word_1_343' title='bbox 1496 2658 1581 2703; x_wconf 88' lang='lat' dir='ltr'>ejus</span> <span class='ocrx_word' id='word_1_344' title='bbox 1599 2664 1797 2704; x_wconf 89' lang='lat' dir='ltr'>stagnum,</span> 
     </span>
     <span class='ocr_line' id='line_1_44' title="bbox 303 2708 1797 2756; baseline 0.003 -14"><span class='ocrx_word' id='word_1_345' title='bbox 303 2708 340 2742; x_wconf 90' lang='lat' dir='ltr'>in</span> <span class='ocrx_word' id='word_1_346' title='bbox 359 2718 439 2753; x_wconf 90' lang='lat' dir='ltr'>quo</span> <span class='ocrx_word' id='word_1_347' title='bbox 457 2715 570 2743; x_wconf 90' lang='lat' dir='ltr'>erant</span> <span class='ocrx_word' id='word_1_348' title='bbox 588 2708 710 2753; x_wconf 90' lang='lat' dir='ltr'>aliqui</span> <span class='ocrx_word' id='word_1_349' title='bbox 729 2716 935 2754; x_wconf 90' lang='lat' dir='ltr'>serpentes</span> <span class='ocrx_word' id='word_1_350' title='bbox 953 2709 1071 2744; x_wconf 90' lang='lat' dir='ltr'>rubri.</span> <span class='ocrx_word' id='word_1_351' title='bbox 1122 2708 1201 2744; x_wconf 90' lang='lat' dir='ltr'>Sed</span> <span class='ocrx_word' id='word_1_352' title='bbox 1224 2716 1315 2755; x_wconf 90' lang='lat' dir='ltr'>post</span> <span class='ocrx_word' id='word_1_353' title='bbox 1335 2711 1588 2756; x_wconf 88' lang='lat' dir='ltr'>septimanas,</span> <span class='ocrx_word' id='word_1_354' title='bbox 1607 2711 1701 2746; x_wconf 89' lang='lat' dir='ltr'>dum</span> <span class='ocrx_word' id='word_1_355' title='bbox 1724 2711 1797 2747; x_wconf 90' lang='lat' dir='ltr'>ite-</span> 
     </span>
     <span class='ocr_line' id='line_1_45' title="bbox 304 2760 1797 2809; baseline 0.003 -14"><span class='ocrx_word' id='word_1_356' title='bbox 304 2772 389 2796; x_wconf 90' lang='lat' dir='ltr'>rum</span> <span class='ocrx_word' id='word_1_357' title='bbox 408 2761 501 2796; x_wconf 90' lang='lat' dir='ltr'>illuc</span> <span class='ocrx_word' id='word_1_358' title='bbox 515 2760 703 2807; x_wconf 60' lang='lat' dir='ltr'>spectavi,</span> <span class='ocrx_word' id='word_1_359' title='bbox 722 2762 803 2797; x_wconf 92' lang='lat' dir='ltr'>vidi</span> <span class='ocrx_word' id='word_1_360' title='bbox 828 2773 851 2798; x_wconf 88' lang='lat' dir='ltr'>a</span> <span class='ocrx_word' id='word_1_361' title='bbox 875 2762 997 2798; x_wconf 88' lang='lat' dir='ltr'>latere</span> <span class='ocrx_word' id='word_1_362' title='bbox 1015 2763 1101 2808; x_wconf 85' lang='lat' dir='ltr'>ejus</span> <span class='ocrx_word' id='word_1_363' title='bbox 1119 2763 1261 2798; x_wconf 88' lang='lat' dir='ltr'>dextro</span> <span class='ocrx_word' id='word_1_364' title='bbox 1279 2774 1430 2805; x_wconf 88' lang='lat' dir='ltr'>arvum,</span> <span class='ocrx_word' id='word_1_365' title='bbox 1449 2771 1490 2799; x_wconf 88' lang='lat' dir='ltr'>et</span> <span class='ocrx_word' id='word_1_366' title='bbox 1514 2775 1633 2809; x_wconf 90' lang='lat' dir='ltr'>super</span> <span class='ocrx_word' id='word_1_367' title='bbox 1653 2775 1701 2800; x_wconf 91' lang='lat' dir='ltr'>eo</span> <span class='ocrx_word' id='word_1_368' title='bbox 1726 2764 1797 2800; x_wconf 89' lang='lat' dir='ltr'>ali-</span> 
     </span>
     <span class='ocr_line' id='line_1_46' title="bbox 301 2814 1796 2862; baseline 0.003 -14"><span class='ocrx_word' id='word_1_369' title='bbox 301 2820 400 2859; x_wconf 88' lang='lat' dir='ltr'>quot</span> <span class='ocrx_word' id='word_1_370' title='bbox 418 2814 602 2855; x_wconf 81' lang='lat' dir='ltr'>colonos;</span> <span class='ocrx_word' id='word_1_371' title='bbox 629 2824 675 2849; x_wconf 92' lang='lat' dir='ltr'>ac</span> <span class='ocrx_word' id='word_1_372' title='bbox 696 2815 839 2850; x_wconf 89' lang='lat' dir='ltr'>iterum</span> <span class='ocrx_word' id='word_1_373' title='bbox 857 2822 950 2861; x_wconf 90' lang='lat' dir='ltr'>post</span> <span class='ocrx_word' id='word_1_374' title='bbox 967 2815 1212 2862; x_wconf 90' lang='lat' dir='ltr'>septimanas</span> <span class='ocrx_word' id='word_1_375' title='bbox 1229 2816 1312 2851; x_wconf 91' lang='lat' dir='ltr'>vidi</span> <span class='ocrx_word' id='word_1_376' title='bbox 1335 2827 1384 2852; x_wconf 92' lang='lat' dir='ltr'>ex</span> <span class='ocrx_word' id='word_1_377' title='bbox 1404 2827 1498 2852; x_wconf 90' lang='lat' dir='ltr'>arvo</span> <span class='ocrx_word' id='word_1_378' title='bbox 1517 2817 1586 2852; x_wconf 91' lang='lat' dir='ltr'>illo</span> <span class='ocrx_word' id='word_1_379' title='bbox 1604 2828 1796 2854; x_wconf 89' lang='lat' dir='ltr'>enascens</span> 
     </span>
     <span class='ocr_line' id='line_1_47' title="bbox 303 2866 988 2904; baseline 0.004 -3"><span class='ocrx_word' id='word_1_380' title='bbox 303 2867 444 2902; x_wconf 88' lang='lat' dir='ltr'>novale</span> <span class='ocrx_word' id='word_1_381' title='bbox 462 2866 789 2902; x_wconf 64' lang='lat' dir='ltr'>circumcinctum</span> <span class='ocrx_word' id='word_1_382' title='bbox 807 2868 988 2904; x_wconf 88' lang='lat' dir='ltr'>arbustis.</span> 
     </span>
    </p>

    <p class='ocr_par' dir='ltr' id='par_1_24' title="bbox 299 2919 1796 3072">
     <span class='ocr_line' id='line_1_48' title="bbox 376 2919 1796 2962; baseline 0.003 -8"><span class='ocrx_word' id='word_1_383' title='bbox 376 2919 426 2954; x_wconf 86' lang='lat' dir='ltr'>Et</span> <span class='ocrx_word' id='word_1_384' title='bbox 439 2920 573 2955; x_wconf 88' lang='lat' dir='ltr'>audivi</span> <span class='ocrx_word' id='word_1_385' title='bbox 586 2926 683 2955; x_wconf 89' lang='lat' dir='ltr'>tunc</span> <span class='ocrx_word' id='word_1_386' title='bbox 696 2931 835 2955; x_wconf 92' lang='lat' dir='ltr'>vocem</span> <span class='ocrx_word' id='word_1_387' title='bbox 850 2931 871 2956; x_wconf 96' lang='lat' dir='ltr'>e</span> <span class='ocrx_word' id='word_1_388' title='bbox 883 2922 1004 2962; x_wconf 89' lang='lat' dir='ltr'>caelo,</span> <span class='ocrx_word' id='word_1_389' title='bbox 1017 2926 1037 2940; x_wconf 89' lang='lat'><strong>“</strong></span> <span class='ocrx_word' id='word_1_390' title='bbox 1051 2920 1161 2957; x_wconf 90' lang='lat' dir='ltr'>Intra</span> <span class='ocrx_word' id='word_1_391' title='bbox 1175 2922 1213 2956; x_wconf 89' lang='lat' dir='ltr'>in</span> <span class='ocrx_word' id='word_1_392' title='bbox 1226 2922 1451 2958; x_wconf 90' lang='lat' dir='ltr'>cubiculum</span> <span class='ocrx_word' id='word_1_393' title='bbox 1466 2929 1589 2962; x_wconf 90' lang='lat' dir='ltr'>tuum,</span> <span class='ocrx_word' id='word_1_394' title='bbox 1604 2929 1645 2958; x_wconf 89' lang='lat' dir='ltr'>et</span> <span class='ocrx_word' id='word_1_395' title='bbox 1655 2923 1796 2959; x_wconf 89' lang='lat' dir='ltr'>claude</span> 
     </span>
     <span class='ocr_line' id='line_1_49' title="bbox 299 2972 1794 3021; baseline 0.003 -14"><span class='ocrx_word' id='word_1_396' title='bbox 299 2972 473 3017; x_wconf 80' lang='lat' dir='ltr'>januam,</span> <span class='ocrx_word' id='word_1_397' title='bbox 486 2979 527 3008; x_wconf 91' lang='lat' dir='ltr'>et</span> <span class='ocrx_word' id='word_1_398' title='bbox 545 2973 708 3008; x_wconf 90' lang='lat' dir='ltr'>intende</span> <span class='ocrx_word' id='word_1_399' title='bbox 723 2973 834 3018; x_wconf 92' lang='lat' dir='ltr'>operi</span> <span class='ocrx_word' id='word_1_400' title='bbox 854 2972 1013 3020; x_wconf 87' lang='lat' dir='ltr'>incepto</span> <span class='ocrx_word' id='word_1_401' title='bbox 1033 2974 1071 3009; x_wconf 92' lang='lat' dir='ltr'>in</span> <span class='ocrx_word' id='word_1_402' title='bbox 1088 2975 1348 3021; x_wconf 78' lang='lat' dir='ltr'>Apocalypsi,·</span> <span class='ocrx_word' id='word_1_403' title='bbox 1373 2982 1413 3011; x_wconf 91' lang='lat' dir='ltr'>et</span> <span class='ocrx_word' id='word_1_404' title='bbox 1433 2975 1511 3011; x_wconf 91' lang='lat' dir='ltr'>hoc</span> <span class='ocrx_word' id='word_1_405' title='bbox 1529 2973 1665 3011; x_wconf 74' lang='lat' dir='ltr'>[¹¹infra</span> <span class='ocrx_word' id='word_1_406' title='bbox 1683 2975 1794 3012; x_wconf 91' lang='lat' dir='ltr'>bien-</span> 
     </span>
     <span class='ocr_line' id='line_1_50' title="bbox 303 3025 910 3072; baseline 0.005 -12"><span class='ocrx_word' id='word_1_407' title='bbox 303 3025 412 3060; x_wconf 90' lang='lat' dir='ltr'>nium</span> <span class='ocrx_word' id='word_1_408' title='bbox 431 3036 667 3072; x_wconf 90' lang='lat' dir='ltr'>persequere</span> <span class='ocrx_word' id='word_1_409' title='bbox 685 3026 735 3062; x_wconf 91' lang='lat' dir='ltr'>ad</span> <span class='ocrx_word' id='word_1_410' title='bbox 755 3026 910 3063; x_wconf 88' lang='lat' dir='ltr'>finem.&#39;&#39;</span> 
     </span>
    </p>
   </div>
   <div class='ocr_carea' id='block_1_3' title="bbox 1984 2302 2014 3386">
    <p class='ocr_par' dir='ltr' id='par_1_25' title="bbox 1984 2302 2014 3386">
     <span class='ocr_line' id='line_1_51' title="bbox 1984 2302 2014 3386; baseline 0 0"><span class='ocrx_word' id='word_1_411' title='bbox 1984 2302 2014 3386; x_wconf 95' lang='lat' dir='ltr'> </span> 
     </span>
    </p>
   </div>
  </div>
 </body>
</html>
