2014 3386
292 347 375 390 206
757 360 999 392 DELICIAE
1031 361 1335 394 SAPIENTIAE

288 477 408 511 tores,
426 476 467 506 et
493 470 525 506 si
553 471 752 518 possibile,
772 478 817 506 ut
838 472 1097 508 dominentur
1117 484 1237 520 super
1257 472 1394 509 omnia
1419 473 1569 515 mundi,
1591 480 1632 509 et
1652 474 1786 510 vocari

289 535 400 571 reges
419 535 558 570 regum
577 531 618 560 et
636 524 895 570 imperatores
910 526 1217 572 imperatorum:
1241 533 1284 562 at
1302 527 1407 562 idem
1422 538 1535 563 amor
1547 527 1653 573 apud
1666 538 1788 563 cano-

289 578 400 613 nicos
431 577 623 619 ascendit,
650 589 775 624 usque
802 585 847 613 ut
872 579 999 614 velint
1024 589 1110 614 esse
1136 579 1203 619 dii,
1229 586 1271 615 et
1296 586 1489 625 quantum
1518 580 1716 626 possibile,
1742 588 1788 616 ut

288 630 549 666 dominentur
569 642 688 677 super
713 631 850 667 omnia
874 632 983 672 caeli,
1002 638 1043 667 et
1067 631 1202 667 vocari
1222 632 1277 667 dii
1304 633 1482 669 deorum.
1533 632 1653 679 Quod
1679 633 1721 668 hi
1746 641 1788 669 et

289 684 344 719 illi
365 684 487 719 corde
513 695 594 719 non
620 691 842 731 agnoscant
867 685 1040 730 aliquem
1069 684 1212 726 Deum',
1232 685 1433 721 videbitur
1454 686 1493 721 in
1514 686 1786 732 sequentibus.

288 737 345 772 At
361 737 535 773 vicissim
556 737 622 778 illi,
641 737 708 783 qui
726 738 869 772 volunt
883 737 1079 773 dominari
1098 748 1147 773 ex
1164 749 1300 774 amore
1317 750 1472 779 usuum,
1487 739 1528 774 hi
1546 749 1627 774 non
1644 739 1787 774 volunt

287 790 486 832 dominari
507 801 556 825 ex
576 801 629 831 se,
652 791 720 825 sed
747 801 796 826 ex
824 790 1011 830 Domino,
1033 791 1223 836 quoniam
1244 802 1357 826 amor
1372 802 1515 827 usuum
1541 799 1602 827 est
1627 803 1678 827 ex
1705 791 1787 827 Do-

287 843 408 883 mino,
427 850 467 878 et
485 849 546 879 est
566 843 655 889 Ipse
676 843 893 884 Dominus;
920 843 961 878 hi
980 843 1198 890 dignitates
1220 855 1300 879 non
1321 844 1437 879 aliter
1453 843 1647 890 spectant,
1666 855 1785 890 quam

288 896 420 931 media
445 897 495 931 ad
527 896 754 931 faciendum
780 907 896 937 usus3
923 896 998 932 hos
1026 903 1182 942 ponunt
1207 898 1326 944 longe
1353 908 1472 944 supra
1497 897 1723 960 dignitates,
1745 904 1786 933 at

288 949 440 995 priores
461 957 617 995 ponunt
635 949 851 995 dignitates
868 949 987 996 longe
1004 960 1123 996 supra
1140 960 1246 986 usus.

358 1003 478 1049 263.
514 1002 615 1038 Cum
635 1002 733 1038 haec
751 1002 969 1038 meditatus
988 1014 1088 1043 sum,
1108 1002 1257 1038 dictum
1276 1002 1374 1038 mihi
1393 1008 1454 1039 est
1472 1013 1542 1049 per
1557 1003 1742 1049 angelum
1764 1013 1786 1038 a

289 1055 500 1097 Domino,
505 1056 643 1104 ‘Jam
629 1068 711 1103 Jam
726 1057 881 1092 videbis
896 1063 937 1092 et
954 1055 1252 1092 confirmaberis
1270 1067 1319 1092 ex
1331 1056 1418 1092 visu
1433 1056 1562 1102 qualis
1583 1055 1786 1091 infernalis

288 1109 352 1145 ille
370 1120 484 1145 amor
500 1109 597 1145 est.’'

360 1161 409 1197 Et
426 1169 525 1197 tunc
543 1162 678 1198 subito
696 1162 853 1208 aperuit
869 1173 912 1198 se
930 1168 1036 1198 terra
1052 1162 1102 1197 ad
1121 1140 1337 1202 sinistrum,
1351 1168 1392 1197 et
1404 1161 1486 1197 vidi
1504 1161 1783 1197 ascendentem

286 1226 336 1250 ex
354 1214 510 1251 inferno
528 1215 743 1256 diabolum,
762 1216 827 1251 cui
845 1226 965 1261 super
984 1215 1117 1261 capite
1139 1221 1226 1250 erat
1247 1215 1375 1261 pileus
1392 1215 1609 1260 quadratus
1627 1215 1785 1260 depres-

287 1279 353 1304 sus
372 1279 491 1314 super
508 1268 681 1304 frontem
696 1279 821 1315 usque
838 1269 888 1303 ad
907 1268 1056 1309 oeulos.
1072 1267 1194 1303 facies
1211 1268 1328 1314 plena
1345 1267 1514 1314 pustulis
1528 1267 1631 1303 sicut
1645 1267 1786 1302 arden-

286 1321 338 1357 tis
355 1321 487 1362 febris,
503 1322 608 1357 oculi
627 1328 771 1362 truces.
787 1320 926 1367 pedlus
940 1327 1101 1357 tumens
1121 1321 1160 1356 in
1175 1321 1387 1356 rhombum
1403 1332 1411 1361 3
1437 1331 1486 1355 ex
1499 1331 1567 1355 ore
1582 1318 1786 1355 eructabat

288 1374 440 1409 fumum
461 1374 565 1410 sicut
586 1374 736 1415 furnus,
754 1375 878 1409 lumbi
897 1374 933 1410 ei
959 1381 1074 1410 erant
1100 1374 1216 1420 plane
1243 1373 1478 1420 igniti,·loco
1505 1373 1653 1418 pedum
1674 1379 1786 1408 erant

287 1427 358 1462 tali
377 1428 482 1463 ossei
503 1428 654 1474 absque
675 1438 817 1468 carne;
846 1434 887 1463 et
908 1438 957 1463 ex
977 1438 1145 1474 corpore
1165 1426 1253 1473 ejus
1273 1426 1534 1462 exhalabatur
1553 1426 1663 1461 calor
1683 1425 1787 1472 puti-

287 1481 362 1516 dus
379 1487 420 1516 et
439 1481 679 1516 immundus.

360 1534 434 1570 Illo
450 1535 538 1571 viso
555 1535 720 1570 territus
738 1545 838 1575 sum,
857 1541 898 1570 et
915 1533 1082 1570 clamavi
1101 1533 1151 1569 ad
1172 1533 1294 1574 illum,
1314 1538 1334 1551 ‘⁸
1348 1531 1408 1568 Ne
1425 1531 1580 1573 accede,
1599 1532 1665 1567 dic
1681 1531 1787 1568 unde

286 1587 365 1623 es.’'

360 1641 411 1676 Et
429 1641 637 1687 respondit
656 1651 784 1681 rauce,
803 1645 823 1659 ‘⁴
837 1640 934 1677 Sum
955 1651 1006 1676 ex
1027 1639 1173 1680 inferis,
1192 1647 1233 1676 et
1255 1640 1308 1675 ibi
1330 1639 1369 1675 in
1391 1638 1583 1675 societate
1603 1649 1694 1674 cum
1716 1638 1788 1673 du-

285 1695 423 1735 centis,
442 1706 544 1741 quae
562 1694 742 1730 omnium
760 1694 998 1729 societatum
1017 1691 1454 1739 supereminentissima
1471 1698 1553 1733 est:
1580 1691 1633 1726 ibi
1648 1701 1787 1726 omnes

286 1759 422 1783 sumus
458 1748 717 1793 imperatores
750 1747 1050 1793 imperatorum,
1081 1757 1195 1792 reges
1229 1756 1378 1792 regum,
1410 1745 1531 1780 duces
1561 1744 1719 1784 ducum,
1747 1750 1788 1779 et

287 1800 485 1847 principes
499 1800 721 1846 principum
736 1810 744 1835 :
771 1810 851 1835 non
869 1799 1013 1845 aliquis
1028 1799 1081 1834 ibi
1096 1805 1156 1834 est
1171 1799 1278 1834 nude
1293 1799 1519 1844 imperator,
1535 1807 1663 1843 neque
1682 1795 1787 1832 nude

287 1864 366 1893 rex,
385 1854 466 1888 dux
483 1860 524 1888 et
542 1853 746 1899 princeps;
772 1853 958 1888 sedemus
977 1852 1029 1887 ibi
1049 1863 1168 1897 super
1184 1851 1341 1887 thronis
1365 1851 1613 1890 thronorum,
1631 1855 1674 1885 et
1691 1849 1786 1884 inde

288 1907 475 1942 mandata
494 1906 532 1940 in
552 1906 782 1941 universum
801 1906 949 1945 orbem,
968 1912 1009 1940 et
1026 1905 1139 1945 ultra,
1159 1903 1417 1940 emittimus.''

358 1959 473 1994 Tunc
490 1959 572 1994 dixi
600 1959 666 1999 illi,
686 1959 894 1994 “Videsne
912 1958 1021 2004 quod
1047 1968 1096 1993 ex
1122 1956 1333 2003 phantasia
1349 1954 1710 2002 supereminentiae
1728 1954 1786 1990 in·

287 2012 417 2048 sanias
432 2011 473 2048 ?’'

360 2065 410 2100 Et
428 2064 645 2110 respondit,
662 2068 682 2082 “
695 2062 912 2111 Quomodo
927 2070 1042 2109 potes
1057 2062 1112 2098 ita
1126 2061 1249 2108 loqui,
1263 2061 1357 2108 quia
1370 2060 1485 2097 nobis
1500 2070 1661 2107 prorsus
1674 2059 1786 2096 vide·

288 2129 386 2158 mur,
405 2123 446 2153 et
464 2128 624 2164 quoque
641 2116 897 2163 agnoscimur
913 2127 937 2151 a
953 2115 1161 2155 consociis,
1179 2115 1281 2150 tales
1293 2114 1334 2150 ?’'

360 2170 451 2206 Hoc
471 2171 622 2210 audito,
644 2181 724 2205 non
746 2169 855 2205 volui
882 2168 1015 2204 adhuc
1040 2168 1183 2208 dicere,
1208 2166 1373 2207 Insanis,
1394 2166 1488 2213 quia
1508 2176 1557 2202 ex
1577 2165 1787 2212 phantasia

288 2224 497 2260 insanivit:
523 2231 563 2259 et
581 2224 718 2258 datum
737 2230 799 2259 est
818 2222 916 2257 mihi
934 2231 1188 2268 cognoscere,
1207 2221 1316 2267 quod
1336 2220 1400 2255 ille
1422 2219 1614 2260 diabolus,
1631 2230 1723 2254 cum
1746 2219 1785 2254 in

288 2277 439 2313 mundo
455 2277 566 2316 vixit,
586 2276 706 2312 fuerit
733 2276 853 2311 modo
879 2281 1039 2310 curator
1055 2274 1224 2320 alicujus
1246 2273 1408 2313 domus;
1437 2279 1479 2308 et
1496 2272 1604 2319 quod
1627 2279 1724 2308 tunc
1745 2272 1784 2307 in

287 2337 444 2366 tanturn
463 2331 591 2366 elatus
609 2329 751 2375 spiritu
770 2328 900 2369 fuerit,
919 2335 964 2363 ut
981 2338 1075 2374 prae
1092 2337 1134 2362 se
1152 2337 1271 2362 omne
1289 2336 1415 2372 genus
1440 2325 1659 2360 humanum
1677 2335 1786 2371 spre-

282 2381 398 2424 verit,
420 2394 465 2418 ac
492 2382 700 2418 indulserit
727 2381 969 2428 phantasiae,
988 2380 1096 2427 quod
1123 2379 1281 2426 dignior
1306 2385 1414 2414 esset
1440 2389 1542 2424 rege,
1564 2384 1605 2413 et
1625 2388 1785 2424 quoque

289 2436 548 2482 imperatore;
579 2446 628 2471 ex
653 2446 733 2481 quo
763 2434 866 2470 fastu
893 2439 1106 2480 negaverat
1133 2432 1274 2472 Deum,
1296 2442 1343 2467 ac
1370 2437 1624 2477 reputaverat
1650 2430 1786 2465 omnia

287 2487 425 2525 sancta
442 2488 632 2524 ecclesiae
650 2487 764 2523 sicuti
785 2486 898 2522 nihili
920 2497 992 2532 pro
1010 2496 1064 2527 se,
1083 2485 1152 2521 sed
1170 2484 1320 2530 aliquid
1342 2494 1414 2530 pro
1432 2483 1593 2529 stupida
1610 2483 1736 2529 plebe.

359 2541 539 2577 Tandem
554 2540 731 2587 quaesivi
751 2541 872 2580 illum,
888 2544 909 2558 “
921 2539 1004 2575 Vos
1018 2538 1179 2574 ducenti
1199 2537 1264 2578 ibi,
1278 2537 1467 2583 quamdiu
1485 2535 1711 2583 gloriamini
1729 2535 1785 2570 ita

289 2594 393 2631 inter
408 2593 531 2630 vos?’'

362 2647 484 2688 Dixit,
507 2646 587 2682 “In
617 2652 835 2687 aeternum,
861 2645 932 2682 sed
961 2644 1071 2691 quod
1102 2643 1156 2679 illi
1187 2653 1209 2679 e
1235 2642 1361 2683 nobis,
1387 2642 1455 2688 qui
1481 2641 1660 2677 cruciant
1685 2640 1785 2676 alios

289 2707 453 2761 propter
469 2705 654 2746 negatam
673 2698 1064 2745 supereminentiam,
1079 2696 1309 2737 subsidant;
1336 2695 1428 2731 licet
1442 2695 1547 2730 enim
1567 2693 1682 2730 nobis
1699 2693 1785 2740 glo-

289 2754 391 2794 riari,
410 2753 479 2789 sed
499 2763 579 2788 non
597 2752 714 2787 alicui
734 2752 881 2787 malum
901 2749 1085 2786 inferre?

360 2805 549 2854 Quaesivi
570 2805 723 2845 iterum,
742 2804 911 2840 “Scisne
929 2803 1058 2850 qualis
1077 2812 1163 2838 sors
1180 2807 1240 2837 est
1261 2798 1609 2836 subsidentibus?'
1659 2798 1783 2838 Dixit,

289 2860 397 2906 quod
416 2859 624 2895 subsidant
647 2857 685 2892 in
705 2857 905 2903 quendam
928 2866 1136 2896 carcerem,
1154 2854 1222 2889 ubi
1243 2859 1439 2889 vocantur
1455 2852 1615 2888 viliores
1635 2851 1782 2887 vilibus

290 2925 359 2949 seu
377 2911 571 2951 vilissimi,
594 2917 635 2946 et
652 2911 849 2946 laborant.

361 2966 475 3001 Tunc
495 2965 575 3000 dixi
598 2964 647 2999 ad
674 2963 877 2999 diabolum
901 2948 1022 3003 illum,
1045 2959 1184 2997 “Cave
1211 2959 1346 3006 itaque
1367 2965 1423 3000 tu,
1443 2969 1492 2994 ne
1513 2957 1634 2994 etiam
1656 2956 1783 2993 subsi-

291 3019 397 3055 das.’'
