2014 3386
300 357 379 409 382
739 363 1070 397 VOLUPTATES
1102 362 1348 395 INSANIAE

293 479 403 534 quid
436 485 545 521 tunc
578 478 634 520 de
676 478 792 528 Deo,
821 478 878 520 de
918 476 1088 519 sanctis
1127 476 1364 528 ecclesiae,
1391 490 1445 519 ac
1485 476 1543 519 de
1578 476 1708 519 caelo
1745 482 1795 520 et

298 543 487 591 inferno,
512 542 864 584 concionaturus
890 547 960 583 est
981 555 991 593 ;
1024 540 1239 582 videlicet
1261 541 1383 595 quod
1410 541 1501 582 sint
1528 539 1796 594 phantasiae

297 619 351 647 ac
372 605 616 655 elusiones,
636 610 683 647 et
706 605 769 646 sic
792 604 981 646 inventa
997 605 1248 645 animarum
1271 604 1465 654 vincula,
1483 603 1644 658 quibus
1665 615 1796 657 mag—

298 681 384 710 nos
415 674 464 710 et
495 681 678 721 parvos,
711 667 878 709 divites
910 673 958 709 et
990 680 1225 721 paupereS,
1258 673 1448 720 captent
1479 673 1528 709 et
1559 667 1720 720 ligent,
1747 672 1798 708 et

300 731 385 773 sub
401 730 511 785 jugo
528 730 715 772 dominii
737 730 804 771 sui
827 730 1109 771 contineant.
1172 729 1302 771 Haec
1320 729 1546 771 sufficiant
1568 743 1650 784 pro
1671 728 1797 770 illus-

302 795 501 837 tratione
543 793 651 848 quid
691 793 966 846 intelligitur
1010 806 1090 846 per
1134 793 1256 846 quod
1302 792 1508 834 homines
1549 792 1796 842 naturales,

299 871 441 912 usque
471 856 530 898 ad
567 870 827 910 corporeos,
862 855 1177 897 rationalitate
1209 855 1410 897 humana
1441 855 1648 910 polleant
1679 856 1797 898 sicut

300 921 390 970 alii,
418 927 467 962 at
498 920 620 974 quod
652 919 732 961 illa
762 925 952 961 utantur
977 919 1085 960 dum
1116 920 1162 960 in
1194 920 1402 960 externis
1427 925 1548 969 sunt,
1576 919 1656 960 sed
1686 919 1799 960 abu-

304 990 458 1027 tantur
483 984 590 1024 dum
617 983 662 1024 in
689 983 780 1024 suis
806 983 1010 1024 internis.
1071 982 1411 1036 Consequentia
1433 983 1539 1025 inde
1563 989 1650 1033 est,
1676 983 1799 1037 quod

301 1060 393 1089 non
410 1046 704 1100 judicandum
727 1047 786 1088 sit
813 1046 870 1087 de
892 1046 1043 1100 aliquo
1065 1059 1126 1087 ex
1148 1046 1374 1099 sapientia
1394 1046 1498 1096 oris,
1522 1046 1603 1088 sed
1625 1059 1715 1088 una
1737 1059 1799 1088 ex

300 1111 525 1164 sapientia
549 1110 672 1151 vitae
698 1109 805 1163 ejus.

300 1253 441 1297 500.
474 1243 559 1284 His
590 1242 798 1296 adjiciam
824 1215 911 1285 boc
938 1242 1236 1285 Memorabile
1253 1255 1324 1284 :—

373 1323 586 1371 Quondam
607 1325 646 1359 in
667 1325 817 1360 mundo
835 1324 1045 1371 spirituum
1057 1325 1194 1361 audivi
1214 1336 1403 1372 magnum
1417 1322 1657 1367 tumultum':
1683 1332 1797 1363 erant

302 1376 493 1412 chiliades
510 1377 752 1424 congregati,
771 1377 838 1423 qui
858 1378 1094 1418 clamabant,
1114 1383 1135 1396 “
1147 1377 1379 1422 Puniantur,
1398 1379 1648 1425 puniantur.”

374 1429 536 1465 Accessi
556 1430 730 1475 propius,
749 1436 789 1465 et
809 1431 999 1476 quaesivi,
1019 1435 1039 1449 ‘¹
1053 1430 1160 1477 Quid
1180 1430 1257 1466 hoc
1271 1431 1311 1466 ?’'

375 1482 487 1518 Dixit
508 1483 605 1517 mihi
626 1494 729 1518 unus
755 1493 777 1518 e
803 1494 947 1529 magna
968 1483 1035 1518 illa
1056 1484 1372 1530 congregatione
1393 1490 1608 1530 separatus,
1626 1484 1734 1531 quod
1760 1484 1801 1520 in

302 1535 632 1571 excandescentia
649 1535 729 1571 irae
747 1536 828 1571 sint
845 1542 985 1571 contra
1001 1542 1081 1571 tres
1100 1537 1340 1577 sacerdotes,
1359 1537 1426 1583 qui
1444 1537 1800 1583 circumvagantur,

302 1594 344 1623 et
370 1588 499 1624 ubivis
521 1588 751 1634 praedicant
772 1595 912 1624 contra
933 1588 1147 1630 adulteros,
1170 1589 1352 1630 dicendo,
1374 1590 1482 1635 quod
1503 1590 1693 1626 adulteris
1719 1600 1801 1626 non

303 1641 356 1676 sit
373 1641 527 1687 agnitio
547 1640 634 1681 Dei,
653 1647 694 1676 et
711 1641 820 1687 quod
839 1641 916 1677 illis
933 1641 1086 1676 caelum
1106 1642 1310 1678 occlusum
1329 1642 1391 1682 sit,
1410 1652 1456 1677 ac
1475 1641 1670 1678 infernum
1689 1653 1802 1688 aper—

303 1700 410 1734 tum;
444 1700 484 1728 et
514 1694 622 1739 quod
650 1693 690 1728 in
718 1693 872 1729 inferno
898 1693 980 1729 sint
1006 1694 1154 1729 diaboli
1183 1695 1388 1735 immundi,
1416 1694 1508 1740 quia
1533 1706 1555 1730 e
1580 1695 1802 1742 longinquo

303 1752 498 1792 apparent
516 1746 569 1781 ibi
587 1746 691 1782 sicut
708 1746 819 1793 porci
837 1747 1066 1782 volutantes
1083 1758 1125 1782 se
1148 1747 1187 1782 in
1210 1747 1463 1786 stercoribus,
1482 1754 1523 1783 et
1543 1748 1651 1794 quod
1668 1747 1800 1795 angeli

303 1799 402 1834 caeli
421 1799 508 1834 illos
526 1799 817 1835 abominentur.

376 1851 563 1898 Quaesivi
579 1857 598 1870 ‘⁴
613 1851 787 1887 Ubinam
807 1851 862 1887 illi
881 1852 1123 1893 sacerdotes,
1138 1859 1178 1888 et
1196 1863 1266 1888 cur
1284 1859 1494 1899 propterea
1507 1852 1597 1888 talis
1608 1852 1800 1889 vocifera-

304 1904 363 1939 tio
374 1904 413 1940 ?''

378 1956 612 2002 Respondit,
626 1957 733 2003 quod
745 1963 826 1992 tres
841 1957 895 1992 illi
910 1957 1138 1993 sacerdotes
1151 1958 1230 1993 sint
1246 1957 1284 1992 in
1300 1957 1433 1993 medio
1448 1957 1605 1993 illorum
1617 1968 1640 1993 a
1652 1957 1800 1994 satelli-

305 2009 411 2045 tibus
429 2009 631 2049 custoditi,
646 2016 687 2044 et
704 2010 811 2056 quod
827 2010 1058 2056 congregati
1077 2010 1157 2045 sint
1175 2021 1223 2045 ex
1243 2010 1319 2046 illis
1336 2010 1404 2056 qui
1422 2011 1591 2046 credunt
1604 2010 1802 2047 adulteria

306 2073 386 2097 non
404 2073 489 2097 esse
509 2069 681 2107 peccata,
697 2068 738 2097 et
756 2062 823 2108 qui
842 2062 983 2097 dicunt
1000 2063 1108 2109 quod
1127 2063 1317 2098 adulteris
1334 2073 1459 2109 aeque
1474 2063 1525 2098 sit
1543 2063 1696 2110 agnitio
1711 2062 1799 2104 Dei,

305 2115 409 2151 sicut
423 2115 499 2150 illis
517 2115 585 2160 qui
604 2115 686 2150 suis
700 2114 890 2150 uxoribus
902 2115 1141 2150 adhaerent:
1167 2122 1261 2150 sunt
1274 2126 1415 2151 omnes
1430 2115 1485 2150 illi
1503 2126 1552 2151 ex
1570 2115 1800 2152 Christiano

306 2168 420 2209 orbe:
446 2175 486 2203 et
506 2167 713 2203 visitatum
731 2173 793 2210 est
813 2167 862 2202 ab
884 2168 1047 2214 angelis,
1065 2175 1163 2213 quot
1186 2168 1238 2202 ibi
1257 2175 1390 2203 essent
1411 2168 1478 2214 qui
1499 2169 1669 2204 credunt
1685 2169 1800 2204 adul·

305 2221 402 2256 teria
418 2231 505 2255 esse
520 2227 695 2266 peccata,
709 2226 751 2255 et
768 2230 816 2255 ex
832 2220 940 2255 mille
956 2231 1035 2255 non
1052 2221 1204 2255 inventi
1224 2227 1316 2255 sunt
1332 2228 1511 2261 centum:
1530 2229 1570 2256 et
1584 2221 1686 2257 dixit
1700 2221 1798 2257 mihi

305 2273 413 2319 quod
429 2273 621 2319 nongenti
637 2273 691 2308 illi
706 2273 756 2308 de
769 2273 975 2308 adulteriis
989 2273 1205 2318 loquantur
1218 2273 1292 2313 ita;
1311 2272 1442 2320 “Quis
1458 2285 1537 2309 non
1552 2274 1675 2315 novit,
1689 2274 1798 2320 quod

305 2326 524 2372 jucundum
546 2325 730 2361 adulterii
757 2325 808 2361 sit
828 2325 1129 2371 supereminens
1151 2336 1244 2372 prae
1265 2326 1444 2372 jucundo
1465 2326 1663 2373 conjugii:
1688 2327 1798 2373 quod

305 2379 476 2413 adulteri
503 2379 541 2413 in
570 2385 763 2424 perpetuo
784 2378 917 2415 calore
943 2378 1033 2419 sint,
1052 2385 1092 2413 et
1119 2378 1211 2413 inde
1238 2379 1277 2413 in
1303 2379 1519 2418 alacritate,
1539 2379 1734 2415 industria
1757 2386 1799 2415 et

307 2430 437 2466 afflva
449 2430 532 2466 vita
551 2442 642 2477 prae
661 2431 747 2472 illis,
761 2431 828 2477 qui
847 2442 937 2466 cum
957 2442 1036 2466 una
1053 2431 1138 2466 sola
1155 2430 1302 2466 femina
1315 2432 1477 2471 vivunt:
1504 2439 1544 2467 et
1562 2432 1668 2478 quod
1683 2432 1799 2468 vicis-

307 2484 380 2519 sim
395 2494 508 2519 amor
520 2494 610 2519 cum
625 2484 798 2530 conjuge
812 2483 1006 2530 frigescat,
1021 2491 1061 2519 et
1079 2484 1318 2530 quandoque
1338 2484 1375 2519 in
1391 2492 1559 2525 tantum,
1574 2492 1619 2520 ut
1635 2485 1798 2520 tandem

307 2537 469 2572 vix-una
486 2547 564 2572 vox
583 2536 765 2583 loquelae
784 2543 825 2572 et
842 2536 1034 2572 consortii
1053 2547 1142 2572 cum
1163 2537 1229 2571 illa
1246 2537 1375 2578 vivat:
1401 2538 1517 2573 aliter
1533 2548 1623 2573 cum
1637 2537 1798 2579 scortis:

307 2589 414 2635 quod
443 2588 699 2624 mortificatio
723 2589 830 2624 vitae
856 2600 946 2624 cum
972 2600 1106 2629 uxore,
1134 2589 1302 2625 oriunda
1328 2601 1376 2625 ex
1401 2589 1556 2626 defec‘lu
1585 2590 1798 2637 potentiae,

307 2641 507 2677 reficiatur
524 2648 564 2677 et
581 2641 803 2677 vivificetur
820 2653 890 2688 per
903 2642 1194 2677 scortationes?
1245 2642 1403 2678 Numne
1426 2643 1464 2678 id
1486 2643 1594 2689 quod
1614 2642 1740 2678 reficit
1757 2649 1799 2678 et

308 2695 493 2734 vivificat,
521 2695 642 2740 pluris
669 2702 730 2730 est
759 2706 878 2741 quam
905 2695 1012 2742 quod
1040 2695 1281 2731 mortificat?
1332 2696 1439 2743 Quid
1465 2697 1696 2742 conjugium
1722 2695 1798 2732 nisi

308 2758 426 2793 quam
457 2748 650 2783 scortatio
679 2748 817 2783 licita?
849 2748 938 2794 quis
965 2748 1078 2784 novit
1105 2748 1343 2784 discrimen?
1395 2749 1498 2784 Num
1526 2760 1640 2784 amor
1664 2752 1798 2795 potest

307 2800 398 2846 cogi
413 2800 428 2836 Ρ
455 2807 497 2836 et
513 2806 647 2836 tamen
663 2811 775 2836 amor
792 2811 882 2836 cum
897 2811 1018 2836 uxore
1032 2801 1188 2848 cogitur
1206 2813 1275 2847 per
1288 2801 1429 2838 foedus
1447 2809 1488 2837 et
1505 2802 1624 2848 leges.
1675 2801 1798 2838 Estne

308 2863 421 2888 amor
440 2864 530 2888 cum
552 2853 723 2900 conjuge
743 2864 857 2888 amor
877 2852 1019 2889 sexus?
1049 2860 1090 2889 et
1115 2853 1179 2889 hic
1209 2862 1289 2889 tam
1317 2854 1548 2890 universalis
1575 2860 1646 2894 est,
1669 2861 1712 2889 ut
1746 2854 1798 2890 sit

308 2906 428 2940 etiam
448 2905 553 2952 apud
572 2916 663 2941 aves
681 2912 722 2941 et
740 2906 899 2941 bestias.
950 2905 1056 2953 Quid
1075 2916 1186 2942 amor
1203 2907 1439 2954 conjugialis
1457 2907 1531 2942 nisi
1550 2919 1667 2953 quam
1686 2918 1799 2943 amor

308 2958 453 2993 sexus?
479 2965 520 2994 et
534 2968 646 2993 amor
659 2969 774 2994 sexus
788 2965 848 2994 est
865 2959 965 2994 liber
978 2969 1067 2994 cum
1083 2959 1191 2994 omni
1207 2959 1363 2996 femina.
1409 2959 1528 3006 Quod
1543 2960 1648 3006 leges
1662 2960 1797 2996 civiles

309 3010 389 3046 sint
415 3018 555 3047 contra
579 3011 784 3052 adulteria,
805 3018 868 3047 est
893 3012 985 3058 quia
1009 3012 1155 3049 latores
1181 3012 1312 3059 legum
1335 3013 1599 3053 crediderunt,
1622 3013 1729 3056 quod
1757 3013 1794 3049 id
