2014 3386
551 336 619 369 DE
650 333 831 368 AMORE
861 331 1286 376 CONJUGIAL1.—N.
1317 314 1410 375 '133.
1655 332 1729 363 111

229 462 353 498 quam
368 449 476 497 quod
492 455 599 485 amet
616 459 639 484 a
656 458 710 488 se,
725 454 766 483 et
783 446 912 493 sapiat
930 457 954 482 a
971 457 1024 487 se,
1040 457 1108 481 seu
1124 445 1230 492 quod
1247 445 1397 480 bonum
1418 443 1514 479 velit
1532 449 1573 478 et
1591 454 1731 479 verum

231 504 429 550 intelligat
442 514 466 538 a
476 514 529 543 se,
541 513 630 537 cum
641 509 777 536 tamen
790 511 840 535 ne
853 500 977 535 hilum
991 510 1015 534 a
1029 510 1082 539 se,
1095 499 1165 534 sed
1180 510 1203 533 a
1218 499 1322 538 Deo;
1344 498 1453 533 solus
1467 497 1577 532 Deus
1586 504 1696 536 amat
1710 507 1733 532 a

232 557 295 598 Se,
314 564 356 592 et
372 557 477 602 sapit
494 566 518 591 a
536 555 598 596 Se,
613 555 707 600 quia
725 554 835 589 Deus
853 560 916 588 est
934 553 1017 599 ipse
1036 553 1166 588 Amor
1183 559 1225 587 et
1244 552 1328 597 ipsa
1347 550 1572 596 Sapientia;
1594 549 1734 585 simili-

231 611 331 645 tudo
350 620 419 645 seu
441 608 686 655 apparentia,
704 607 812 654 quod
831 617 944 641 amor
964 612 1005 641 et
1026 604 1232 651 sapientia,
1253 615 1323 639 seu
1345 605 1495 638 bonum
1518 609 1559 638 et
1579 613 1731 643 verum,

230 664 311 699 sint
330 663 370 698 in
389 662 552 697 homine
570 661 675 696 sicut
693 662 790 706 ejus,
809 659 904 695 facit
922 666 966 694 ut
983 658 1107 694 homo
1125 658 1178 694 sit
1195 657 1330 696 homo.
1346 664 1472 702 utque
1491 655 1620 702 possit
1638 666 1733 690 con-

230 715 343 762 jungi
365 715 463 756 Deo,
482 721 523 750 et
541 714 599 750 sic
623 714 757 749 vivere
784 713 824 748 in
850 719 1079 753 aeternum;
1109 722 1157 747 ex
1184 722 1264 756 quo
1285 710 1385 750 fluit,
1404 709 1512 755 quod
1531 709 1655 744 homo
1681 708 1734 743 sit

233 770 356 804 homo
377 780 425 804 ex
447 779 506 808 eo,
526 768 634 814 quod
657 768 785 813 possit
802 767 905 801 velle
926 766 1077 801 bonum
1101 775 1148 799 ac
1170 763 1394 809 intelligere
1410 773 1552 798 verum
1572 773 1733 808 prorsus

230 823 335 858 sicut
352 833 376 857 a
392 833 445 862 se,
459 828 500 857 et
518 832 644 867 usque
662 821 762 855 scire
779 827 821 855 et
839 819 1000 854 credere
1018 817 1126 864 quod
1145 828 1169 852 a
1185 817 1295 858 Deo:
1322 827 1415 851 nam
1435 816 1541 851 sicut
1559 815 1638 850 hoc
1657 815 1733 850 scit

231 883 272 912 et
298 875 437 915 credit,
456 874 570 920 ponit
590 874 699 909 Deus
717 873 930 919 imaginem
949 882 1062 907 suam
1085 871 1124 907 in
1146 870 1334 911 homine;
1360 870 1477 905 aliter
1496 869 1530 905 si
1552 868 1733 904 crederet

229 929 337 975 quod
357 939 380 963 a
397 939 439 963 se
457 934 498 963 et
515 938 597 962 non
617 938 642 962 a
662 926 783 962 Deo.''

304 981 379 1017 His
396 980 526 1021 dictis,
542 980 773 1026 supervenit
793 979 882 1014 illos
895 978 1002 1014 zelus
1021 989 1069 1013 ex
1087 987 1223 1012 amore
1236 975 1427 1016 veritatis,
1442 987 1489 1011 ex
1509 986 1589 1021 quo
1607 974 1732 1010 locuti

229 1043 324 1072 sunt
343 1035 441 1071 haec
457 1045 465 1070 :
491 1040 511 1053 ‘⁴
525 1034 741 1081 Quomodo
756 1040 890 1079 potest
905 1033 1027 1068 homo
1042 1032 1216 1077 recipere
1231 1030 1382 1076 aliquid
1401 1029 1549 1065 amoris
1567 1036 1609 1064 et
1627 1028 1733 1074 sapi-

229 1089 373 1129 entiae,
392 1099 438 1123 ac
464 1088 635 1123 retinere
655 1087 764 1127 illud,
788 1097 835 1121 ac
853 1086 1116 1131 reproducere
1136 1084 1244 1124 illud,
1258 1084 1333 1118 nisi
1349 1083 1497 1118 sentiat
1512 1082 1609 1117 illud
1628 1082 1733 1117 sicut

229 1141 375 1178 suum?
401 1150 442 1176 et
460 1140 665 1187 quomodo
684 1146 818 1186 potest
836 1137 1067 1184 conjunctio
1085 1138 1169 1172 dari
1188 1148 1278 1172 cum
1300 1136 1387 1171 Deo
1407 1147 1476 1182 per
1493 1146 1669 1170 amorem
1692 1142 1733 1170 et

229 1195 479 1241 sapientiam,
495 1194 570 1229 nisi
586 1194 723 1228 datum
738 1193 789 1228 sit
803 1191 956 1227 homini
971 1191 1133 1237 aliquod
1149 1190 1396 1236 reciprocum
1409 1187 1732 1234 conjunctionis?

230 1259 321 1283 nam
334 1249 483 1294 absque
496 1247 699 1292 reciproco
711 1246 820 1280 nulla
828 1243 1063 1290 conjunctio
1075 1244 1216 1279 dabilis
1228 1250 1307 1283 est:
1325 1250 1366 1278 et
1379 1242 1623 1288 reciprocum
1637 1253 1732 1277 con-

228 1300 447 1348 junctionis
466 1307 537 1340 est,
557 1300 664 1346 quod
687 1299 810 1334 homo
828 1305 935 1333 amet
956 1298 1097 1338 Deum,
1116 1303 1157 1332 et
1174 1297 1302 1342 sapiat
1321 1296 1388 1331 illa
1404 1307 1507 1341 quae
1527 1295 1602 1330 Dei
1626 1302 1730 1335 sunt,

229 1355 333 1390 sicut
350 1365 374 1389 a
391 1365 444 1393 se,
462 1360 503 1388 et
521 1360 654 1388 tamen
670 1353 808 1387 credat
825 1351 934 1397 quod
952 1361 976 1385 a
994 1350 1104 1386 Deo:
1124 1357 1212 1385 tum
1231 1349 1436 1395 quomodo
1455 1355 1590 1394 potest
1608 1348 1731 1383 homo

229 1408 364 1443 vivere
387 1407 424 1441 in
448 1413 664 1445 aeternum,
685 1405 760 1440 nisi
780 1403 1018 1450 conjunctus
1036 1403 1089 1439 sit
1112 1403 1200 1438 Deo
1221 1401 1411 1438 aeterno?
1437 1408 1731 1447 consequenter

229 1460 435 1507 quomodo
446 1459 570 1494 homo
582 1465 714 1504 potest
726 1469 812 1493 esse
824 1458 946 1492 homo
958 1458 1106 1502 absque
1117 1456 1183 1491 illa
1194 1456 1456 1491 similitudine
1474 1455 1546 1490 Dei
1560 1455 1598 1489 in
1611 1454 1730 1489 i110?”

303 1513 378 1548 His
399 1512 546 1548 auditis
568 1511 752 1547 faverunt
773 1521 924 1550 omnes,
946 1517 988 1545 et
1009 1510 1207 1549 dixerunt,
1230 1509 1300 1543 fiat
1320 1509 1554 1543 conclusum
1581 1518 1628 1543 ex
1657 1507 1729 1546 his,

230 1567 329 1602 hoc:
355 1570 375 1584 ⁴‘
390 1565 526 1601 Homo
545 1571 606 1600 est
624 1564 918 1610 receptaculum
939 1563 1023 1603 Dei,
1043 1569 1084 1598 et
1105 1562 1398 1607 receptaculum
1420 1561 1493 1596 Dei
1515 1567 1577 1596 est
1599 1561 1731 1606 imago

231 1619 327 1660 Dei;
353 1626 394 1654 et
412 1619 505 1665 quia
525 1618 634 1653 Deus
652 1624 713 1653 est
731 1617 816 1663 ipse
836 1617 964 1651 Amor
979 1622 1020 1651 et
1039 1615 1125 1661 ipsa
1146 1615 1361 1660 Sapientia,
1377 1621 1439 1650 est
1457 1614 1580 1649 homo
1595 1624 1731 1659 recep—

229 1673 406 1708 taculum
430 1672 610 1711 illorum;
644 1681 690 1705 ac
716 1669 1009 1715 receptaculum
1037 1669 1082 1703 fit
1108 1668 1241 1714 imago
1269 1667 1343 1702 Dei
1370 1668 1474 1703 sicut
1495 1666 1658 1712 recipit:
1691 1673 1731 1701 et

230 1725 341 1772 quod
356 1725 478 1760 homo
492 1725 543 1760 sit
557 1724 778 1759 similitudo
794 1723 868 1758 Dei
883 1734 932 1758 ex
946 1733 1005 1762 eo,
1018 1722 1125 1767 quod
1141 1721 1287 1756 sentiat
1302 1721 1341 1755 in
1357 1731 1409 1760 se,
1424 1720 1531 1766 quod
1549 1720 1616 1754 illa
1629 1730 1731 1765 quae

230 1789 254 1814 a
275 1781 362 1816 Deo
380 1785 485 1818 sunt,
500 1778 581 1813 sint
600 1777 638 1812 in
659 1777 727 1812 illo
745 1776 848 1811 sicut
863 1777 960 1822 ejus,
979 1782 1020 1810 at
1038 1785 1162 1820 usque
1177 1774 1285 1819 quod
1303 1780 1462 1808 tantum
1481 1784 1529 1808 ex
1547 1773 1732 1808 similitu-

229 1833 323 1869 dine
345 1830 413 1866 illa
437 1831 489 1866 sit
512 1831 643 1876 imago
667 1830 751 1869 Dei,
774 1836 968 1875 quantum
990 1827 1173 1874 agnoscit
1193 1827 1302 1873 quod
1324 1837 1438 1861 amor
1458 1833 1498 1861 et
1519 1826 1728 1871 sapientia,

231 1896 300 1920 seu
322 1886 470 1919 bonum
498 1890 538 1919 et
563 1894 713 1923 verum,
732 1894 811 1917 non
834 1882 915 1917 sint
942 1882 981 1916 in
1009 1882 1076 1916 illo
1097 1881 1195 1927 ejus,
1213 1887 1253 1916 et
1280 1880 1371 1915 inde
1393 1890 1466 1915 nec
1490 1880 1540 1914 ab
1562 1879 1641 1919 illo,
1661 1879 1729 1914 sed

229 1938 359 1973 solum
382 1937 420 1972 in
442 1937 540 1976 Deo,
560 1943 601 1971 et
620 1936 711 1971 inde
729 1946 753 1970 a
772 1935 896 1971 Deo.¹’

303 1998 413 2036 133.
451 1990 550 2024 Post
576 1990 674 2024 haec
698 1989 867 2024 alterum
890 1985 1092 2033 objectum
1117 1985 1393 2022 ventilationis
1415 1991 1729 2030 assumpserunt,

233 2044 314 2086 Cur
330 2044 437 2079 lzomo
457 2055 530 2078 non
552 2045 730 2078 nascitur
747 2044 790 2077 in
807 2043 1007 2077 scientiam
1030 2041 1149 2075 ullius
1165 2042 1319 2079 amoris,
1337 2051 1423 2074 cum
1445 2043 1575 2074 tamen
1592 2039 1731 2073 bestiae

229 2101 265 2132 et
280 2108 378 2135 aves,
394 2101 474 2131 tam
494 2097 632 2131 nobiles
645 2107 760 2141 quam
779 2095 967 2142 zgnobiles,
982 2097 1196 2128 nascuntur
1208 2095 1250 2127 in
1267 2094 1448 2127 scientias
1459 2093 1630 2127 omnium
1647 2103 1730 2126 suo-

229 2161 318 2185 rum
344 2161 531 2185 amorum.
585 2149 761 2183 Primum
787 2148 996 2183 veritatem
1033 2146 1318 2192 propositionis
1339 2146 1633 2180 confirmabant
1660 2155 1730 2190 per

230 2203 359 2243 varia:
385 2209 430 2237 ut
448 2203 497 2238 de
516 2202 689 2241 homine,
704 2201 812 2247 quod
831 2207 1017 2236 nascatur
1035 2200 1073 2234 in
1093 2200 1241 2234 nullam
1261 2198 1481 2238 scientiam,
1501 2208 1549 2233 ne
1568 2198 1728 2243 quidem

231 2256 270 2291 in
293 2256 500 2291 scientiam
523 2255 670 2290 amoris
691 2253 950 2301 conjugialis;
976 2259 1017 2288 et
1039 2252 1340 2298 inquisiverunt,
1362 2258 1403 2287 et
1429 2262 1453 2286 a
1474 2251 1729 2286 rimatoribus

229 2309 480 2348 audiverunt,
499 2308 606 2354 quod
639 2306 768 2342 infans
795 2317 844 2342 ne
871 2306 1034 2352 quidem
1064 2316 1112 2340 ex
1142 2312 1317 2340 connata
1341 2304 1652 2350 scientia·queat
1679 2303 1728 2338 ad

231 2363 328 2397 uber
346 2362 484 2397 matris
502 2367 630 2396 semet
647 2361 872 2399 admovere,
891 2359 960 2394 sed
987 2359 1095 2404 quod
1123 2369 1147 2393 a
1171 2366 1297 2393 matre
1323 2369 1391 2393 seu
1419 2357 1573 2392 nutrice
1591 2357 1730 2391 admo-

231 2415 386 2451 vendus
412 2415 485 2455 sit:
520 2420 561 2449 et
586 2414 694 2459 quod
717 2413 838 2448 modo
856 2413 955 2448 sciat
973 2411 1159 2458 fflsngere,
1178 2418 1219 2446 et
1244 2411 1352 2457 quod
1380 2410 1457 2445 hoc
1478 2409 1656 2445 hauserit
1681 2420 1729 2444 ex

229 2468 422 2504 continua
439 2466 620 2503 mistione
648 2466 686 2501 in
713 2473 851 2506 utero:
881 2472 922 2500 et
947 2465 1058 2511 quod
1085 2472 1224 2510 postea
1242 2475 1321 2499 non
1341 2464 1440 2499 sciat
1457 2462 1625 2509 gradiri:
1656 2473 1729 2497 nec

231 2521 438 2556 articulare
466 2531 607 2555 sonum
636 2520 674 2554 in
701 2519 877 2565 aliquam
902 2529 1043 2553 vocem
1070 2517 1305 2558 humanam;
1341 2517 1464 2551 immo
1491 2526 1564 2551 nec
1589 2525 1730 2550 sonare

231 2573 484 2609 affectionem
504 2573 564 2608 sui
591 2573 750 2613 amoris,
770 2572 874 2607 sicut
892 2572 1067 2606 bestiae:
1101 2577 1142 2606 et
1168 2581 1297 2616 porro,
1317 2570 1424 2616 quod
1445 2580 1520 2604 non
1541 2568 1641 2603 sciat
1659 2567 1730 2602 ali-

231 2638 351 2673 quam
378 2627 607 2662 alimoniam
635 2626 709 2661 sibi
735 2625 1040 2664 conducibilem,
1060 2623 1162 2659 sicut
1188 2634 1327 2658 omnes
1346 2622 1505 2662 bestiae,
1525 2621 1594 2657 sed
1621 2620 1729 2666 quod

230 2679 393 2725 arripiat
418 2679 593 2719 obvium,
620 2679 703 2714 sive
742 2679 795 2714 sit
822 2678 1019 2712 mundum
1045 2678 1130 2712 sive
1157 2676 1420 2716 immundum,
1447 2682 1488 2710 et
1515 2674 1659 2709 inferat
1690 2673 1729 2707 in

230 2733 408 2767 buccam.
462 2732 688 2767 Rimatores
712 2731 911 2771 dixerunt,
934 2730 1041 2776 quod
1066 2730 1188 2765 homo
1214 2730 1364 2774 absque
1387 2727 1656 2766 instruCtione‚
1680 2736 1729 2761 ne

230 2785 391 2831 quidem
414 2785 513 2820 sciat
539 2785 765 2820 discernere
786 2794 937 2822 sexum.
955 2790 997 2818 et
1022 2793 1185 2829 prorsus
1210 2782 1308 2816 nihil
1336 2783 1386 2816 de
1412 2781 1542 2816 modis
1567 2778 1728 2814 amandi

233 2837 341 2872 illum
356 2849 365 2877 ς
389 2844 430 2872 et
443 2837 550 2883 quod
569 2837 644 2872 hos
662 2848 712 2872 ne
730 2836 891 2882 quidem
909 2836 1083 2882 virgines
1101 2842 1142 2870 et
1159 2835 1326 2880 juvenes
1340 2835 1489 2879 absque
1504 2832 1728 2868 eruditione

232 2891 281 2925 ab
300 2890 397 2929 aliis.
416 2889 577 2925 tametsi
600 2889 638 2924 in
659 2889 789 2925 varias
807 2889 994 2924 scientias
1013 2888 1171 2923 educati
1193 2894 1297 2923 sunt.
1348 2887 1481 2922 Verbo
1499 2885 1622 2920 homo
1640 2894 1729 2919 nas-

231 2943 336 2977 citur
353 2952 568 2987 corporeus
589 2942 693 2977 sicut
713 2942 878 2982 vermis:
906 2948 947 2977 et
970 2947 1106 2976 manet
1127 2950 1351 2986 corporeus,
1371 2939 1446 2973 nisi
1469 2938 1597 2973 discat
1617 2936 1727 2976 scire,

236 2991 456 3041 intelligere
474 3001 522 3030 ’et
547 3005 686 3041 sapere
711 3005 760 3030 ex
785 2994 883 3030 aliis.
935 2994 1033 3029 Post
1058 2994 1157 3029 haec
1182 2992 1481 3032 confirmabant,
1507 2989 1614 3037 quod
1641 2989 1729 3025 bes-
