2014 3386
503 353 570 384 DE
603 351 781 384 AMORE
814 351 1241 395 CONJUGIAL1.—N.
1269 353 1364 395 239.
1599 356 1677 397 193

179 467 336 521 gativa
354 466 591 508 animabus
609 467 745 508 insita
763 480 789 507 a
806 466 1038 522 creatione
1059 479 1068 517 ;
1093 471 1139 507 et
1158 466 1340 519 insuper
1354 479 1433 520 per
1446 465 1678 519 analogon

179 533 224 574 in
251 529 465 584 subjeffls
490 531 619 583 regni
645 529 935 583 vegetabilis,
960 530 1080 584 quod
1113 530 1157 570 in
1184 530 1356 571 intimis
1379 530 1678 583 germinatio-

179 608 288 636 num
315 595 460 636 lateat
493 595 767 648 propagatio
797 595 937 648 ipsius
964 594 1164 642 seminis,
1192 599 1239 634 et
1265 593 1371 634 inde
1398 595 1556 643 totiuS,
1584 595 1679 635 sive

179 660 238 701 sit
263 659 411 707 arbor,
435 659 530 699 sive
553 658 804 707 arbustum,
829 658 924 699 sive
946 657 1208 711 virgultum.
1269 657 1354 699 Vis
1375 657 1489 699 haec
1512 671 1677 712 propa-

179 723 337 775 gativa
381 735 459 762 seu
503 721 699 775 plastica
743 722 788 762 in
833 722 1081 763 seminibus
1121 721 1166 762 in
1207 720 1293 762 hoc
1339 735 1498 774 regno,
1542 728 1591 762 et
1633 722 1678 762 in

179 785 419 826 animabus
459 785 504 826 in
541 784 704 834 altero,
741 798 832 826 non
873 785 1057 826 aliunde
1097 791 1183 833 est,
1217 797 1352 839 quam
1385 799 1444 825 ex
1486 784 1679 838 sphaera

180 848 440 902 conjugiali‚
468 862 585 902 quae
616 855 689 890 est
720 848 828 889 boni
860 854 907 889 et
934 849 1043 897 veri,
1071 862 1188 902 quae
1220 862 1279 889 ex
1314 848 1513 889 Domino
1540 848 1677 889 Crea-

180 921 293 955 tore·
323 920 370 954 et
412 912 601 954 Statore
632 913 828 954 universi
860 918 1083 966 perpetuo
1115 918 1314 961 emanat,
1343 918 1391 953 et
1424 912 1567 953 influit
1602 911 1678 966 (de

108 986 110 989 ’
179 990 268 1031 qua
293 989 443 1030 supra,
473 989 514 1016 n.
543 974 790 1029 222—225);
824 990 973 1029 exque
1000 976 1098 1016 nisu
1130 975 1320 1016 duorum
1352 974 1546 1024 illorum,
1570 975 1677 1015 boni

179 1047 227 1082 et
267 1041 376 1088 veri,
410 1040 532 1088 inibi,
567 1039 624 1080 ad
665 1038 1035 1092 conjungendum
1076 1053 1125 1080 se
1164 1039 1209 1080 in
1246 1052 1411 1088 unum;
1453 1038 1523 1079 hic
1557 1039 1679 1079 nisus

179 1103 448 1157 conjugialis
474 1103 675 1144 insidens
701 1103 938 1144 animabus
970 1109 1055 1151 est,
1084 1117 1144 1144 ex
1170 1116 1260 1156 quo
1286 1102 1525 1155 originitus
1552 1115 1679 1143 amor

179 1167 448 1221 conjugialis
481 1167 669 1208 existit:
716 1167 837 1220 quod
878 1167 1000 1207 idern
1036 1166 1147 1207 illud
1189 1165 1464 1219 conjugium,
1498 1180 1559 1207 ex
1590 1180 1679 1220 quo

180 1232 376 1286 sphaera
408 1231 486 1272 illa
518 1230 786 1271 universalis
818 1237 903 1279 est,
936 1230 1073 1271 faciat
1103 1230 1344 1271 ecclesiam
1376 1230 1495 1283 apud
1531 1229 1678 1271 homi-

182 1308 302 1344 nem,
331 1295 375 1335 in
402 1295 554 1348 capite
582 1294 651 1335 De
678 1292 904 1347 Conjugio
931 1293 1046 1334 Boni
1072 1299 1119 1335 et
1141 1292 1265 1341 Veri,
1290 1299 1337 1334 et
1363 1293 1530 1346 pluries
1556 1293 1677 1343 alibi,

180 1360 292 1400 satis
311 1372 533 1412 superque
551 1364 789 1399 ostensum
808 1364 879 1398 est
896 1370 904 1398 :
938 1357 1043 1398 inde
1065 1357 1108 1397 in
1132 1357 1254 1398 omni
1278 1357 1507 1398 evidentia
1524 1370 1677 1399 coram

181 1424 362 1464 ratione
389 1428 535 1476 patet,
564 1421 685 1475 quod
717 1422 845 1474 origo
875 1420 1098 1462 ecclesiae
1130 1427 1177 1461 et
1210 1421 1339 1473 origo
1370 1421 1537 1461 amoris
1569 1434 1678 1462 con·

177 1486 373 1540 jugialis,
390 1486 480 1526 sint
503 1485 547 1525 in
566 1498 653 1525 una
672 1485 795 1534 sede,
815 1490 862 1526 et
881 1485 1001 1538 quod
1021 1484 1113 1525 sint
1136 1484 1179 1524 in
1199 1484 1414 1524 continuo
1432 1484 1650 1537 amplexu
1668 1498 1678 1535 ;

180 1550 261 1592 sed
289 1550 346 1591 de
372 1549 456 1590 hac
484 1563 531 1589 re
553 1548 796 1589 videantur
820 1547 950 1602 plura
972 1561 1106 1601 supra
1136 1546 1198 1601 (n.
1227 1546 1353 1600 130);
1387 1547 1461 1587 ubi
1487 1548 1677 1588 demon-

180 1619 380 1654 stratum
406 1618 492 1661 est,
521 1612 642 1666 quod
674 1625 802 1652 amor
829 1610 1100 1665 conjugialis
1131 1611 1190 1651 sit
1223 1610 1472 1651 secundum
1505 1617 1677 1651 statum

180 1675 404 1718 ecclesiae
435 1676 556 1730 apud
594 1676 855 1726 hominem;
902 1676 965 1716 sic
1006 1689 1067 1716 ex
1106 1674 1343 1727 religione,
1376 1675 1479 1728 quia
1519 1674 1680 1728 religio

179 1740 288 1782 facit
329 1740 448 1781 hunc
489 1746 677 1780 statum.
740 1739 896 1780 Homo
936 1739 1075 1780 etiam
1114 1745 1292 1780 creatus
1325 1745 1411 1786 est,
1445 1744 1494 1778 ut
1533 1739 1678 1791 possit

179 1805 370 1845 interior
396 1810 442 1845 et
469 1804 657 1844 interior
677 1802 786 1852 fieri,
806 1809 853 1844 et
880 1803 943 1844 sic
971 1803 1154 1857 propius
1177 1809 1223 1844 et
1246 1803 1429 1856 propius
1451 1803 1677 1843 introduci

180 1882 259 1910 seu
281 1867 449 1910 elevari
475 1867 532 1908 ad
558 1867 669 1908 illud
692 1866 964 1920 conjugium,
989 1873 1035 1908 et
1058 1867 1121 1907 sic
1147 1867 1191 1907 in
1214 1879 1416 1907 amorem
1439 1879 1547 1906 vere
1568 1873 1677 1906 co'n-

176 1931 408 1986 jugialem,
442 1937 489 1973 et
529 1930 616 1972 hoc
656 1945 796 1985 usque
828 1937 876 1971 ut
913 1931 1133 1984 percipiat
1166 1935 1340 1971 statum
1381 1930 1679 1970 beatitudinis

181 1995 303 2049 ejus:
337 1995 458 2049 quod
485 1995 666 2036 unicum
692 1994 892 2035 medium
918 1992 1268 2035 introduffionis
1291 2007 1369 2034 seu
1392 1992 1676 2042 elevationis,

179 2060 240 2101 sit
266 2058 442 2112 religio,
471 2064 602 2112 patet
635 2057 756 2099 clare
782 2071 807 2098 a
834 2056 1120 2111 supradictis,
1148 2057 1269 2111 quod
1301 2057 1431 2109 origo
1457 2056 1679 2097 ecclesiae

180 2129 227 2164 et
250 2123 381 2176 origo
398 2123 565 2163 amoris
583 2121 851 2175 conjugialis
869 2122 959 2162 sint
982 2122 1026 2162 in
1045 2121 1206 2162 eadem
1224 2120 1347 2168 sede,
1367 2126 1414 2161 et
1436 2120 1495 2160 ibi
1518 2121 1561 2160 in
1580 2133 1677 2160 mu-

180 2193 262 2228 tuo
284 2185 519 2240 amplexu,
540 2191 586 2227 et
602 2186 723 2239 quod
746 2185 852 2226 inde
875 2198 964 2226 non
988 2185 1166 2238 possint
1188 2197 1279 2225 non
1298 2182 1540 2236 conjun&a
1563 2197 1677 2224 esse.

265 2259 397 2304 239.
439 2248 513 2290 Ex
546 2262 664 2290 nunc
706 2247 837 2289 diCtis
869 2249 1087 2301 sequitur,
1120 2247 1241 2301 quod
1274 2247 1348 2287 ubi
1380 2260 1470 2289 non
1502 2246 1676 2300 religio,

180 2313 240 2354 ibi
273 2326 356 2354 nec
389 2313 523 2354 detur
553 2325 682 2353 amor
712 2311 1007 2365 conjugialis;
1039 2317 1086 2352 et
1118 2310 1239 2365 quod
1272 2310 1346 2351 ubi
1378 2323 1468 2350 non
1500 2309 1587 2359 hic,
1616 2310 1674 2350 ibi

180 2377 239 2418 sit
266 2376 431 2429 frigus;
465 2375 585 2430 quod
611 2375 751 2428 frigus
774 2374 1032 2428 conjugiale
1053 2375 1112 2415 sit
1136 2374 1333 2428 privatio
1355 2372 1473 2413 illius
1495 2374 1675 2419 amoris,

180 2439 391 2480 videatur
416 2453 550 2493 supra
584 2438 647 2492 (n.
675 2438 807 2492 235);
840 2443 1177 2491 consequenter
1199 2436 1319 2490 quod
1351 2436 1490 2490 frigus
1522 2435 1677 2489 conju·

181 2502 302 2556 giale
344 2503 402 2543 sit
443 2503 582 2543 etiam
624 2502 821 2555 privatio
861 2507 1011 2542 status
1049 2500 1286 2548 ecclesiae,
1320 2513 1400 2540 seu
1431 2499 1676 2551 religionis,

183 2565 557 2607 Confirmativum
583 2566 694 2606 satis
720 2565 920 2614 evidens,
945 2564 1066 2619 quod
1092 2564 1157 2604 ita
1183 2563 1257 2611 sit,
1283 2569 1438 2616 potest
1462 2563 1592 2603 educi
1618 2575 1677 2602 ex

182 2629 412 2669 communi
452 2629 631 2669 inscitia
671 2628 807 2669 hodie
839 2628 896 2669 de
937 2640 1092 2668 amore
1123 2640 1232 2667 vere
1269 2625 1539 2678 conjugiali:
1580 2625 1677 2677 quis

182 2691 320 2733 hodie
346 2693 446 2741 scit,
471 2698 517 2733 et
545 2692 643 2746 quis
668 2691 805 2732 hodie
827 2691 925 2732 vult
948 2703 1214 2744 agnoscere,
1238 2696 1286 2731 et
1308 2690 1406 2743 quis
1428 2688 1563 2729 hodie
1587 2700 1677 2727 non

184 2755 425 2795 miraturus
459 2762 551 2802 est,
589 2755 710 2808 quod
746 2754 875 2807 origo
916 2754 1084 2795 amoris
1116 2751 1386 2805 conjugialis
1427 2751 1678 2791 deducatur

183 2817 316 2858 inde?
377 2817 467 2859 Sed
499 2817 586 2858 hoc
615 2830 705 2858 non
731 2817 912 2858 aliunde
939 2823 1024 2865 est,
1052 2829 1187 2870 quam
1214 2815 1333 2869 quod
1361 2813 1547 2855 tametsi
1573 2812 1677 2853 reli-

183 2880 259 2932 gio
285 2886 370 2930 est,
399 2894 539 2934 usque
571 2893 662 2921 non
689 2894 796 2922 vera
827 2879 920 2934 ejus
952 2881 1071 2930 sint;
1104 2886 1150 2920 et
1177 2879 1283 2932 quid
1315 2877 1475 2929 religio
1506 2875 1679 2928 absque

182 2942 333 2984 veris?
393 2942 527 2996 Quod
555 2956 645 2984 non
672 2957 779 2984 vera
805 2944 909 2992 sint,
937 2943 981 2984 in
1007 2941 1285 2994 Apocalypsi
1301 2939 1516 2981 Revelata
1543 2937 1678 2989 plene

184 3010 421 3046 ostensum
446 3012 547 3059 est;
580 3007 823 3048 videantur
849 3007 988 3048 etiam
1015 3003 1332 3046 Memorabilia
1360 3002 1421 3057 (n.
1447 2998 1550 3054 566)
1576 3001 1647 3041 ibi.
