2014 3386
543 368 611 401 DE
642 367 823 402 AMORE
854 366 1279 410 CONJUGIAL1.÷-N.
1308 357 1374 410 83.
1653 358 1703 400 81

209 480 329 518 Sacra
340 491 364 517 a
378 479 573 527 principio
585 480 634 515 ad
650 479 791 520 finem;
813 479 908 525 quid
925 478 978 514 ibi
992 478 1098 514 aliud
1115 478 1153 513 in
1167 489 1333 518 summa,
1346 478 1420 514 nisi
1435 489 1553 524 quam
1569 477 1706 524 fugere

207 534 313 570 mala
333 541 374 571 et
394 533 523 570 facere
541 534 656 574 bona,
675 544 721 568 ac
741 533 904 568 credere
927 532 966 567 in
990 531 1209 567 Dominum
1230 531 1389 567 Deum?
1432 531 1480 566 Et
1503 530 1708 577 praeterea

207 588 355 634 absque
374 587 435 622 his
454 587 578 622 tribus
595 597 678 621 non
695 593 757 622 est
774 585 908 632 aliqua
924 585 1084 632 religio:
1110 592 1222 620 estne
1237 585 1377 632 religio
1390 584 1523 620 vitae?
1552 592 1593 620 et
1610 585 1705 631 quid

207 640 291 676 vita
310 639 385 675 nisi
403 650 522 686 quam
542 639 677 685 fugere
695 639 799 674 mala
816 646 857 674 et
875 638 1003 674 facere
1021 638 1154 674 bona?
1205 637 1423 685 Quomodo
1438 645 1570 683 potest
1584 638 1707 674 homo

207 693 307 729 haec
323 692 452 728 facere
472 698 513 728 et
534 693 600 727 illa
617 693 778 727 credere
796 692 871 727 nisi
893 699 938 727 ut
958 692 1008 726 ab
1029 691 1145 737 ipso?
1196 690 1329 739 Quare
1351 691 1382 727 si
1404 702 1586 727 removes
1608 691 1707 727 haec

206 746 257 782 ab
274 746 450 786 ecclesia,
470 756 651 781 removes
672 746 722 780 ab
744 745 811 780 illa
829 745 1074 791 Scripturam
1094 744 1267 784 Sacram
1286 752 1326 780 et
1347 755 1507 791 quoque
1526 755 1707 780 removes

208 798 460 846 religionem:
486 799 630 845 quibus
648 798 812 834 remotis
830 798 998 833 ecclesia
1015 808 1096 833 non
1115 804 1176 833 est
1194 797 1397 833 ecclesia.''

278 851 350 887 Vir
367 851 432 888 ille
446 851 509 887 his
521 851 669 887 auditis
682 851 854 892 recessit,
869 858 910 886 et
924 850 1160 897 pensitavit;
1185 857 1226 887 at
1241 862 1369 898 usque
1383 850 1532 886 abivit
1523 862 1562 886 m
1578 839 1706 898 indig-

208 905 384 943 natione.

908 1219 1007 1277 [V.]

207 1355 286 1398 DE
311 1364 531 1399 ORIGINE
563 1355 768 1398 AMORIS
801 1355 1140 1407 CONJUGIALIS
1181 1365 1249 1398 Ex
1290 1363 1541 1407 CONJUGIO
1572 1354 1704 1397 BON1

830 1432 895 1463 ET
927 1422 1075 1464 VERI.

292 1558 388 1613 83.
429 1558 545 1602 Sunt
571 1560 768 1613 origines
799 1560 966 1601 amoris
997 1558 1265 1614 conjugialis
1296 1559 1502 1600 internae
1534 1564 1582 1600 et
1623 1572 1706 1600 ex-

206 1628 380 1672 ternae,
422 1637 474 1664 ac
515 1623 721 1665 internae
761 1629 867 1665 sunt
909 1623 1074 1677 plures,
1116 1623 1324 1664 similiter
1363 1629 1612 1672 externae;
1657 1627 1705 1663 at

208 1686 337 1740 origo
361 1687 522 1727 intima
552 1700 631 1728 seu
662 1686 928 1728 universalis
954 1687 1156 1728 omnium
1182 1692 1253 1728 est
1284 1699 1398 1737 una;
1441 1685 1561 1739 quod
1592 1685 1706 1726 haec

207 1749 266 1791 sit
289 1749 546 1803 conjugium
568 1750 676 1792 boni
697 1757 744 1792 et
766 1751 873 1800 veri,
892 1751 937 1792 in
960 1764 1078 1792 nunc
1102 1749 1397 1804 sequentibus
1419 1749 1706 1789 demonstra·

192 1807 341 1855 bitur.
404 1812 538 1866 Quod
562 1813 709 1855 adhuc
732 1827 823 1855 non
847 1814 1007 1868 aliquis
1026 1815 1246 1867 originem
1269 1813 1387 1854 illius
1410 1812 1576 1853 amoris
1602 1811 1706 1852 inde

208 1876 468 1926 deduxerit,
493 1883 564 1918 est
587 1878 690 1931 quia
712 1877 845 1919 latuit
868 1878 988 1932 quod
1011 1877 1165 1932 aliqua
1186 1877 1292 1918 unio
1314 1877 1372 1917 sit
1395 1877 1514 1917 inter
1535 1872 1705 1916 bonum

209 1947 257 1982 et
282 1954 465 1993 verum;
498 1947 545 1983 et
572 1941 705 1983 latuit
731 1943 835 1996 quia
857 1942 1028 1983 bonum
1051 1955 1141 1983 non
1164 1947 1353 1994 apparet
1378 1941 1422 1982 in
1445 1940 1544 1981 luce
1570 1939 1708 1980 intel·

209 2002 369 2054 leetus,
397 2005 513 2046 sicut
539 2018 711 2054 verum,
739 2012 786 2047 et
817 2005 922 2047 inde
949 2006 1154 2059 cognitio
1180 2005 1298 2046 illius
1324 2018 1372 2045 se
1398 2003 1704 2052 abscondidit,

209 2081 262 2109 ac
288 2068 560 2122 subterfugit
585 2069 931 2123 indagationes:
965 2076 1012 2111 et
1038 2070 1143 2123 quia
1167 2069 1337 2110 bonum
1362 2067 1468 2109 inde
1494 2073 1564 2109 est
1590 2067 1709 2108 inter

209 2131 383 2185 ignota,
403 2145 494 2173 non
520 2133 670 2186 potuit
692 2132 852 2186 aliquis
873 2133 1080 2187 augurari
1102 2132 1285 2186 aliquod
1309 2131 1566 2185 conjugium
1589 2131 1709 2171 inter

209 2193 297 2236 hoc
320 2201 367 2236 et
388 2208 557 2237 verum.
620 2195 768 2237 Immo
784 2209 937 2237 coram
960 2196 1058 2237 visu
1075 2195 1287 2237 rationali
1305 2194 1500 2236 naturali
1518 2200 1707 2248 apparet

209 2257 379 2300 bonum
396 2259 460 2300 ita
477 2259 652 2300 distans
670 2272 696 2300 a
711 2273 833 2309 vero,
853 2266 902 2300 ut
920 2273 1012 2300 non
1030 2260 1088 2301 sit
1105 2259 1255 2313 aliqua
1273 2256 1556 2311 conjunctio:
1585 2257 1706 2311 quod

210 2321 275 2363 ita
298 2322 371 2372 sit,
397 2322 539 2363 videri
564 2328 720 2375 potest
750 2336 777 2363 a
808 2322 1012 2377 loquelis,
1040 2323 1148 2364 dum
1174 2322 1489 2373 nominantur;
1529 2326 1578 2362 ut
1605 2333 1706 2361 cum

211 2385 386 2434 dicitur,
412 2384 514 2426 Hoc
540 2385 710 2426 bonum
733 2392 817 2435 est,
845 2399 936 2427 non
960 2386 1192 2439 cogitatur
1213 2384 1381 2439 aliquid
1408 2385 1465 2426 de
1490 2397 1627 2435 vero;
1660 2389 1708 2424 et

211 2461 314 2489 cum
335 2448 512 2497 dicitur,
534 2448 635 2490 Hoc
654 2462 808 2490 verum
828 2455 914 2499 est,
934 2463 1017 2491 nec
1041 2450 1272 2503 cogitatur
1289 2448 1455 2502 aliquid
1478 2448 1535 2488 de
1553 2447 1675 2488 bono
1696 2460 1705 2497 ;

211 2524 348 2564 quare
369 2524 396 2552 a
417 2511 570 2553 multis
591 2511 727 2553 hodie
749 2512 959 2562 creditur,
977 2513 1097 2566 quod
1120 2525 1275 2554 verum
1294 2512 1351 2552 sit
1374 2523 1555 2564 prorsus
1570 2509 1705 2558 aliud,

212 2573 382 2625 pariter
406 2574 603 2626 bonum;
644 2581 691 2616 et
722 2589 749 2616 a
774 2575 930 2617 multis
956 2576 1111 2625 etiam,
1139 2575 1260 2629 quod
1287 2574 1427 2615 homo
1452 2574 1511 2615 sit
1537 2572 1707 2614 intelli-

213 2648 327 2689 gens
348 2643 395 2678 et
417 2638 611 2690 sapiens,
635 2645 682 2680 et
708 2639 770 2679 sic
792 2638 946 2688 homo,
966 2639 1213 2680 secundum
1231 2651 1352 2686 vera,
1372 2651 1486 2691 quae
1510 2637 1704 2689 cogitat,

213 2697 424 2752 loquitur,
451 2700 621 2751 scribit,
648 2707 695 2743 et
727 2702 885 2750 credit,
913 2709 959 2743 et
991 2715 1082 2743 non
1115 2701 1245 2743 simul
1277 2701 1524 2742 secundum
1557 2700 1706 2740 bona:

214 2762 335 2815 quod
367 2767 521 2804 tamen
562 2778 652 2805 non
693 2765 826 2806 detur
861 2765 1031 2806 bonum
1064 2765 1235 2819 absque
1271 2778 1393 2814 vero,
1427 2777 1509 2805 nec
1551 2773 1708 2803 verum

214 2823 384 2878 absque
401 2825 536 2875 bono,
556 2834 889 2882 consequenter
905 2828 1026 2882 quod
1048 2828 1181 2870 detur
1197 2834 1431 2869 aeternum
1450 2825 1707 2878 conjugium

216 2887 335 2928 inter
358 2887 448 2938 illa,
472 2895 570 2931 tum
592 2891 714 2944 quod
739 2890 827 2932 hoc
849 2891 1108 2945 conjugium
1135 2893 1193 2933 sit
1216 2893 1344 2945 origo
1366 2890 1531 2932 amoris
1553 2886 1707 2941 conju-

218 2949 363 3003 gialis‚
390 2963 508 2993 nunc
534 2952 884 3007 explanabitur;
916 2955 1037 3009 quod
1063 2954 1142 2997 fiet
1167 2955 1210 2996 in
1237 2954 1323 2997 hoc
1351 2954 1508 2996 ordine
1525 2965 1596 2993 :—
