2014 3386
514 342 582 375 DE
613 337 794 374 AMORE
824 338 1252 384 coNJUG1AL1.—N.
1279 314 1374 371 268.
1611 330 1690 383 169

193 456 294 493 Post
307 456 405 493 haec
417 455 577 492 deducti
595 461 690 492 sunt
706 455 756 491 ad
776 465 947 495 musaea,
961 453 1167 500 gymnasia
1184 459 1224 488 et
1242 451 1418 499 collegia,
1434 457 1475 488 et
1492 451 1559 487 ubi
1578 459 1691 487 erant

191 511 276 545 ludi
291 510 447 545 illorum
460 508 652 550 litterarii,
665 519 836 555 quorum
848 508 1003 554 aliquos
1014 507 1212 542 vocabant
1226 506 1523 546 Heliconidum,
1535 505 1691 551 aliquos

191 563 309 598 ludos
338 562 630 602 Parnassidum‚
657 562 812 607 aliquos
845 561 962 596 ludos
995 559 1280 599 Atheneidum,
1308 565 1350 594 et
1382 559 1538 604 aliquos
1572 558 1690 593 ludos

191 615 402 662 Virginum
423 615 567 655 fontis;
594 614 780 650 dicebant
797 614 904 660 quod
923 613 964 648 hi
987 613 1042 649 ita
1058 613 1318 659 appellentur,
1338 612 1431 658 quia
1448 611 1656 657 “virgines
1669 611 1689 623 ''

191 668 418 715 significant
437 667 670 703 affectiones
691 667 956 707 scientiarum,
979 672 1019 701 et
1045 666 1263 701 secundum
1282 663 1534 700 affectionem
1562 664 1688 699 scien·

189 721 336 756 tiarum
357 727 420 756 est
439 720 565 756 cuivis
591 720 876 766 intelligentia:
901 718 984 754 ludi
1007 718 1063 754 ita
1081 718 1224 759 vocati,
1247 724 1361 753 erant
1382 717 1689 752 exercitationes

189 780 231 809 et
244 773 464 820 palaestrae
488 773 725 819 spirituales.
777 773 922 808 Postea
934 771 1195 807 circumducti
1210 778 1304 806 sunt
1318 771 1357 805 in
1372 771 1468 806 urbe
1482 771 1532 805 ad
1552 771 1689 805 mode-

189 833 350 867 ratores,
375 826 727 866 administratores,
754 832 794 861 et
820 826 962 875 horum
988 824 1207 864 officiarios,
1234 830 1275 859 et
1300 835 1370 870 per
1394 823 1468 859 hos
1493 823 1543 859 ad
1570 823 1686 858 mira·

188 879 289 915 biles
306 890 457 925 operas,
475 890 578 925 quae
596 880 646 914 ab
664 878 881 914 artificibus
899 877 1095 924 spirituali
1114 878 1236 912 modo
1255 877 1366 913 fiunt.

262 932 482 978 Postquam
502 932 600 967 haec
616 932 703 967 visa
719 938 823 972 sunt,
843 931 986 966 iterum
1005 941 1095 966 cum
1115 931 1191 965 illis
1209 930 1366 965 locutus
1385 936 1446 965 est
1464 929 1525 965 vir
1542 929 1686 974 major—

188 985 303 1021 ennis
321 986 371 1020 de
389 985 524 1031 requie
541 992 704 1020 aeterna
721 996 744 1019 a
761 984 973 1024 laboribus,
989 984 1029 1019 in
1047 995 1166 1030 quam
1184 983 1352 1019 veniunt
1370 982 1475 1018 beati
1494 990 1534 1018 et
1553 982 1687 1018 felices

188 1045 281 1083 post
295 1045 464 1074 mortem
479 1049 488 1074 ι
513 1044 553 1073 et
571 1038 683 1078 dixit,
698 1042 719 1056 “
732 1037 905 1084 Requies
918 1043 1079 1072 aeterna
1095 1047 1177 1071 non
1195 1043 1257 1071 est
1273 1036 1412 1076 otium.
1429 1036 1618 1082 quoniam
1637 1047 1686 1071 ex

187 1091 273 1127 otio
298 1097 360 1126 est
385 1091 541 1131 mentis,
568 1098 608 1126 et
634 1091 726 1126 inde
751 1090 876 1126 totius
902 1090 1089 1136 corporis.
1112 1090 1290 1136 languor,
1312 1096 1460 1134 torpor,
1480 1095 1622 1134 stupor
1646 1096 1687 1124 et

187 1154 318 1190 sopor,
339 1150 380 1179 et
401 1144 499 1179 haec
520 1150 615 1179 sunt
636 1154 742 1180 mors
762 1150 804 1179 et
823 1154 904 1178 non
925 1143 1008 1178 vita
1028 1149 1069 1178 et
1090 1142 1222 1178 minus
1241 1142 1325 1177 vita
1344 1149 1516 1183 aeterna,
1540 1142 1580 1177 in
1606 1153 1688 1187 qua

186 1203 280 1232 sunt
293 1197 424 1243 angeli
444 1197 559 1238 caeli;
585 1208 706 1243 quare
720 1196 875 1242 requies
886 1203 1048 1231 aeterna
1065 1202 1126 1231 est
1144 1195 1299 1241 requies
1313 1206 1414 1241 quae
1429 1195 1593 1230 discutit
1608 1195 1684 1235 illa,

186 1256 227 1284 et
245 1249 340 1285 facit
357 1257 402 1285 ut
423 1249 546 1285 homo
562 1250 691 1290 vivat;
717 1256 758 1285 et
779 1250 857 1284 hoc
875 1260 956 1285 non
974 1249 1081 1284 aliud
1100 1255 1172 1289 est,
1191 1259 1310 1294 quarn
1329 1248 1408 1283 tale
1427 1248 1535 1294 quod
1554 1248 1685 1283 elevat

187 1310 385 1338 mentem:
410 1309 472 1338 est
490 1303 624 1349 itaque
641 1303 802 1349 aliquod
817 1303 994 1338 studium
1013 1309 1053 1337 et
1070 1313 1183 1347 opus,
1198 1313 1246 1337 ex
1263 1312 1346 1347 quo
1364 1302 1572 1341 excitatur,
1585 1301 1685 1336 vivi·

186 1355 337 1396 ficatur,
363 1361 404 1391 et
429 1355 639 1391 deliciatur
658 1367 799 1397 mens;.
823 1362 864 1391 et
890 1355 967 1390 hoc
993 1355 1038 1390 fit
1063 1354 1284 1390 secundum
1306 1366 1433 1394 usum,
1456 1365 1506 1389 ex
1531 1365 1622 1400 quo,
1644 1353 1683 1389 in

186 1419 278 1454 quo,
291 1417 332 1444 et
349 1409 399 1444 ad
418 1420 536 1454 quem
555 1415 765 1455 operatur:
792 1408 884 1444 inde
902 1414 973 1448 est,
986 1408 1094 1454 quod
1113 1407 1342 1443 universum
1358 1407 1511 1442 caelum
1530 1406 1684 1453 speeie-

184 1469 254 1496 tur
279 1472 303 1497 a
334 1461 511 1497 Domino
537 1469 583 1497 ut
609 1462 820 1497 continens
846 1472 950 1501 usus,
979 1468 1019 1496 et
1046 1460 1213 1507 quisque
1240 1460 1403 1506 angelus
1432 1467 1493 1496 est
1519 1460 1683 1506 angelus

185 1515 404 1550 secundum
436 1526 550 1550 usum
565 1526 573 1555 ς
608 1514 829 1561 jucundum
860 1525 955 1550 usus
988 1513 1064 1550 fert
1092 1513 1203 1548 illum
1237 1513 1340 1548 sicut
1373 1513 1549 1548 secunda
1580 1523 1684 1548 vena

185 1578 338 1608 navem,
350 1574 392 1602 et
410 1567 504 1603 facit
521 1574 566 1602 ut
584 1567 623 1602 in
641 1574 804 1603 aeterna
821 1578 928 1613 pace,
943 1574 984 1602 et
1002 1566 1109 1613 pacis
1124 1566 1259 1612 requie
1277 1566 1347 1606 sit:
1374 1566 1430 1600 ita
1447 1565 1683 1612 intelligitur

184 1626 346 1656 aeterna
363 1620 518 1667 requies
536 1631 560 1656 a
577 1620 790 1656 laboribus.
841 1619 959 1666 Quod
978 1620 1142 1666 angelus
1160 1620 1212 1655 sit
1228 1619 1343 1654 vivus
1362 1619 1580 1654 secundum
1599 1625 1681 1653 stu-

185 1673 299 1708 dium
325 1673 471 1709 mentis
497 1685 546 1708 ex
570 1684 655 1714 usu,
679 1679 790 1719 patet
815 1672 1022 1708 manifeste
1047 1683 1096 1708 ex
1120 1683 1180 1712 eo.
1206 1672 1315 1718 quod
1341 1671 1467 1707 cuivis
1493 1671 1545 1706 sit
1569 1682 1683 1706 amor

183 1726 418 1773 conjugialis
435 1737 526 1762 cum
545 1727 632 1772 ejus
647 1726 807 1767 virtute,
826 1726 1008 1773 potentia
1024 1732 1066 1762 et
1083 1725 1245 1766 deliciis,
1264 1725 1484 1760 secundum
1502 1724 1680 1760 studium

182 1779 346 1826 genuini
366 1790 461 1814 usus
480 1779 519 1814 in
537 1789 619 1826 quo
637 1778 736 1815 est.'⁴

257 1831 476 1878 Postquam
493 1839 574 1867 tres
593 1831 648 1867 illi
669 1832 846 1867 advenae
863 1830 1086 1867 confirmati
1106 1837 1199 1866 sunt
1217 1830 1325 1876 quod
1344 1836 1506 1866 aeterna
1523 1829 1680 1876 requies

182 1895 263 1920 non
282 1885 334 1921 sit
351 1885 489 1925 otium,
505 1885 574 1920 sed
591 1885 813 1931 jucundum
831 1884 998 1930 alicujus
1016 1884 1147 1930 operis
1164 1884 1272 1929 quod
1291 1884 1380 1919 usui
1398 1890 1468 1924 est,
1483 1890 1680 1918 venerunt

182 1938 338 1984 aliquae
358 1938 530 1985 virgines
554 1949 645 1973 cum
670 1936 862 1983 acupiffis
887 1944 928 1973 et
953 1937 1068 1978 netis,
1087 1937 1273 1982 operibus
1295 1947 1483 1972 manuum
1506 1947 1678 1976 suarum,

182 1997 224 2026 et
248 1991 499 2027 donaverunt
525 1990 621 2032 illis:
658 1997 699 2026 et
731 1990 915 2036 virgines,
942 2001 1032 2026 cum
1059 1990 1221 2025 abibant
1247 1989 1388 2025 novitii
1424 1989 1480 2024 illi
1505 1989 1678 2035 spiritus,

181 2043 412 2079 cecinerunt
437 2044 554 2084 oden,
573 2054 652 2090 qua
675 2042 929 2079 affec‘tionem
949 2054 1118 2090 operum
1145 2054 1240 2078 usus
1264 2053 1355 2078 cum
1374 2041 1554 2078 amoenis
1579 2042 1677 2088 ejus,

182 2097 287 2133 melo
305 2097 486 2144 angelico
504 2096 790 2143 exprimebant.

181 2182 316 2226 208.
345 2183 561 2225 Alterum
588 2182 887 2225 Memorabile
903 2196 975 2224 :—

252 2263 354 2300 Cum
374 2264 413 2299 in
428 2264 687 2300 meditatione
702 2275 808 2300 eram
825 2265 874 2300 de
887 2264 1038 2300 arcanis
1051 2264 1198 2300 amoris
1211 2263 1446 2311 conjugialis
1461 2263 1677 2300 reconditis

181 2317 287 2363 apud
306 2328 459 2359 uxores,
475 2317 616 2353 iterum
636 2317 818 2363 apparuit
835 2318 968 2363 pluvia
985 2328 1103 2353 aurea
1119 2318 1234 2363 (quae
1248 2318 1383 2363 supra)
1401 2329 1408 2358 ;
1434 2323 1475 2352 et
1494 2317 1677 2352 recorda-

180 2377 245 2406 tus
266 2381 352 2406 sum
374 2371 481 2417 quod
505 2371 570 2406 illa
589 2370 756 2406 stillaret
773 2381 893 2417 super
909 2371 1038 2405 aulam
1062 2370 1101 2405 in
1123 2370 1287 2410 oriente,
1307 2370 1373 2405 ubi
1392 2370 1579 2405 vivebant
1596 2376 1676 2405 tres

179 2434 335 2459 amores
361 2423 617 2470 conjugiales,
639 2423 716 2458 hoc
742 2429 813 2464 est,
835 2430 917 2458 tres
936 2423 1138 2469 conjuges,
1161 2423 1228 2468 qui
1254 2434 1296 2458 se
1321 2430 1456 2458 tenere
1477 2423 1674 2457 amabant.

181 2475 272 2523 Qua
291 2476 385 2516 visa,
404 2487 479 2522 ego
499 2487 523 2511 a
542 2475 755 2511 dulcedine
774 2476 1047 2511 meditationis
1065 2475 1170 2511 illius
1187 2475 1333 2511 amoris
1351 2475 1453 2510 sicut
1473 2475 1672 2514 invitatus,

180 2529 386 2575 properavi
406 2529 517 2569 illuc;
542 2535 584 2564 et
600 2529 696 2563 dum
713 2529 1040 2575 appropinquavi,
1057 2528 1191 2574 pluvia
1209 2528 1274 2563 illa
1291 2539 1341 2563 ex
1358 2538 1475 2563 aurea
1494 2526 1598 2562 facta
1614 2534 1674 2562 est

181 2592 387 2628 purpurea,
409 2582 502 2616 dein
527 2581 722 2621 coccinea,
749 2588 790 2617 et
815 2592 906 2616 cum
934 2592 1057 2627 prope
1082 2592 1201 2620 eram.
1230 2581 1354 2616 instar
1378 2580 1478 2616 roris
1502 2580 1672 2625 opalina.

180 2634 242 2669 Ac
267 2634 430 2679 pulsavi,
451 2641 492 2670 et
517 2634 767 2680 aperiebatur
790 2634 928 2680 janua:
962 2640 1003 2669 et
1027 2634 1077 2669 ad
1103 2634 1312 2669 satellitem
1335 2633 1427 2673 dixi,
1447 2632 1599 2668 “Refer
1623 2632 1672 2667 ad

181 2687 354 2727 maritos,
376 2687 483 2733 quod
511 2686 654 2722 iterum
680 2687 784 2723 adsit
809 2686 877 2734 qui
903 2686 1011 2733 prius
1035 2697 1126 2722 cum
1151 2686 1303 2733 angelo,
1323 2692 1462 2732 petens
1487 2692 1532 2720 ut
1557 2685 1674 2719 liceat

180 2738 327 2775 intrare
344 2740 393 2775 ad
412 2739 691 2786 colloquium.’'

252 2791 312 2827 Ac
329 2792 485 2828 satelles
500 2793 626 2833 rediit,
641 2798 681 2827 et
698 2803 747 2828 ex
761 2792 913 2827 maritis
930 2791 1080 2831 annuit,
1095 2797 1136 2827 et
1154 2791 1353 2838 ingressus
1366 2802 1465 2827 sum.
1515 2790 1576 2826 Ac
1593 2796 1673 2825 tres

180 2843 310 2879 mariti
331 2855 421 2879 cum
443 2845 524 2880 suis
545 2846 734 2881 uxoribus
754 2846 872 2880 simul
893 2851 1007 2881 erant
1028 2845 1067 2880 in
1090 2845 1323 2892 hypaethro,
1341 2855 1387 2880 ac
1404 2842 1562 2879 salutati
1580 2853 1672 2878 cum

179 2895 313 2932 favore
331 2898 610 2933 resalutabant.

253 2948 303 2984 Et
322 2950 498 2995 quaesivi
515 2961 668 2992 uxores,
688 2961 782 2985 num
800 2950 970 2986 candida
990 2950 1057 2986 illa
1076 2949 1262 2986 columba
1282 2949 1320 2984 in
1343 2948 1516 2984 fenestra
1533 2953 1672 2994 postea

180 3002 417 3047 apparuerit.
