2014 3386
565 294 632 327 DE
664 293 844 326 AMORE
875 293 1301 336 CONJUGIAL1.-N.
1329 295 1396 338 93.
1677 285 1733 338 87

320 421 412 465 91.
444 408 580 463 Quod
602 415 757 451 autem
787 408 955 450 femina
980 414 1194 450 nascatur
1224 414 1274 450 ut
1300 409 1359 450 sit
1384 407 1642 450 voluntaria
1671 423 1731 450 ex

233 471 534 515 intellectuali
565 473 660 522 viri,
695 487 774 513 seu
805 472 927 526 quod
967 472 1102 521 idem,
1136 478 1185 513 ut
1227 472 1286 513 sit
1322 484 1450 513 amor
1482 472 1732 525 sapientiae

231 538 328 585 viri,
356 537 460 590 quia
490 549 569 590 per
599 536 869 589 sapientiam
901 534 994 589 ejus
1019 535 1214 576 formata
1244 541 1315 576 est
1349 533 1426 588 (de
1458 549 1547 589 quo
1578 535 1732 576 videa·

234 607 308 641 tur
348 612 494 652 supra,
523 612 565 639 n.
603 600 670 647 88,
699 597 791 652 89),
818 605 1031 640 constare
1066 599 1202 639 etiam
1237 604 1394 652 potest
1435 612 1495 639 ex
1537 598 1734 639 feminae

233 660 484 711 affectione,
504 661 598 715 ejus
620 662 943 715 applicatione,
963 661 1057 715 ejus
1075 662 1289 711 moribus,
1309 668 1355 703 et
1378 676 1437 702 ex
1461 661 1554 715 ejus
1575 661 1732 703 forma.

233 726 308 767 Ex
334 725 529 766 feminae
555 723 798 779 affkc‘Zz'one,
827 726 948 779 quod
974 726 1033 766 sit
1060 723 1238 766 affectio
1264 725 1448 766 amandi
1474 726 1729 774 scientiam,

230 788 586 842 intelligentiam
618 795 665 829 et
697 789 983 842 sapientiam,
1012 795 1221 830 attamen
1262 802 1353 829 non
1394 789 1438 829 in
1476 802 1524 830 se
1565 788 1646 830 sed
1686 789 1732 830 in

231 853 343 901 viro,
368 858 415 893 et
455 852 518 893 sic
559 852 730 903 virum;
779 866 870 893 non
902 853 1023 893 enim
1060 859 1217 905 potest
1242 852 1382 893 amari
1423 852 1489 892 vir
1528 866 1587 893 ex
1634 851 1733 893 sola

229 915 387 964 forma,
415 915 536 969 quod
559 922 778 969 appareat
800 916 916 957 sicut
941 915 1095 965 homo,
1119 916 1200 956 sed
1223 930 1282 956 ex
1309 916 1419 956 dote
1443 929 1558 969 quae
1581 916 1625 956 in
1652 915 1731 957 illo

230 985 316 1027 est,
349 993 464 1032 quae
495 978 604 1020 facit
641 986 691 1020 ut
731 980 791 1020 sit
823 979 976 1020 homo.
1036 979 1111 1020 Ex
1145 978 1238 1032 ejus
1268 979 1573 1032 applicatione,
1608 980 1729 1033 quod

229 1043 289 1084 sit
329 1043 387 1083 ad
418 1042 529 1083 talia
552 1056 666 1096 quae
693 1050 798 1084 sunt
840 1056 978 1096 opera
1005 1056 1234 1092 manuum,
1262 1049 1310 1084 et
1345 1049 1570 1084 vocantur
1605 1050 1727 1091 neta,

228 1104 452 1159 acupicta,
481 1112 527 1147 et
564 1105 655 1147 alio
697 1107 893 1155 nomine,
921 1107 1218 1147 inservientia
1257 1106 1315 1147 ad
1356 1113 1558 1155 ornatuS,
1592 1112 1639 1147 et
1671 1106 1729 1147 ad

228 1169 538 1211 decorandum
569 1183 632 1219 se,
660 1176 707 1211 et
738 1170 795 1211 ad
828 1170 1130 1211 exaltandum
1162 1170 1546 1223 pulchritudinem
1572 1183 1725 1211 suam:

228 1239 275 1274 et
307 1233 488 1286 insuper
514 1233 572 1274 ad
603 1234 727 1274 varia
751 1233 899 1275 officia
925 1248 1039 1288 quae
1066 1241 1290 1275 vocantur
1316 1234 1585 1283 domestica,
1613 1247 1728 1288 quae

227 1295 481 1350 adjungunt
513 1310 561 1338 se
587 1296 744 1338 officiis
767 1298 977 1347 virorum,
1002 1312 1132 1352 quae,
1164 1304 1214 1339 ut
1246 1296 1417 1339 dictum
1443 1304 1528 1347 est,
1556 1311 1727 1338 vocan-

227 1366 301 1401 tur
324 1359 546 1401 forensia:
579 1360 693 1402 haec
717 1367 822 1402 sunt
848 1361 936 1402 illis
963 1375 1023 1402 ex
1050 1361 1345 1402 inclinatione
1368 1361 1426 1401 ad
1453 1360 1725 1414 conjugium,

227 1429 278 1464 ut
303 1421 414 1465 fiant
441 1437 622 1473 uxores,
646 1430 694 1465 et
719 1425 782 1465 sic
810 1438 947 1465 unum
971 1438 1074 1465 cum
1101 1425 1286 1465 maritis.
1349 1423 1485 1477 Quod
1516 1424 1561 1464 id
1588 1425 1726 1465 etiam

226 1493 445 1541 appareat
470 1501 530 1528 ex
552 1487 762 1537 moribus,
786 1494 833 1529 et
847 1489 1019 1540 forma,
1048 1488 1219 1542 absque
1246 1488 1557 1541 explicatione
1583 1493 1726 1540 patet.

311 1557 403 1602 92.
441 1548 522 1604 (v.)
561 1549 690 1601 Quod
709 1564 764 1591 ex
783 1550 957 1605 influxu
977 1551 1172 1607 cmgjugz'i
1190 1550 1293 1591 boni
1308 1557 1351 1592 et
1369 1550 1469 1592 veri
1488 1565 1517 1591 a
1540 1550 1727 1591 Domino

225 1612 288 1654 sit
307 1627 434 1654 amor
456 1627 604 1662 sexus,
626 1619 671 1655 et
693 1614 814 1667 quod
828 1614 895 1655 sz't
916 1628 1043 1655 amor
1062 1613 1531 1669 conjugz'alz's.—Quod
1554 1614 1725 1655 bonum

225 1682 273 1718 et
312 1689 469 1717 verum
500 1677 591 1717 sint
623 1677 895 1718 universalia
926 1678 1185 1727 creationis,
1219 1684 1265 1719 et
1297 1677 1401 1718 inde
1438 1677 1482 1717 in
1519 1677 1726 1718 omnibus

223 1738 437 1793 subjectis
468 1741 661 1792 creatis;
703 1747 750 1782 et
781 1741 903 1795 quod
942 1742 987 1783 in
1027 1741 1096 1782 his
1129 1742 1219 1783 sint
1252 1741 1501 1782 secundum
1533 1741 1725 1794 cujusvis

223 1802 442 1854 sormam;
486 1810 533 1845 et
565 1804 686 1865 quod
717 1804 888 1846 bonum
919 1811 967 1846 et
1011 1819 1167 1846 verum
1200 1819 1291 1847 non
1323 1812 1372 1847 ut
1415 1806 1519 1855 duo,
1554 1806 1634 1846 sed
1675 1812 1724 1846 ut

224 1880 362 1908 unum
402 1868 655 1921 procedant
695 1881 722 1909 a
766 1868 981 1917 Domino,
1016 1882 1150 1922 supra
1193 1868 1255 1923 (n.
1297 1869 1455 1924 84—87)
1489 1876 1724 1910 ostensum

223 1937 323 1981 est;
361 1944 421 1971 ex
451 1930 521 1972 his
548 1932 763 1985 sequitur,
791 1932 914 1986 quod
940 1932 1215 1973 universalis
1240 1932 1438 1985 sphaera
1462 1932 1723 1987 cmy‘ugialz‘s

223 1995 443 2047 procedat
476 2009 503 2036 a
534 1995 747 2045 Domino,
776 2009 827 2036 ac
861 1996 1084 2049 pervadat
1115 1997 1374 2037 universum
1414 2010 1440 2038 a
1480 1997 1633 2050 primis
1665 1997 1722 2038 ad

223 2057 385 2099 ultima
415 2057 522 2112 ejus,
549 2059 614 2100 ita
644 2059 702 2099 ab
733 2059 909 2112 angelis
935 2073 1074 2113 usque
1107 2060 1163 2100 ad
1196 2073 1388 2101 vermes.
1451 2059 1587 2113 Quod
1619 2059 1723 2101 talis

222 2122 418 2175 sphaera
442 2122 638 2176 conjugii
663 2123 771 2164 boni
796 2129 843 2164 et
869 2124 962 2164 veri
985 2123 1206 2177 procedat
1232 2138 1258 2165 a
1284 2124 1498 2172 Domino,
1523 2130 1593 2165 est
1620 2124 1723 2177 quia

221 2186 302 2228 illa
327 2187 467 2228 etiam
493 2193 564 2228 est
590 2186 782 2240 sphaera
808 2187 1167 2240 propagationis,
1195 2187 1282 2229 hoc
1314 2194 1399 2236 est,
1428 2186 1720 2241 prolificatio-

223 2250 292 2291 nis
308 2256 356 2292 et
377 2248 759 2302 fructificationi&
792 2256 839 2291 et
860 2250 973 2291 haec
993 2251 1154 2292 eadem
1173 2257 1243 2292 est
1267 2264 1368 2292 cum
1388 2251 1553 2291 Divina
1570 2250 1720 2303 provi·

222 2313 378 2355 dentia
395 2314 755 2354 conservationis
770 2314 965 2355 universi
987 2327 1066 2367 per
1087 2315 1369 2356 successivas
1387 2314 1720 2368 generationes.

222 2375 355 2417 Nunc
382 2377 486 2430 quia
511 2375 705 2430 sphaera
730 2376 809 2417 illa
835 2377 1118 2426 universalis,
1146 2391 1261 2432 quae
1288 2384 1359 2419 est
1386 2376 1585 2430 conjugii
1612 2377 1720 2418 boni

222 2444 270 2480 et
300 2439 408 2488 veri,
442 2439 587 2480 influit
619 2439 664 2480 in
696 2438 900 2493 subje&a
932 2441 1182 2481 secundum
1209 2440 1404 2494 cujusvis
1436 2441 1628 2482 sormam
1653 2439 1716 2494 (n.

223 2500 314 2555 86),
333 2503 537 2556 sequitur
554 2503 674 2556 quod
698 2503 926 2544 masculus
947 2504 1135 2557 recipiat
1158 2503 1284 2544 illam
1304 2504 1553 2545 secundum
1572 2516 1715 2552 suam,

222 2564 288 2604 ita
312 2565 357 2605 in
382 2564 634 2615 intelleftu,
655 2567 758 2619 quia
780 2566 857 2607 ille
883 2572 954 2608 est
979 2566 1124 2608 forma
1142 2565 1463 2608 intellectualis
1483 2580 1492 2617 ;
1526 2573 1573 2607 et
1596 2566 1717 2620 quod

222 2626 388 2668 semina
418 2629 606 2682 recipiat
645 2629 771 2670 illam
804 2630 1053 2671 secundum
1085 2642 1228 2678 suam,
1262 2631 1328 2671 ita
1372 2630 1417 2670 in
1458 2629 1713 2677 voluntate,

223 2690 328 2743 quia
352 2690 432 2731 illa
457 2698 527 2733 est
553 2692 698 2734 forma
723 2692 984 2734 voluntaria
1010 2707 1070 2734 ex
1096 2691 1397 2734 intellectuali
1413 2692 1520 2743 viri;
1552 2698 1599 2732 et
1614 2692 1716 2746 quia

222 2752 383 2794 eadem
404 2754 483 2795 illa
504 2755 697 2808 sphaera
718 2757 857 2797 etiam
880 2762 951 2798 est
974 2756 1168 2810 sphaera
1191 2756 1547 2811 prolificationis,
1567 2756 1715 2809 sequi-

223 2820 296 2856 tur
317 2817 438 2869 quod
462 2817 568 2859 inde
594 2819 652 2859 sit
678 2832 806 2860 amor
831 2833 985 2861 sexus.

307 2886 403 2930 93.
434 2878 569 2932 Quod
592 2881 731 2922 etiam
754 2882 859 2924 inde
881 2883 939 2924 sit
962 2895 1090 2924 amor
1111 2881 1392 2936 conjugialis‚
1418 2887 1488 2923 est
1511 2882 1614 2935 quia
1636 2881 1715 2923 illa

225 2939 419 2994 sphaera
453 2942 597 2986 influit
636 2944 682 2985 in
721 2944 913 2986 formam
953 2946 1206 2999 sapientiae
1246 2946 1366 2999 apud
1407 2945 1629 2994 homines,
1663 2951 1711 2986 et
