2014 3386
289 335 373 368 120
605 329 626 365 Ψ.
728 353 730 355 ·
745 335 988 370 DELICIAE
1020 335 1326 372 SAPIENTIAE

278 448 406 503 jugio
445 447 554 491 boni
594 454 641 491 et
666 440 775 491 -veri
811 442 1069 493 descendit.
1132 448 1214 506 (3'.)
1250 451 1376 506 Quia·
1408 450 1483 494 est
1517 452 1777 507 spiritualis

282 513 400 554 sicut
436 518 507 554 est
545 512 740 554 ecclesia
774 514 894 567 apud
930 514 1177 556 hominem.
1260 515 1339 569 (4.)
1389 515 1507 569 Quia
1542 523 1613 558 est
1649 520 1778 558 amor

281 575 651 626 fundamentalis,
686 582 733 617 et
766 583 907 630 caput
944 579 1146 619 omnium
1183 591 1387 619 amorum
1422 580 1691 621 caelestium
1729 587 1777 622 et

281 639 595 692 spiritualium.
673 638 754 694 (5.)
789 639 905 692 Quia
945 646 1017 682 est
1053 640 1224 694 justum
1265 643 1554 683 seminarium
1595 644 1776 696 generis

280 701 481 751 humani,
516 708 563 743 et
596 716 655 743 ex
687 702 774 744 hoc
807 703 922 744 caeli
953 703 1163 756 angelici.
1230 704 1309 758 (6.)
1345 704 1462 758 Quia
1498 706 1602 747 ideo
1633 706 1774 747 etiam

280 771 352 807 est
378 766 498 819 apud
524 765 716 819 angelos
738 766 868 815 caeli,
892 772 939 807 et
965 780 1026 807 ex
1053 781 1108 808 eo
1130 768 1249 821 apud
1276 768 1380 808 illos
1402 775 1650 810 nascuntur
1671 783 1775 824 pro·

280 828 347 869 les
373 829 646 882 spirituales,
674 843 790 882 quae
816 835 923 871 sunt
950 843 1080 871 amor
1100 837 1147 872 et
1173 832 1411 884 sapientia.
1475 831 1554 886 (7.)
1589 832 1651 874 Et
1673 834 1777 887 quia

281 892 345 932 sic
387 905 492 932 usus
533 891 626 945 ejus
666 898 739 933 est
780 893 1088 945 praestantior
1117 893 1300 947 reliquis
1337 895 1490 935 usibus
1521 896 1775 937 creationis.

279 953 356 995 Ex
387 954 457 995 his
488 956 703 1008 sequitur,
731 956 853 1009 quod
883 969 1012 997 amor
1042 970 1149 998 vere
1180 956 1448 1010 conjugialis
1479 972 1539 999 ex
1572 972 1652 1000 sua
1684 959 1773 1000 ori-

279 1019 401 1071 gine,
435 1024 482 1059 et
514 1019 559 1059 in
597 1032 678 1059 sua
713 1020 914 1060 essentia
950 1018 1199 1072 spectatus,
1233 1021 1292 1061 sit
1324 1034 1459 1074 purus
1490 1027 1537 1062 et
1570 1020 1772 1071 sanctus,

278 1082 397 1123 adeo
434 1088 484 1123 ut
516 1082 670 1123 vocari
706 1083 852 1136 possit
889 1083 1062 1136 puritas
1096 1090 1143 1124 et
1179 1082 1415 1133 sanffitas,
1449 1084 1638 1138 proinde
1674 1085 1774 1138 ipsa

277 1146 498 1196 castitas;
531 1151 579 1186 at
605 1145 727 1198 quod
759 1158 901 1198 usque
933 1159 1024 1186 non
1056 1145 1115 1187 sit
1146 1146 1266 1199 apud
1297 1146 1505 1188 homines
1538 1161 1621 1189 nec
1653 1149 1772 1202 apud

277 1208 470 1261 angelos
509 1209 772 1250 omnimode
811 1222 962 1262 purus,
994 1209 1040 1249 in
1071 1208 1264 1250 articulo
1294 1210 1367 1259 vi.,
1401 1223 1518 1252 nunc
1551 1218 1772 1265 sequente

280 1269 344 1324 (n.
378 1270 491 1325 146),
519 1271 742 1312 videatur.

314 1357 317 1359 ·
362 1345 490 1393 144.
535 1333 617 1388 (v.)
654 1333 784 1384 Quod
801 1348 947 1375 omnes
972 1334 1152 1376 deliciae
1174 1334 1343 1376 amoris
1368 1350 1470 1376 vere
1488 1337 1771 1392 conjugialis,

276 1396 409 1438 etiam
435 1397 627 1447 ultimae,
656 1397 748 1438 sint
771 1398 1096 1439 castae.—H0c
1124 1399 1329 1452 sequitur
1353 1413 1380 1439 a
1406 1412 1540 1452 supra
1565 1400 1771 1453 explica-

276 1460 351 1509 tis,
379 1461 501 1514 quod
533 1474 661 1501 amor
686 1475 791 1502 vere
823 1461 1093 1514 conjugialis
1123 1462 1183 1503 sit
1215 1462 1313 1515 ipsa
1343 1463 1549 1511 castitas,
1578 1476 1629 1504 ac
1656 1463 1771 1505 deli-

277 1524 374 1563 ciae
393 1524 536 1564 vitam
559 1524 677 1564 illius
694 1524 891 1565 faciunt:
925 1524 1046 1578 quod
1068 1524 1258 1565 deliciae
1281 1524 1400 1565 illius
1422 1527 1588 1566 amoris
1609 1539 1771 1568 ascen·

276 1586 390 1627 dant
421 1600 473 1628 ac
514 1587 688 1628 intrent
719 1587 911 1636 caelum,
944 1593 991 1628 et
1032 1588 1077 1628 in
1113 1588 1186 1628 via
1218 1594 1539 1641 pertranseant
1574 1588 1772 1642 jucunda

275 1662 480 1691 amorum
503 1650 772 1691 caelestium
804 1651 849 1690 in
877 1650 1036 1704 quibus
1058 1657 1163 1691 sunt
1189 1651 1344 1704 angeli
1367 1651 1498 1699 caeli,
1523 1658 1623 1692 tum
1649 1652 1770 1706 quod

274 1726 323 1753 se
363 1726 465 1754 curn
506 1714 680 1755 deliciis
721 1714 887 1754 amoris
931 1713 1199 1767 conjugialis
1241 1714 1422 1755 illorum
1468 1714 1767 1768 conjungant,

274 1789 408 1829 supra
439 1783 741 1818 memoratum
773 1782 859 1818 est.
920 1776 1110 1830 Insuper
1140 1777 1198 1817 ab
1228 1777 1406 1830 angelis
1443 1778 1647 1819 auditum
1679 1785 1766 1828 est,

274 1839 396 1892 quod
428 1839 681 1892 percipiant
706 1839 893 1881 delicias
919 1839 1019 1880 illas
1042 1840 1162 1893 apud
1194 1854 1242 1881 se
1268 1840 1465 1881 exaltari
1497 1846 1544 1881 et
1574 1840 1766 1894 impleri,

275 1901 383 1942 dum
409 1902 663 1943 ascendunt
689 1917 748 1943 ex
775 1902 1042 1956 conjugibus
1068 1903 1208 1944 castis
1239 1903 1283 1943 in
1311 1903 1474 1954 terris;
1506 1909 1553 1944 et
1579 1910 1769 1957 propter

273 1963 529 2012 adstanteS‚
564 1965 637 2018 qui
673 1965 837 2006 incasti
867 1971 1012 2014 erant,
1045 1966 1103 2006 ad
1136 1965 1452 2019 quaestionem
1490 1979 1597 2007 num
1628 1967 1766 2008 etiam

273 2026 464 2067 deliciae
496 2027 699 2077 ultimae,
728 2028 1006 2078 annuebant,
1033 2035 1081 2070 et
1107 2028 1321 2069 dicebant
1353 2029 1508 2076 tacite,
1537 2027 1656 2081 Quid
1683 2029 1766 2070 ali·

273 2089 376 2130 ter?
423 2097 588 2131 suntne
625 2091 711 2132 hae
747 2090 852 2132 illae
891 2092 936 2132 in
974 2104 1055 2132 sua
1091 2091 1408 2145 plenitudine?
1469 2091 1606 2133 Unde
1646 2091 1765 2133 illius

272 2153 438 2194 amoris
460 2153 649 2195 deliciae
675 2160 792 2203 sunt,
821 2160 868 2196 et
895 2154 1066 2208 quales,
1091 2155 1332 2195 videantur
1357 2168 1493 2208 supra
1516 2154 1579 2209 (n.
1601 2154 1693 2208 69),
1717 2161 1765 2197 et

271 2215 318 2257 in
345 2215 731 2267 Memorabilibus,
759 2218 976 2271 imprimis
1003 2218 1047 2258 in
1074 2218 1383 2271 sequentibus.
1578 2222 1581 2236 ¹

271 2285 273 2287 '
356 2289 483 2333 145.
527 2278 626 2333 (vi.)
663 2279 791 2329 Quod
806 2293 932 2322 amor
953 2280 1218 2336 conjugz'alzls·
1238 2280 1364 2333 apud
1378 2279 1493 2329 illos,
1517 2279 1598 2333 qui
1622 2293 1651 2322 a
1670 2279 1762 2321 Do-

271 2340 388 2382 mino
396 2342 522 2395 fiunt
541 2343 814 2395 spirituales,
834 2343 941 2396 plus
962 2350 1005 2383 et
1022 2343 1130 2396 plus
1145 2343 1420 2397 purzflcetur,
1439 2349 1481 2383 et
1487 2343 1582 2396 fiat
1596 2349 1760 2393 castus,

271 2417 437 2446 causae
463 2412 680 2454 sunt,—1.
715 2405 833 2459 Quia
859 2406 1026 2460 primus
1052 2419 1192 2454 amor,
1220 2420 1300 2459 per
1325 2419 1457 2459 quern
1489 2405 1762 2458 intelligitur

271 2481 399 2508 amor
424 2475 533 2509 ante
565 2470 762 2522 nuptias,
790 2476 837 2511 et
870 2483 1028 2511 recens
1060 2475 1164 2523 post
1197 2469 1392 2522 nuptias,
1420 2468 1561 2509 trahit
1592 2468 1759 2522 aliquid

270 2545 332 2572 ex
363 2544 518 2575 amore
549 2546 701 2580 sexus,
734 2533 799 2573 ita
829 2546 889 2574 ex
921 2533 1082 2573 ardore
1114 2533 1295 2585 proprio
1325 2532 1526 2585 corporis
1556 2532 1759 2573 nondum

270 2607 351 2648 per
380 2607 581 2635 amorem
615 2596 797 2648 spiritus
832 2596 1059 2648 mitigato.
1121 2606 1159 2636 2.
1193 2594 1310 2647 Quia
1336 2594 1475 2635 homo
1505 2595 1760 2636 successive

269 2670 297 2698 a
319 2657 514 2699 naturali
536 2657 585 2698 fit
603 2654 848 2711 spiritualis
865 2672 875 2709 ;
903 2657 952 2699 fit
971 2658 1090 2699 enim
1109 2657 1366 2710 spiritualis,
1386 2657 1502 2697 sicut
1520 2657 1757 2706 rationale,

269 2721 391 2774 quod
414 2727 485 2763 est
512 2721 708 2762 medium
735 2721 854 2762 inter
875 2720 1052 2761 caelum
1075 2726 1121 2761 et
1149 2720 1378 2768 mundum,
1399 2720 1555 2773 incipit
1578 2719 1759 2761 trahere

269 2785 467 2825 animam
495 2798 555 2825 ex
580 2784 752 2824 influxu
779 2798 803 2824 e
828 2783 972 2832 caelo,
1001 2783 1121 2837 quod
1153 2782 1202 2824 fit
1228 2783 1344 2824 sicut
1370 2783 1562 2824 afficitur
1587 2789 1634 2824 et
1662 2782 1757 2827 lace

269 2846 469 2888 tificatur
494 2861 553 2888 ex
586 2847 807 2900 sapientia
836 2845 912 2900 (de
938 2860 1026 2900 qua
1056 2859 1203 2899 supra,
1232 2859 1274 2886 n.
1303 2846 1429 2899 130);
1463 2852 1510 2887 et
1536 2852 1756 2900 quantum

270 2911 357 2952 hoc
385 2911 449 2959 fit,
478 2917 658 2952 tantum
685 2909 891 2950 elevatur
917 2922 1044 2950 mens
1075 2909 1168 2962 ejus
1200 2910 1243 2949 in
1276 2922 1430 2950 auram
1463 2910 1754 2962 superiorem,

270 2987 384 3027 quae
406 2980 476 3016 est
499 2974 737 3015 continens
760 2972 871 3014 lucis
893 2978 940 3014 et
963 2972 1126 3014 caloris
1148 2972 1374 3021 caelestis,
1395 2986 1473 3013 seu
1491 2972 1611 3026 quod
1632 2972 1754 3026 idem
