<?xml version="1.0" encoding="UTF-8"?>
<!DOCTYPE html PUBLIC "-//W3C//DTD XHTML 1.0 Transitional//EN"
    "http://www.w3.org/TR/xhtml1/DTD/xhtml1-transitional.dtd">
<html xmlns="http://www.w3.org/1999/xhtml" xml:lang="en" lang="en">
 <head>
  <title>
</title>
<meta http-equiv="Content-Type" content="text/html;charset=utf-8" />
  <meta name='ocr-system' content='tesseract 3.04.00' />
  <meta name='ocr-capabilities' content='ocr_page ocr_carea ocr_par ocr_line ocrx_word'/>
</head>
<body>
  <div class='ocr_page' id='page_1' title='image "./deliciaesapienti00sweduoft_0274.png"; bbox 0 0 2014 3386; ppageno 0'>
   <div class='ocr_carea' id='block_1_1' title="bbox 304 329 1344 389">
    <p class='ocr_par' dir='ltr' id='par_1_1' title="bbox 304 329 1344 389">
     <span class='ocr_line' id='line_1_1' title="bbox 304 329 1344 389; baseline 0 -1"><span class='ocrx_word' id='word_1_1' title='bbox 304 348 385 388; x_wconf 78' lang='lat'>268</span> <span class='ocrx_word' id='word_1_2' title='bbox 766 355 1007 389; x_wconf 90' lang='lat' dir='ltr'><strong>DELICIAE</strong></span> <span class='ocrx_word' id='word_1_3' title='bbox 1038 329 1344 389; x_wconf 75' lang='lat' dir='ltr'>SAPlENTIAE</span> 
     </span>
    </p>
   </div>
   <div class='ocr_carea' id='block_1_2' title="bbox 294 470 1842 3062">
    <p class='ocr_par' dir='ltr' id='par_1_2' title="bbox 300 470 1798 715">
     <span class='ocr_line' id='line_1_2' title="bbox 303 470 1796 526; baseline 0.001 -14"><span class='ocrx_word' id='word_1_4' title='bbox 303 470 439 525; x_wconf 80' lang='lat' dir='ltr'>Quod</span> <span class='ocrx_word' id='word_1_5' title='bbox 461 482 590 512; x_wconf 88' lang='lat' dir='ltr'>arnor</span> <span class='ocrx_word' id='word_1_6' title='bbox 611 470 689 512; x_wconf 89' lang='lat' dir='ltr'>ille</span> <span class='ocrx_word' id='word_1_7' title='bbox 711 484 812 512; x_wconf 89' lang='lat' dir='ltr'>cum</span> <span class='ocrx_word' id='word_1_8' title='bbox 836 471 925 512; x_wconf 91' lang='lat' dir='ltr'>suis</span> <span class='ocrx_word' id='word_1_9' title='bbox 948 470 1244 512; x_wconf 84' lang='lat' dir='ltr'>felicitatibus</span> <span class='ocrx_word' id='word_1_10' title='bbox 1267 484 1357 511; x_wconf 91' lang='lat' dir='ltr'>non</span> <span class='ocrx_word' id='word_1_11' title='bbox 1380 471 1515 512; x_wconf 86' lang='lat' dir='ltr'>detur</span> <span class='ocrx_word' id='word_1_12' title='bbox 1540 471 1639 512; x_wconf 88' lang='lat' dir='ltr'>aliis</span> <span class='ocrx_word' id='word_1_13' title='bbox 1662 485 1796 526; x_wconf 91' lang='lat' dir='ltr'>quam</span> 
     </span>
     <span class='ocr_line' id='line_1_3' title="bbox 300 534 1798 589; baseline 0 -13"><span class='ocrx_word' id='word_1_14' title='bbox 300 535 375 589; x_wconf 90' lang='lat' dir='ltr'>qui</span> <span class='ocrx_word' id='word_1_15' title='bbox 402 535 558 589; x_wconf 89' lang='lat' dir='ltr'>Ipsum</span> <span class='ocrx_word' id='word_1_16' title='bbox 589 535 776 582; x_wconf 89' lang='lat' dir='ltr'>adeunt,</span> <span class='ocrx_word' id='word_1_17' title='bbox 804 535 909 575; x_wconf 92' lang='lat' dir='ltr'>inde</span> <span class='ocrx_word' id='word_1_18' title='bbox 935 535 1161 588; x_wconf 83' lang='lat' dir='ltr'>sequitur3</span> <span class='ocrx_word' id='word_1_19' title='bbox 1200 540 1247 575; x_wconf 90' lang='lat' dir='ltr'>et</span> <span class='ocrx_word' id='word_1_20' title='bbox 1273 534 1392 588; x_wconf 91' lang='lat' dir='ltr'>quod</span> <span class='ocrx_word' id='word_1_21' title='bbox 1420 534 1508 575; x_wconf 90' lang='lat' dir='ltr'>illis</span> <span class='ocrx_word' id='word_1_22' title='bbox 1539 536 1613 588; x_wconf 91' lang='lat' dir='ltr'>qui</span> <span class='ocrx_word' id='word_1_23' title='bbox 1638 536 1798 576; x_wconf 90' lang='lat' dir='ltr'>vivunt</span> 
     </span>
     <span class='ocr_line' id='line_1_4' title="bbox 301 597 1798 652; baseline -0.001 -12"><span class='ocrx_word' id='word_1_24' title='bbox 301 599 552 640; x_wconf 84' lang='lat' dir='ltr'>secundum</span> <span class='ocrx_word' id='word_1_25' title='bbox 576 604 824 651; x_wconf 88' lang='lat' dir='ltr'>praecepta</span> <span class='ocrx_word' id='word_1_26' title='bbox 847 598 1006 651; x_wconf 83' lang='lat' dir='ltr'>Ipsius,</span> <span class='ocrx_word' id='word_1_27' title='bbox 1032 604 1103 638; x_wconf 86' lang='lat' dir='ltr'>est</span> <span class='ocrx_word' id='word_1_28' title='bbox 1127 598 1230 651; x_wconf 89' lang='lat' dir='ltr'>quia</span> <span class='ocrx_word' id='word_1_29' title='bbox 1252 611 1353 639; x_wconf 88' lang='lat' dir='ltr'>cum</span> <span class='ocrx_word' id='word_1_30' title='bbox 1379 597 1467 639; x_wconf 90' lang='lat' dir='ltr'>illis</span> <span class='ocrx_word' id='word_1_31' title='bbox 1493 612 1573 652; x_wconf 92' lang='lat' dir='ltr'>per</span> <span class='ocrx_word' id='word_1_32' title='bbox 1595 611 1798 640; x_wconf 86' lang='lat' dir='ltr'>amorem</span> 
     </span>
     <span class='ocr_line' id='line_1_5' title="bbox 301 657 1630 715; baseline -0.003 -12"><span class='ocrx_word' id='word_1_33' title='bbox 301 660 571 715; x_wconf 63' lang='lat' dir='ltr'>conjunctus</span> <span class='ocrx_word' id='word_1_34' title='bbox 597 657 668 702; x_wconf 76' lang='lat' dir='ltr'>‘est</span> <span class='ocrx_word' id='word_1_35' title='bbox 699 660 827 714; x_wconf 72' lang='lat' dir='ltr'><em>(Joh.</em></span> <span class='ocrx_word' id='word_1_36' title='bbox 855 661 947 701; x_wconf 87' lang='lat' dir='ltr'>xiv.</span> <span class='ocrx_word' id='word_1_37' title='bbox 975 659 1150 714; x_wconf 89' lang='lat'>21—24).</span> <span class='ocrx_word' id='word_1_38' title='bbox 1627 680 1630 683; x_wconf 46' lang='lat'><em>⁴</em></span> 
     </span>
    </p>

    <p class='ocr_par' dir='ltr' id='par_1_3' title="bbox 296 723 1800 2366">
     <span class='ocr_line' id='line_1_6' title="bbox 384 723 1800 780; baseline 0.001 -15"><span class='ocrx_word' id='word_1_39' title='bbox 384 732 515 780; x_wconf 76' lang='lat'>337.</span> <span class='ocrx_word' id='word_1_40' title='bbox 550 724 648 779; x_wconf 84' lang='lat' dir='ltr'>(iv.)</span> <span class='ocrx_word' id='word_1_41' title='bbox 685 724 1018 777; x_wconf 76' lang='lat' dir='ltr'>consequenter,</span> <span class='ocrx_word' id='word_1_42' title='bbox 1042 724 1162 778; x_wconf 86' lang='lat' dir='ltr'>quod</span> <span class='ocrx_word' id='word_1_43' title='bbox 1177 737 1260 764; x_wconf 86' lang='lat' dir='ltr'>non</span> <span class='ocrx_word' id='word_1_44' title='bbox 1282 723 1390 765; x_wconf 82' lang='lat' dir='ltr'>dari</span> <span class='ocrx_word' id='word_1_45' title='bbox 1407 731 1536 778; x_wconf 85' lang='lat' dir='ltr'><em>queat</em></span> <span class='ocrx_word' id='word_1_46' title='bbox 1556 738 1683 765; x_wconf 85' lang='lat' dir='ltr'>amor</span> <span class='ocrx_word' id='word_1_47' title='bbox 1698 739 1800 767; x_wconf 84' lang='lat' dir='ltr'>vere</span> 
     </span>
     <span class='ocr_line' id='line_1_7' title="bbox 299 786 1798 843; baseline -0.001 -14"><span class='ocrx_word' id='word_1_48' title='bbox 299 787 579 843; x_wconf 73' lang='lat' dir='ltr'>conjugialz&#39;s‚</span> <span class='ocrx_word' id='word_1_49' title='bbox 613 787 707 828; x_wconf 82' lang='lat' dir='ltr'>nisi</span> <span class='ocrx_word' id='word_1_50' title='bbox 734 800 868 841; x_wconf 87' lang='lat' dir='ltr'>quam</span> <span class='ocrx_word' id='word_1_51' title='bbox 898 787 1024 840; x_wconf 86' lang='lat' dir='ltr'>apud</span> <span class='ocrx_word' id='word_1_52' title='bbox 1059 786 1159 827; x_wconf 83' lang='lat' dir='ltr'>illos</span> <span class='ocrx_word' id='word_1_53' title='bbox 1190 787 1270 840; x_wconf 80' lang='lat' dir='ltr'>qui</span> <span class='ocrx_word' id='word_1_54' title='bbox 1306 787 1361 828; x_wconf 87' lang='lat' dir='ltr'>ab</span> <span class='ocrx_word' id='word_1_55' title='bbox 1401 787 1600 831; x_wconf 83' lang='lat' dir='ltr'>Ecclesia</span> <span class='ocrx_word' id='word_1_56' title='bbox 1635 786 1798 829; x_wconf 85' lang='lat' dir='ltr'>Clzris·</span> 
     </span>
     <span class='ocr_line' id='line_1_8' title="bbox 301 850 1799 904; baseline -0.001 -11"><span class='ocrx_word' id='word_1_57' title='bbox 301 852 427 893; x_wconf 86' lang='lat' dir='ltr'>tiana</span> <span class='ocrx_word' id='word_1_58' title='bbox 456 850 770 904; x_wconf 56' lang='lat' dir='ltr'>sumt—Quod</span> <span class='ocrx_word' id='word_1_59' title='bbox 812 864 905 891; x_wconf 93' lang='lat' dir='ltr'>non</span> <span class='ocrx_word' id='word_1_60' title='bbox 938 850 1072 891; x_wconf 90' lang='lat' dir='ltr'>detur</span> <span class='ocrx_word' id='word_1_61' title='bbox 1103 863 1231 891; x_wconf 91' lang='lat' dir='ltr'>amor</span> <span class='ocrx_word' id='word_1_62' title='bbox 1262 850 1543 904; x_wconf 89' lang='lat' dir='ltr'>conjugialis,</span> <span class='ocrx_word' id='word_1_63' title='bbox 1577 850 1722 904; x_wconf 87' lang='lat' dir='ltr'>qualis</span> <span class='ocrx_word' id='word_1_64' title='bbox 1753 851 1799 891; x_wconf 90' lang='lat' dir='ltr'>in</span> 
     </span>
     <span class='ocr_line' id='line_1_9' title="bbox 300 913 1800 968; baseline -0.001 -12"><span class='ocrx_word' id='word_1_65' title='bbox 300 929 383 956; x_wconf 89' lang='lat' dir='ltr'>suo</span> <span class='ocrx_word' id='word_1_66' title='bbox 414 915 566 968; x_wconf 88' lang='lat' dir='ltr'>capite</span> <span class='ocrx_word' id='word_1_67' title='bbox 600 913 662 967; x_wconf 90' lang='lat' dir='ltr'>(n.</span> <span class='ocrx_word' id='word_1_68' title='bbox 699 913 871 968; x_wconf 83' lang='lat'>57—73)‚</span> <span class='ocrx_word' id='word_1_69' title='bbox 905 920 952 955; x_wconf 88' lang='lat' dir='ltr'>et</span> <span class='ocrx_word' id='word_1_70' title='bbox 985 914 1030 954; x_wconf 92' lang='lat' dir='ltr'>in</span> <span class='ocrx_word' id='word_1_71' title='bbox 1062 914 1359 967; x_wconf 86' lang='lat' dir='ltr'>sequentibus</span> <span class='ocrx_word' id='word_1_72' title='bbox 1390 914 1515 963; x_wconf 88' lang='lat' dir='ltr'>illud,</span> <span class='ocrx_word' id='word_1_73' title='bbox 1543 915 1800 968; x_wconf 89' lang='lat' dir='ltr'>descriptus</span> 
     </span>
     <span class='ocr_line' id='line_1_10' title="bbox 300 977 1799 1032; baseline -0.001 -12"><span class='ocrx_word' id='word_1_74' title='bbox 300 985 386 1028; x_wconf 88' lang='lat' dir='ltr'>est,</span> <span class='ocrx_word' id='word_1_75' title='bbox 419 979 482 1020; x_wconf 87' lang='lat' dir='ltr'>ita</span> <span class='ocrx_word' id='word_1_76' title='bbox 522 978 668 1032; x_wconf 90' lang='lat' dir='ltr'>qualis</span> <span class='ocrx_word' id='word_1_77' title='bbox 699 984 770 1019; x_wconf 92' lang='lat' dir='ltr'>est</span> <span class='ocrx_word' id='word_1_78' title='bbox 808 979 852 1018; x_wconf 93' lang='lat' dir='ltr'>in</span> <span class='ocrx_word' id='word_1_79' title='bbox 893 991 974 1018; x_wconf 89' lang='lat' dir='ltr'>sua</span> <span class='ocrx_word' id='word_1_80' title='bbox 1013 978 1230 1026; x_wconf 86' lang='lat' dir='ltr'>essentia,</span> <span class='ocrx_word' id='word_1_81' title='bbox 1255 977 1339 1018; x_wconf 89' lang='lat' dir='ltr'>nisi</span> <span class='ocrx_word' id='word_1_82' title='bbox 1379 991 1514 1031; x_wconf 89' lang='lat' dir='ltr'>quam</span> <span class='ocrx_word' id='word_1_83' title='bbox 1545 978 1663 1031; x_wconf 88' lang='lat' dir='ltr'>apud</span> <span class='ocrx_word' id='word_1_84' title='bbox 1695 977 1799 1019; x_wconf 87' lang='lat' dir='ltr'>illos</span> 
     </span>
     <span class='ocr_line' id='line_1_11' title="bbox 300 1040 1800 1096; baseline -0.001 -13"><span class='ocrx_word' id='word_1_85' title='bbox 300 1043 375 1096; x_wconf 89' lang='lat' dir='ltr'>qui</span> <span class='ocrx_word' id='word_1_86' title='bbox 406 1042 465 1083; x_wconf 87' lang='lat' dir='ltr'>ab</span> <span class='ocrx_word' id='word_1_87' title='bbox 490 1041 702 1083; x_wconf 83' lang='lat' dir='ltr'>Ecclesia</span> <span class='ocrx_word' id='word_1_88' title='bbox 728 1040 987 1082; x_wconf 88' lang='lat' dir='ltr'>Christiana</span> <span class='ocrx_word' id='word_1_89' title='bbox 1012 1047 1131 1090; x_wconf 86' lang='lat' dir='ltr'>sunt,</span> <span class='ocrx_word' id='word_1_90' title='bbox 1159 1047 1232 1081; x_wconf 90' lang='lat' dir='ltr'>est</span> <span class='ocrx_word' id='word_1_91' title='bbox 1262 1054 1412 1089; x_wconf 88' lang='lat' dir='ltr'>causa,</span> <span class='ocrx_word' id='word_1_92' title='bbox 1441 1042 1545 1094; x_wconf 92' lang='lat' dir='ltr'>quia</span> <span class='ocrx_word' id='word_1_93' title='bbox 1569 1041 1645 1082; x_wconf 90' lang='lat' dir='ltr'>ille</span> <span class='ocrx_word' id='word_1_94' title='bbox 1671 1054 1800 1082; x_wconf 87' lang='lat' dir='ltr'>amor</span> 
     </span>
     <span class='ocr_line' id='line_1_12' title="bbox 300 1104 1799 1154; baseline -0.001 -7"><span class='ocrx_word' id='word_1_95' title='bbox 300 1112 372 1147; x_wconf 90' lang='lat' dir='ltr'>est</span> <span class='ocrx_word' id='word_1_96' title='bbox 412 1119 439 1146; x_wconf 86' lang='lat' dir='ltr'>a</span> <span class='ocrx_word' id='word_1_97' title='bbox 479 1105 580 1146; x_wconf 93' lang='lat' dir='ltr'>solo</span> <span class='ocrx_word' id='word_1_98' title='bbox 613 1105 827 1154; x_wconf 89' lang='lat' dir='ltr'>Domino,</span> <span class='ocrx_word' id='word_1_99' title='bbox 861 1111 909 1146; x_wconf 91' lang='lat' dir='ltr'>et</span> <span class='ocrx_word' id='word_1_100' title='bbox 951 1104 1174 1145; x_wconf 90' lang='lat' dir='ltr'>Dominus</span> <span class='ocrx_word' id='word_1_101' title='bbox 1206 1117 1298 1144; x_wconf 91' lang='lat' dir='ltr'>non</span> <span class='ocrx_word' id='word_1_102' title='bbox 1330 1104 1436 1145; x_wconf 88' lang='lat' dir='ltr'>alibi</span> <span class='ocrx_word' id='word_1_103' title='bbox 1466 1105 1531 1145; x_wconf 86' lang='lat' dir='ltr'>ita</span> <span class='ocrx_word' id='word_1_104' title='bbox 1562 1111 1698 1146; x_wconf 90' lang='lat' dir='ltr'>notus</span> <span class='ocrx_word' id='word_1_105' title='bbox 1729 1111 1799 1146; x_wconf 87' lang='lat' dir='ltr'>est</span> 
     </span>
     <span class='ocr_line' id='line_1_13' title="bbox 300 1167 1798 1222; baseline -0.001 -12"><span class='ocrx_word' id='word_1_106' title='bbox 300 1175 350 1210; x_wconf 91' lang='lat' dir='ltr'>ut</span> <span class='ocrx_word' id='word_1_107' title='bbox 377 1169 523 1222; x_wconf 88' lang='lat' dir='ltr'>possit</span> <span class='ocrx_word' id='word_1_108' title='bbox 549 1169 660 1209; x_wconf 90' lang='lat' dir='ltr'>adiri</span> <span class='ocrx_word' id='word_1_109' title='bbox 687 1175 736 1210; x_wconf 90' lang='lat' dir='ltr'>ut</span> <span class='ocrx_word' id='word_1_110' title='bbox 765 1168 918 1220; x_wconf 90' lang='lat' dir='ltr'>Deus;</span> <span class='ocrx_word' id='word_1_111' title='bbox 953 1174 1051 1209; x_wconf 93' lang='lat' dir='ltr'>tum</span> <span class='ocrx_word' id='word_1_112' title='bbox 1074 1168 1178 1222; x_wconf 90' lang='lat' dir='ltr'>quia</span> <span class='ocrx_word' id='word_1_113' title='bbox 1203 1181 1330 1208; x_wconf 90' lang='lat' dir='ltr'>amor</span> <span class='ocrx_word' id='word_1_114' title='bbox 1355 1167 1431 1209; x_wconf 90' lang='lat' dir='ltr'>ille</span> <span class='ocrx_word' id='word_1_115' title='bbox 1458 1174 1528 1209; x_wconf 89' lang='lat' dir='ltr'>est</span> <span class='ocrx_word' id='word_1_116' title='bbox 1550 1168 1798 1209; x_wconf 90' lang='lat' dir='ltr'>secundum</span> 
     </span>
     <span class='ocr_line' id='line_1_14' title="bbox 299 1230 1797 1286; baseline 0 -13"><span class='ocrx_word' id='word_1_117' title='bbox 299 1239 473 1274; x_wconf 84' lang='lat' dir='ltr'>statum</span> <span class='ocrx_word' id='word_1_118' title='bbox 506 1233 730 1274; x_wconf 84' lang='lat' dir='ltr'>ecclesiae</span> <span class='ocrx_word' id='word_1_119' title='bbox 762 1232 882 1286; x_wconf 91' lang='lat' dir='ltr'>apud</span> <span class='ocrx_word' id='word_1_120' title='bbox 915 1232 1262 1285; x_wconf 89' lang='lat' dir='ltr'>unumquemvis</span> <span class='ocrx_word' id='word_1_121' title='bbox 1301 1230 1364 1285; x_wconf 90' lang='lat' dir='ltr'>(n.</span> <span class='ocrx_word' id='word_1_122' title='bbox 1401 1230 1515 1286; x_wconf 84' lang='lat'>130),</span> <span class='ocrx_word' id='word_1_123' title='bbox 1549 1238 1596 1273; x_wconf 90' lang='lat' dir='ltr'>et</span> <span class='ocrx_word' id='word_1_124' title='bbox 1637 1233 1797 1286; x_wconf 88' lang='lat' dir='ltr'>genui-</span> 
     </span>
     <span class='ocr_line' id='line_1_15' title="bbox 300 1295 1799 1349; baseline 0 -12"><span class='ocrx_word' id='word_1_125' title='bbox 300 1310 383 1337; x_wconf 92' lang='lat' dir='ltr'>nus</span> <span class='ocrx_word' id='word_1_126' title='bbox 410 1302 561 1337; x_wconf 88' lang='lat' dir='ltr'>status</span> <span class='ocrx_word' id='word_1_127' title='bbox 587 1296 810 1337; x_wconf 90' lang='lat' dir='ltr'>ecclesiae</span> <span class='ocrx_word' id='word_1_128' title='bbox 838 1309 928 1336; x_wconf 90' lang='lat' dir='ltr'>non</span> <span class='ocrx_word' id='word_1_129' title='bbox 955 1295 1137 1336; x_wconf 83' lang='lat' dir='ltr'>aliunde</span> <span class='ocrx_word' id='word_1_130' title='bbox 1163 1301 1235 1336; x_wconf 89' lang='lat' dir='ltr'>est</span> <span class='ocrx_word' id='word_1_131' title='bbox 1266 1308 1401 1349; x_wconf 91' lang='lat' dir='ltr'>quam</span> <span class='ocrx_word' id='word_1_132' title='bbox 1433 1309 1459 1336; x_wconf 87' lang='lat' dir='ltr'>a</span> <span class='ocrx_word' id='word_1_133' title='bbox 1492 1295 1704 1342; x_wconf 89' lang='lat' dir='ltr'>Domino,</span> <span class='ocrx_word' id='word_1_134' title='bbox 1733 1297 1799 1337; x_wconf 83' lang='lat' dir='ltr'>ita</span> 
     </span>
     <span class='ocr_line' id='line_1_16' title="bbox 300 1358 1797 1413; baseline 0 -13"><span class='ocrx_word' id='word_1_135' title='bbox 300 1373 391 1400; x_wconf 90' lang='lat' dir='ltr'>non</span> <span class='ocrx_word' id='word_1_136' title='bbox 423 1361 546 1413; x_wconf 86' lang='lat' dir='ltr'>apud</span> <span class='ocrx_word' id='word_1_137' title='bbox 573 1360 687 1400; x_wconf 89' lang='lat' dir='ltr'>alios</span> <span class='ocrx_word' id='word_1_138' title='bbox 713 1372 848 1412; x_wconf 88' lang='lat' dir='ltr'>quam</span> <span class='ocrx_word' id='word_1_139' title='bbox 880 1359 954 1412; x_wconf 89' lang='lat' dir='ltr'>qui</span> <span class='ocrx_word' id='word_1_140' title='bbox 985 1359 1043 1399; x_wconf 91' lang='lat' dir='ltr'>ab</span> <span class='ocrx_word' id='word_1_141' title='bbox 1076 1358 1183 1412; x_wconf 93' lang='lat' dir='ltr'>Ipso</span> <span class='ocrx_word' id='word_1_142' title='bbox 1209 1359 1434 1412; x_wconf 88' lang='lat' dir='ltr'>recipiunt</span> <span class='ocrx_word' id='word_1_143' title='bbox 1460 1358 1600 1399; x_wconf 88' lang='lat' dir='ltr'>illum.</span> <span class='ocrx_word' id='word_1_144' title='bbox 1662 1358 1797 1412; x_wconf 81' lang='lat' dir='ltr'>Quod</span> 
     </span>
     <span class='ocr_line' id='line_1_17' title="bbox 299 1421 1798 1476; baseline -0.001 -11"><span class='ocrx_word' id='word_1_145' title='bbox 299 1424 412 1465; x_wconf 88' lang='lat' dir='ltr'>haec</span> <span class='ocrx_word' id='word_1_146' title='bbox 445 1424 536 1464; x_wconf 93' lang='lat' dir='ltr'>duo</span> <span class='ocrx_word' id='word_1_147' title='bbox 578 1424 668 1464; x_wconf 85' lang='lat' dir='ltr'>sint</span> <span class='ocrx_word' id='word_1_148' title='bbox 700 1423 819 1464; x_wconf 88' lang='lat' dir='ltr'>illius</span> <span class='ocrx_word' id='word_1_149' title='bbox 851 1423 1017 1463; x_wconf 89' lang='lat' dir='ltr'>amoris</span> <span class='ocrx_word' id='word_1_150' title='bbox 1055 1422 1314 1476; x_wconf 86' lang='lat' dir='ltr'>primordia,</span> <span class='ocrx_word' id='word_1_151' title='bbox 1347 1421 1710 1463; x_wconf 71' lang='lat' dir='ltr'>introduffiones</span> <span class='ocrx_word' id='word_1_152' title='bbox 1750 1430 1798 1464; x_wconf 85' lang='lat' dir='ltr'>et</span> 
     </span>
     <span class='ocr_line' id='line_1_18' title="bbox 298 1486 1797 1539; baseline -0.001 -11"><span class='ocrx_word' id='word_1_153' title='bbox 298 1487 708 1535; x_wconf 89' lang='lat' dir='ltr'>constabilitiones,</span> <span class='ocrx_word' id='word_1_154' title='bbox 743 1486 825 1527; x_wconf 90' lang='lat' dir='ltr'>tali</span> <span class='ocrx_word' id='word_1_155' title='bbox 857 1487 989 1539; x_wconf 89' lang='lat' dir='ltr'>copia</span> <span class='ocrx_word' id='word_1_156' title='bbox 1019 1487 1248 1526; x_wconf 89' lang='lat' dir='ltr'>rationum</span> <span class='ocrx_word' id='word_1_157' title='bbox 1280 1486 1560 1526; x_wconf 84' lang='lat' dir='ltr'>evidentium</span> <span class='ocrx_word' id='word_1_158' title='bbox 1597 1492 1644 1527; x_wconf 86' lang='lat' dir='ltr'>et</span> <span class='ocrx_word' id='word_1_159' title='bbox 1687 1499 1797 1527; x_wconf 90' lang='lat' dir='ltr'>con-</span> 
     </span>
     <span class='ocr_line' id='line_1_19' title="bbox 299 1549 1796 1604; baseline 0 -12"><span class='ocrx_word' id='word_1_160' title='bbox 299 1551 598 1597; x_wconf 83' lang='lat' dir='ltr'>cludentium.</span> <span class='ocrx_word' id='word_1_161' title='bbox 623 1549 844 1592; x_wconf 66' lang='lat' dir='ltr'>hactenus</span> <span class='ocrx_word' id='word_1_162' title='bbox 871 1549 1102 1591; x_wconf 87' lang='lat' dir='ltr'>firmatum</span> <span class='ocrx_word' id='word_1_163' title='bbox 1128 1555 1213 1598; x_wconf 88' lang='lat' dir='ltr'>est,</span> <span class='ocrx_word' id='word_1_164' title='bbox 1234 1556 1283 1590; x_wconf 92' lang='lat' dir='ltr'>ut</span> <span class='ocrx_word' id='word_1_165' title='bbox 1316 1563 1497 1603; x_wconf 91' lang='lat' dir='ltr'>prorsus</span> <span class='ocrx_word' id='word_1_166' title='bbox 1524 1563 1796 1604; x_wconf 89' lang='lat' dir='ltr'>supervaca-</span> 
     </span>
     <span class='ocr_line' id='line_1_20' title="bbox 299 1612 1797 1668; baseline -0.001 -12"><span class='ocrx_word' id='word_1_167' title='bbox 299 1629 434 1656; x_wconf 90' lang='lat' dir='ltr'>neum</span> <span class='ocrx_word' id='word_1_168' title='bbox 469 1616 527 1656; x_wconf 90' lang='lat' dir='ltr'>sit</span> <span class='ocrx_word' id='word_1_169' title='bbox 554 1615 722 1668; x_wconf 89' lang='lat' dir='ltr'>aliquid</span> <span class='ocrx_word' id='word_1_170' title='bbox 749 1613 1094 1667; x_wconf 82' lang='lat' dir='ltr'>superadjicere.</span> <span class='ocrx_word' id='word_1_171' title='bbox 1157 1612 1292 1666; x_wconf 80' lang='lat' dir='ltr'>Quod</span> <span class='ocrx_word' id='word_1_172' title='bbox 1319 1619 1475 1654; x_wconf 86' lang='lat' dir='ltr'>tamen</span> <span class='ocrx_word' id='word_1_173' title='bbox 1502 1627 1643 1667; x_wconf 86' lang='lat' dir='ltr'>usque</span> <span class='ocrx_word' id='word_1_174' title='bbox 1667 1625 1797 1655; x_wconf 84' lang='lat' dir='ltr'>amor</span> 
     </span>
     <span class='ocr_line' id='line_1_21' title="bbox 297 1675 1793 1731; baseline -0.001 -12"><span class='ocrx_word' id='word_1_175' title='bbox 297 1693 405 1720; x_wconf 90' lang='lat' dir='ltr'>vere</span> <span class='ocrx_word' id='word_1_176' title='bbox 446 1677 715 1731; x_wconf 81' lang='lat' dir='ltr'>conjugialis</span> <span class='ocrx_word' id='word_1_177' title='bbox 747 1678 791 1718; x_wconf 90' lang='lat' dir='ltr'>in</span> <span class='ocrx_word' id='word_1_178' title='bbox 823 1678 932 1718; x_wconf 91' lang='lat' dir='ltr'>orbe</span> <span class='ocrx_word' id='word_1_179' title='bbox 966 1676 1231 1718; x_wconf 88' lang='lat' dir='ltr'>Christiano</span> <span class='ocrx_word' id='word_1_180' title='bbox 1267 1690 1391 1717; x_wconf 88' lang='lat' dir='ltr'>rarus</span> <span class='ocrx_word' id='word_1_181' title='bbox 1423 1677 1482 1718; x_wconf 87' lang='lat' dir='ltr'>sit</span> <span class='ocrx_word' id='word_1_182' title='bbox 1518 1675 1580 1730; x_wconf 88' lang='lat' dir='ltr'>(n.</span> <span class='ocrx_word' id='word_1_183' title='bbox 1610 1678 1674 1730; x_wconf 84' lang='lat'>58,</span> <span class='ocrx_word' id='word_1_184' title='bbox 1705 1675 1793 1731; x_wconf 87' lang='lat'><strong>59),</strong></span> 
     </span>
     <span class='ocr_line' id='line_1_22' title="bbox 298 1739 1797 1796; baseline -0.002 -13"><span class='ocrx_word' id='word_1_185' title='bbox 298 1749 370 1783; x_wconf 88' lang='lat' dir='ltr'>est</span> <span class='ocrx_word' id='word_1_186' title='bbox 402 1742 507 1796; x_wconf 86' lang='lat' dir='ltr'>quia</span> <span class='ocrx_word' id='word_1_187' title='bbox 540 1741 670 1795; x_wconf 89' lang='lat' dir='ltr'>pauci</span> <span class='ocrx_word' id='word_1_188' title='bbox 697 1741 755 1781; x_wconf 91' lang='lat' dir='ltr'>ibi</span> <span class='ocrx_word' id='word_1_189' title='bbox 787 1741 957 1782; x_wconf 90' lang='lat' dir='ltr'>adeunt</span> <span class='ocrx_word' id='word_1_190' title='bbox 991 1740 1265 1791; x_wconf 88' lang='lat' dir='ltr'>Dom·inum;</span> <span class='ocrx_word' id='word_1_191' title='bbox 1298 1753 1350 1781; x_wconf 89' lang='lat' dir='ltr'>ac</span> <span class='ocrx_word' id='word_1_192' title='bbox 1384 1740 1503 1781; x_wconf 90' lang='lat' dir='ltr'>inter</span> <span class='ocrx_word' id='word_1_193' title='bbox 1527 1740 1630 1781; x_wconf 91' lang='lat' dir='ltr'>illos</span> <span class='ocrx_word' id='word_1_194' title='bbox 1658 1739 1797 1793; x_wconf 85' lang='lat' dir='ltr'>aliqui</span> 
     </span>
     <span class='ocr_line' id='line_1_23' title="bbox 299 1802 1794 1858; baseline -0.001 -13"><span class='ocrx_word' id='word_1_195' title='bbox 299 1811 420 1854; x_wconf 83' lang='lat' dir='ltr'>sunt,</span> <span class='ocrx_word' id='word_1_196' title='bbox 440 1806 514 1858; x_wconf 91' lang='lat' dir='ltr'>qui</span> <span class='ocrx_word' id='word_1_197' title='bbox 541 1805 723 1858; x_wconf 89' lang='lat' dir='ltr'>quidem</span> <span class='ocrx_word' id='word_1_198' title='bbox 750 1805 944 1845; x_wconf 89' lang='lat' dir='ltr'>credunt</span> <span class='ocrx_word' id='word_1_199' title='bbox 966 1803 1223 1852; x_wconf 88' lang='lat' dir='ltr'>ecclesiam,</span> <span class='ocrx_word' id='word_1_200' title='bbox 1240 1804 1321 1844; x_wconf 90' lang='lat' dir='ltr'>sed</span> <span class='ocrx_word' id='word_1_201' title='bbox 1349 1816 1439 1843; x_wconf 91' lang='lat' dir='ltr'>non</span> <span class='ocrx_word' id='word_1_202' title='bbox 1463 1804 1620 1843; x_wconf 90' lang='lat' dir='ltr'>vivunt</span> <span class='ocrx_word' id='word_1_203' title='bbox 1638 1802 1763 1843; x_wconf 84' lang='lat' dir='ltr'>illam</span> <span class='ocrx_word' id='word_1_204' title='bbox 1783 1815 1794 1853; x_wconf 85' lang='grc'>;</span> 
     </span>
     <span class='ocr_line' id='line_1_24' title="bbox 298 1865 1791 1922; baseline -0.001 -14"><span class='ocrx_word' id='word_1_205' title='bbox 298 1874 480 1922; x_wconf 88' lang='lat' dir='ltr'>praeter</span> <span class='ocrx_word' id='word_1_206' title='bbox 512 1868 653 1921; x_wconf 88' lang='lat' dir='ltr'>plura,</span> <span class='ocrx_word' id='word_1_207' title='bbox 682 1882 797 1921; x_wconf 90' lang='lat' dir='ltr'>quae</span> <span class='ocrx_word' id='word_1_208' title='bbox 830 1866 1017 1908; x_wconf 63' lang='lat' dir='ltr'>detecta</span> <span class='ocrx_word' id='word_1_209' title='bbox 1048 1874 1154 1908; x_wconf 90' lang='lat' dir='ltr'>sunt</span> <span class='ocrx_word' id='word_1_210' title='bbox 1186 1868 1230 1907; x_wconf 93' lang='lat' dir='ltr'>in</span> <span class='ocrx_word' id='word_1_211' title='bbox 1256 1866 1535 1919; x_wconf 82' lang='lat' dir='ltr'>Apocalypsi</span> <span class='ocrx_word' id='word_1_212' title='bbox 1559 1865 1791 1914; x_wconf 85' lang='lat' dir='ltr'>Revelata,</span> 
     </span>
     <span class='ocr_line' id='line_1_25' title="bbox 298 1928 1794 1985; baseline -0.002 -13"><span class='ocrx_word' id='word_1_213' title='bbox 298 1931 373 1972; x_wconf 90' lang='lat' dir='ltr'>ubi</span> <span class='ocrx_word' id='word_1_214' title='bbox 400 1931 535 1985; x_wconf 88' lang='lat' dir='ltr'>plene</span> <span class='ocrx_word' id='word_1_215' title='bbox 561 1931 832 1971; x_wconf 87' lang='lat' dir='ltr'>describitur</span> <span class='ocrx_word' id='word_1_216' title='bbox 858 1937 1008 1971; x_wconf 76' lang='lat' dir='ltr'>status</span> <span class='ocrx_word' id='word_1_217' title='bbox 1034 1930 1281 1971; x_wconf 87' lang='lat' dir='ltr'>hodiernus</span> <span class='ocrx_word' id='word_1_218' title='bbox 1308 1930 1546 1971; x_wconf 86' lang='lat' dir='ltr'>Ecclesiae</span> <span class='ocrx_word' id='word_1_219' title='bbox 1572 1928 1794 1970; x_wconf 86' lang='lat' dir='ltr'>Christia-</span> 
     </span>
     <span class='ocr_line' id='line_1_26' title="bbox 298 1993 1794 2047; baseline -0.001 -10"><span class='ocrx_word' id='word_1_220' title='bbox 298 2009 410 2037; x_wconf 86' lang='lat' dir='ltr'>nae:</span> <span class='ocrx_word' id='word_1_221' title='bbox 455 1995 535 2036; x_wconf 92' lang='lat' dir='ltr'>sed</span> <span class='ocrx_word' id='word_1_222' title='bbox 574 1995 865 2035; x_wconf 88' lang='lat' dir='ltr'>nihilominus</span> <span class='ocrx_word' id='word_1_223' title='bbox 891 1994 1018 2035; x_wconf 87' lang='lat' dir='ltr'>valet</span> <span class='ocrx_word' id='word_1_224' title='bbox 1044 1995 1227 2042; x_wconf 87' lang='lat' dir='ltr'>veritas,</span> <span class='ocrx_word' id='word_1_225' title='bbox 1251 1993 1372 2047; x_wconf 92' lang='lat' dir='ltr'>quod</span> <span class='ocrx_word' id='word_1_226' title='bbox 1411 2006 1501 2033; x_wconf 90' lang='lat' dir='ltr'>non</span> <span class='ocrx_word' id='word_1_227' title='bbox 1529 1993 1623 2033; x_wconf 86' lang='lat' dir='ltr'>dari</span> <span class='ocrx_word' id='word_1_228' title='bbox 1655 1999 1794 2047; x_wconf 87' lang='lat' dir='ltr'>queat</span> 
     </span>
     <span class='ocr_line' id='line_1_27' title="bbox 298 2056 1794 2110; baseline -0.003 -10"><span class='ocrx_word' id='word_1_229' title='bbox 298 2073 426 2100; x_wconf 91' lang='lat' dir='ltr'>amor</span> <span class='ocrx_word' id='word_1_230' title='bbox 462 2072 568 2099; x_wconf 90' lang='lat' dir='ltr'>vere</span> <span class='ocrx_word' id='word_1_231' title='bbox 609 2057 893 2110; x_wconf 78' lang='lat' dir='ltr'>conjugialis,</span> <span class='ocrx_word' id='word_1_232' title='bbox 928 2058 1012 2098; x_wconf 90' lang='lat' dir='ltr'>nisi</span> <span class='ocrx_word' id='word_1_233' title='bbox 1053 2057 1171 2110; x_wconf 88' lang='lat' dir='ltr'>apud</span> <span class='ocrx_word' id='word_1_234' title='bbox 1213 2056 1318 2097; x_wconf 90' lang='lat' dir='ltr'>illos</span> <span class='ocrx_word' id='word_1_235' title='bbox 1358 2056 1432 2110; x_wconf 92' lang='lat' dir='ltr'>qui</span> <span class='ocrx_word' id='word_1_236' title='bbox 1477 2056 1535 2096; x_wconf 91' lang='lat' dir='ltr'>ab</span> <span class='ocrx_word' id='word_1_237' title='bbox 1581 2056 1794 2097; x_wconf 88' lang='lat' dir='ltr'>Ecclesia</span> 
     </span>
     <span class='ocr_line' id='line_1_28' title="bbox 298 2119 1793 2174; baseline -0.003 -11"><span class='ocrx_word' id='word_1_238' title='bbox 298 2121 560 2164; x_wconf 88' lang='lat' dir='ltr'>Christiana</span> <span class='ocrx_word' id='word_1_239' title='bbox 604 2127 736 2171; x_wconf 80' lang='lat' dir='ltr'>sunt3</span> <span class='ocrx_word' id='word_1_240' title='bbox 788 2134 926 2174; x_wconf 90' lang='lat' dir='ltr'>quare</span> <span class='ocrx_word' id='word_1_241' title='bbox 969 2121 1108 2161; x_wconf 90' lang='lat' dir='ltr'>etiam</span> <span class='ocrx_word' id='word_1_242' title='bbox 1149 2119 1413 2173; x_wconf 88' lang='lat' dir='ltr'>polygamia</span> <span class='ocrx_word' id='word_1_243' title='bbox 1458 2119 1563 2160; x_wconf 88' lang='lat' dir='ltr'>inde</span> <span class='ocrx_word' id='word_1_244' title='bbox 1610 2133 1793 2172; x_wconf 88' lang='lat' dir='ltr'>prorsus</span> 
     </span>
     <span class='ocr_line' id='line_1_29' title="bbox 297 2183 1793 2238; baseline -0.002 -11"><span class='ocrx_word' id='word_1_245' title='bbox 297 2187 518 2227; x_wconf 89' lang='lat' dir='ltr'>damnata</span> <span class='ocrx_word' id='word_1_246' title='bbox 545 2192 615 2226; x_wconf 89' lang='lat' dir='ltr'>est</span> <span class='ocrx_word' id='word_1_247' title='bbox 637 2198 645 2225; x_wconf 91' lang='lat'>:</span> <span class='ocrx_word' id='word_1_248' title='bbox 680 2185 800 2238; x_wconf 90' lang='lat' dir='ltr'>quod</span> <span class='ocrx_word' id='word_1_249' title='bbox 827 2184 914 2225; x_wconf 90' lang='lat' dir='ltr'>hoc</span> <span class='ocrx_word' id='word_1_250' title='bbox 948 2185 1088 2224; x_wconf 90' lang='lat' dir='ltr'>etiam</span> <span class='ocrx_word' id='word_1_251' title='bbox 1115 2183 1173 2224; x_wconf 88' lang='lat' dir='ltr'>sit</span> <span class='ocrx_word' id='word_1_252' title='bbox 1201 2197 1259 2224; x_wconf 87' lang='lat' dir='ltr'>ex</span> <span class='ocrx_word' id='word_1_253' title='bbox 1288 2183 1451 2223; x_wconf 90' lang='lat' dir='ltr'>Divina</span> <span class='ocrx_word' id='word_1_254' title='bbox 1478 2183 1662 2224; x_wconf 88' lang='lat' dir='ltr'>Domini</span> <span class='ocrx_word' id='word_1_255' title='bbox 1689 2196 1793 2236; x_wconf 90' lang='lat' dir='ltr'>pro·</span> 
     </span>
     <span class='ocr_line' id='line_1_30' title="bbox 296 2246 1792 2301; baseline -0.001 -11"><span class='ocrx_word' id='word_1_256' title='bbox 296 2249 502 2290; x_wconf 85' lang='lat' dir='ltr'>videntia</span> <span class='ocrx_word' id='word_1_257' title='bbox 542 2248 784 2289; x_wconf 86' lang='lat' dir='ltr'>manifeste</span> <span class='ocrx_word' id='word_1_258' title='bbox 823 2253 954 2301; x_wconf 87' lang='lat' dir='ltr'>patet</span> <span class='ocrx_word' id='word_1_259' title='bbox 999 2247 1089 2288; x_wconf 89' lang='lat' dir='ltr'>illis</span> <span class='ocrx_word' id='word_1_260' title='bbox 1133 2247 1207 2300; x_wconf 91' lang='lat' dir='ltr'>qui</span> <span class='ocrx_word' id='word_1_261' title='bbox 1251 2247 1308 2288; x_wconf 91' lang='lat' dir='ltr'>de</span> <span class='ocrx_word' id='word_1_262' title='bbox 1346 2247 1635 2300; x_wconf 88' lang='lat' dir='ltr'>providentia</span> <span class='ocrx_word' id='word_1_263' title='bbox 1669 2246 1792 2300; x_wconf 88' lang='lat' dir='ltr'>juste</span> 
     </span>
     <span class='ocr_line' id='line_1_31' title="bbox 297 2314 522 2366; baseline -0.004 -12"><span class='ocrx_word' id='word_1_264' title='bbox 297 2314 522 2366; x_wconf 89' lang='lat' dir='ltr'>cogitant.</span> 
     </span>
    </p>

    <p class='ocr_par' dir='ltr' id='par_1_4' title="bbox 294 2372 1842 2999">
     <span class='ocr_line' id='line_1_32' title="bbox 380 2372 1842 2430; baseline -0.004 -11"><span class='ocrx_word' id='word_1_265' title='bbox 380 2376 511 2430; x_wconf 78' lang='lat'><strong>338.</strong></span> <span class='ocrx_word' id='word_1_266' title='bbox 549 2374 630 2430; x_wconf 87' lang='grc' dir='ltr'>(ν.)</span> <span class='ocrx_word' id='word_1_267' title='bbox 668 2374 796 2426; x_wconf 78' lang='lat' dir='ltr'>Quod</span> <span class='ocrx_word' id='word_1_268' title='bbox 811 2374 912 2416; x_wconf 81' lang='lat' dir='ltr'>inde</span> <span class='ocrx_word' id='word_1_269' title='bbox 931 2373 1004 2422; x_wconf 84' lang='lat' dir='ltr'>sit,</span> <span class='ocrx_word' id='word_1_270' title='bbox 1029 2373 1149 2427; x_wconf 87' lang='lat' dir='ltr'>quod</span> <span class='ocrx_word' id='word_1_271' title='bbox 1168 2372 1429 2415; x_wconf 74' lang='lat' dir='ltr'>Christiano</span> <span class='ocrx_word' id='word_1_272' title='bbox 1450 2387 1533 2413; x_wconf 84' lang='lat' dir='ltr'>non</span> <span class='ocrx_word' id='word_1_273' title='bbox 1555 2372 1683 2414; x_wconf 80' lang='lat' dir='ltr'>liceat</span> <span class='ocrx_word' id='word_1_274' title='bbox 1703 2372 1797 2414; x_wconf 82' lang='lat' dir='ltr'>nisi</span> <span class='ocrx_word' id='word_1_275' title='bbox 1840 2388 1842 2391; x_wconf 91' lang='lat'>·</span> 
     </span>
     <span class='ocr_line' id='line_1_33' title="bbox 296 2436 1791 2490; baseline -0.003 -10"><span class='ocrx_word' id='word_1_276' title='bbox 296 2453 429 2481; x_wconf 83' lang='lat' dir='ltr'>unam</span> <span class='ocrx_word' id='word_1_277' title='bbox 455 2453 637 2480; x_wconf 76' lang='lat' dir='ltr'>uxorem</span> <span class='ocrx_word' id='word_1_278' title='bbox 662 2438 991 2479; x_wconf 60' lang='lat' dir='ltr'>duma—Hoc</span> <span class='ocrx_word' id='word_1_279' title='bbox 1019 2438 1224 2490; x_wconf 86' lang='lat' dir='ltr'>sequitur</span> <span class='ocrx_word' id='word_1_280' title='bbox 1250 2436 1569 2478; x_wconf 84' lang='lat' dir='ltr'>confirmatum</span> <span class='ocrx_word' id='word_1_281' title='bbox 1595 2450 1655 2477; x_wconf 89' lang='lat' dir='ltr'>ex</span> <span class='ocrx_word' id='word_1_282' title='bbox 1681 2449 1791 2477; x_wconf 91' lang='lat' dir='ltr'>con-</span> 
     </span>
     <span class='ocr_line' id='line_1_34' title="bbox 295 2499 1791 2555; baseline -0.002 -12"><span class='ocrx_word' id='word_1_283' title='bbox 295 2503 486 2544; x_wconf 87' lang='lat' dir='ltr'>firmatis</span> <span class='ocrx_word' id='word_1_284' title='bbox 510 2503 890 2555; x_wconf 87' lang='lat' dir='ltr'>praecedentibus</span> <span class='ocrx_word' id='word_1_285' title='bbox 917 2501 1152 2551; x_wconf 89' lang='lat' dir='ltr'>articulis;</span> <span class='ocrx_word' id='word_1_286' title='bbox 1186 2501 1346 2553; x_wconf 90' lang='lat' dir='ltr'>quibus</span> <span class='ocrx_word' id='word_1_287' title='bbox 1372 2500 1459 2541; x_wconf 91' lang='lat' dir='ltr'>hoc</span> <span class='ocrx_word' id='word_1_288' title='bbox 1487 2499 1791 2552; x_wconf 86' lang='lat' dir='ltr'>adjiciendum</span> 
     </span>
     <span class='ocr_line' id='line_1_35' title="bbox 295 2563 1792 2619; baseline -0.003 -12"><span class='ocrx_word' id='word_1_289' title='bbox 295 2572 392 2607; x_wconf 87' lang='lat' dir='ltr'>est:</span> <span class='ocrx_word' id='word_1_290' title='bbox 437 2567 557 2619; x_wconf 90' lang='lat' dir='ltr'>quod</span> <span class='ocrx_word' id='word_1_291' title='bbox 597 2567 845 2619; x_wconf 85' lang='lat' dir='ltr'>genuinum</span> <span class='ocrx_word' id='word_1_292' title='bbox 878 2563 1135 2618; x_wconf 86' lang='lat' dir='ltr'>conjugiale</span> <span class='ocrx_word' id='word_1_293' title='bbox 1167 2564 1398 2604; x_wconf 89' lang='lat' dir='ltr'>mentibus</span> <span class='ocrx_word' id='word_1_294' title='bbox 1430 2563 1792 2605; x_wconf 88' lang='lat' dir='ltr'>Christianorum</span> 
     </span>
     <span class='ocr_line' id='line_1_36' title="bbox 295 2626 1791 2682; baseline -0.002 -12"><span class='ocrx_word' id='word_1_295' title='bbox 295 2629 433 2671; x_wconf 89' lang='lat' dir='ltr'>altius</span> <span class='ocrx_word' id='word_1_296' title='bbox 459 2630 728 2682; x_wconf 87' lang='lat' dir='ltr'>inscriptum</span> <span class='ocrx_word' id='word_1_297' title='bbox 756 2630 829 2677; x_wconf 88' lang='lat' dir='ltr'>sit,</span> <span class='ocrx_word' id='word_1_298' title='bbox 853 2641 987 2682; x_wconf 90' lang='lat' dir='ltr'>quam</span> <span class='ocrx_word' id='word_1_299' title='bbox 1012 2627 1241 2668; x_wconf 89' lang='lat' dir='ltr'>mentibus</span> <span class='ocrx_word' id='word_1_300' title='bbox 1265 2626 1497 2675; x_wconf 90' lang='lat' dir='ltr'>Gentium,</span> <span class='ocrx_word' id='word_1_301' title='bbox 1521 2641 1636 2680; x_wconf 84' lang='lat' dir='ltr'>quae</span> <span class='ocrx_word' id='word_1_302' title='bbox 1659 2626 1791 2680; x_wconf 90' lang='lat' dir='ltr'>poly-</span> 
     </span>
     <span class='ocr_line' id='line_1_37' title="bbox 294 2689 1790 2746; baseline -0.002 -13"><span class='ocrx_word' id='word_1_303' title='bbox 294 2693 494 2746; x_wconf 90' lang='lat' dir='ltr'>gamiam</span> <span class='ocrx_word' id='word_1_304' title='bbox 517 2692 762 2745; x_wconf 87' lang='lat' dir='ltr'>amplexae</span> <span class='ocrx_word' id='word_1_305' title='bbox 789 2698 895 2733; x_wconf 89' lang='lat' dir='ltr'>sunt</span> <span class='ocrx_word' id='word_1_306' title='bbox 916 2706 925 2742; x_wconf 91' lang='lat'>;</span> <span class='ocrx_word' id='word_1_307' title='bbox 958 2697 1006 2732; x_wconf 92' lang='lat' dir='ltr'>et</span> <span class='ocrx_word' id='word_1_308' title='bbox 1034 2690 1153 2744; x_wconf 93' lang='lat' dir='ltr'>quod</span> <span class='ocrx_word' id='word_1_309' title='bbox 1175 2690 1281 2731; x_wconf 93' lang='lat' dir='ltr'>inde</span> <span class='ocrx_word' id='word_1_310' title='bbox 1304 2696 1483 2731; x_wconf 85' lang='lat' dir='ltr'>mentes</span> <span class='ocrx_word' id='word_1_311' title='bbox 1506 2689 1790 2731; x_wconf 89' lang='lat' dir='ltr'>Christiano·</span> 
     </span>
     <span class='ocr_line' id='line_1_38' title="bbox 295 2751 1789 2808; baseline -0.003 -12"><span class='ocrx_word' id='word_1_312' title='bbox 295 2769 392 2797; x_wconf 86' lang='lat' dir='ltr'>rum</span> <span class='ocrx_word' id='word_1_313' title='bbox 420 2755 809 2808; x_wconf 87' lang='lat' dir='ltr'>susceptibiliores</span> <span class='ocrx_word' id='word_1_314' title='bbox 832 2755 950 2795; x_wconf 91' lang='lat' dir='ltr'>illius</span> <span class='ocrx_word' id='word_1_315' title='bbox 972 2754 1137 2794; x_wconf 90' lang='lat' dir='ltr'>amoris</span> <span class='ocrx_word' id='word_1_316' title='bbox 1163 2754 1269 2802; x_wconf 86' lang='lat' dir='ltr'>sint,</span> <span class='ocrx_word' id='word_1_317' title='bbox 1293 2766 1427 2807; x_wconf 84' lang='lat' dir='ltr'>quam</span> <span class='ocrx_word' id='word_1_318' title='bbox 1451 2759 1630 2794; x_wconf 88' lang='lat' dir='ltr'>mentes</span> <span class='ocrx_word' id='word_1_319' title='bbox 1657 2751 1789 2807; x_wconf 89' lang='lat' dir='ltr'>poly-</span> 
     </span>
     <span class='ocr_line' id='line_1_39' title="bbox 294 2815 1790 2872; baseline -0.003 -13"><span class='ocrx_word' id='word_1_320' title='bbox 294 2832 532 2872; x_wconf 89' lang='lat' dir='ltr'>gamorum</span> <span class='ocrx_word' id='word_1_321' title='bbox 556 2832 564 2867; x_wconf 90' lang='lat'>;</span> <span class='ocrx_word' id='word_1_322' title='bbox 594 2832 697 2858; x_wconf 84' lang='lat' dir='ltr'>nam</span> <span class='ocrx_word' id='word_1_323' title='bbox 717 2817 970 2871; x_wconf 84' lang='lat' dir='ltr'>conjugiale</span> <span class='ocrx_word' id='word_1_324' title='bbox 988 2815 1097 2858; x_wconf 89' lang='lat' dir='ltr'>illud</span> <span class='ocrx_word' id='word_1_325' title='bbox 1120 2817 1386 2869; x_wconf 89' lang='lat' dir='ltr'>inscriptum</span> <span class='ocrx_word' id='word_1_326' title='bbox 1409 2823 1480 2857; x_wconf 91' lang='lat' dir='ltr'>est</span> <span class='ocrx_word' id='word_1_327' title='bbox 1502 2815 1790 2856; x_wconf 85' lang='lat' dir='ltr'>interioribus</span> 
     </span>
     <span class='ocr_line' id='line_1_40' title="bbox 294 2877 1788 2934; baseline -0.003 -11"><span class='ocrx_word' id='word_1_328' title='bbox 294 2883 463 2923; x_wconf 88' lang='lat' dir='ltr'>mentis</span> <span class='ocrx_word' id='word_1_329' title='bbox 491 2882 870 2929; x_wconf 89' lang='lat' dir='ltr'>Christianorum,</span> <span class='ocrx_word' id='word_1_330' title='bbox 900 2881 1002 2934; x_wconf 89' lang='lat' dir='ltr'>quia</span> <span class='ocrx_word' id='word_1_331' title='bbox 1028 2885 1287 2933; x_wconf 87' lang='lat' dir='ltr'>agnoscunt</span> <span class='ocrx_word' id='word_1_332' title='bbox 1315 2879 1560 2920; x_wconf 89' lang='lat' dir='ltr'>Dominum</span> <span class='ocrx_word' id='word_1_333' title='bbox 1587 2885 1634 2919; x_wconf 89' lang='lat' dir='ltr'>et</span> <span class='ocrx_word' id='word_1_334' title='bbox 1661 2877 1788 2918; x_wconf 89' lang='lat' dir='ltr'>Divi-</span> 
     </span>
     <span class='ocr_line' id='line_1_41' title="bbox 295 2940 1787 2999; baseline -0.003 -13"><span class='ocrx_word' id='word_1_335' title='bbox 295 2959 402 2986; x_wconf 89' lang='lat' dir='ltr'>num</span> <span class='ocrx_word' id='word_1_336' title='bbox 422 2946 582 2999; x_wconf 79' lang='lat' dir='ltr'>Ipsius,</span> <span class='ocrx_word' id='word_1_337' title='bbox 600 2953 645 2985; x_wconf 91' lang='lat' dir='ltr'>et</span> <span class='ocrx_word' id='word_1_338' title='bbox 669 2941 974 2985; x_wconf 86' lang='lat' dir='ltr'>exterioribus</span> <span class='ocrx_word' id='word_1_339' title='bbox 993 2943 1159 2984; x_wconf 89' lang='lat' dir='ltr'>mentis</span> <span class='ocrx_word' id='word_1_340' title='bbox 1177 2942 1357 2983; x_wconf 91' lang='lat' dir='ltr'>illorum</span> <span class='ocrx_word' id='word_1_341' title='bbox 1376 2956 1454 2995; x_wconf 92' lang='lat' dir='ltr'>per</span> <span class='ocrx_word' id='word_1_342' title='bbox 1472 2942 1598 2995; x_wconf 84' lang='lat' dir='ltr'>leges</span> <span class='ocrx_word' id='word_1_343' title='bbox 1616 2940 1787 2982; x_wconf 85' lang='lat' dir='ltr'>civiles.</span> 
     </span>
    </p>

    <p class='ocr_par' dir='ltr' id='par_1_5' title="bbox 378 3005 1786 3062">
     <span class='ocr_line' id='line_1_42' title="bbox 378 3005 1786 3062; baseline -0.004 -12"><span class='ocrx_word' id='word_1_344' title='bbox 378 3018 516 3062; x_wconf 80' lang='lat'><strong>339·</strong></span> <span class='ocrx_word' id='word_1_345' title='bbox 545 3007 642 3062; x_wconf 90' lang='lat' dir='ltr'>(vi.)</span> <span class='ocrx_word' id='word_1_346' title='bbox 680 3006 807 3057; x_wconf 80' lang='lat' dir='ltr'>Quod</span> <span class='ocrx_word' id='word_1_347' title='bbox 823 3007 1126 3056; x_wconf 73' lang='lat' dir='ltr'>Christianus,</span> <span class='ocrx_word' id='word_1_348' title='bbox 1145 3005 1191 3047; x_wconf 82' lang='lat' dir='ltr'>si</span> <span class='ocrx_word' id='word_1_349' title='bbox 1201 3005 1356 3059; x_wconf 84' lang='lat' dir='ltr'>plures</span> <span class='ocrx_word' id='word_1_350' title='bbox 1371 3019 1530 3046; x_wconf 82' lang='lat' dir='ltr'>uxores</span> <span class='ocrx_word' id='word_1_351' title='bbox 1551 3005 1682 3054; x_wconf 82' lang='lat' dir='ltr'>ducit,</span> <span class='ocrx_word' id='word_1_352' title='bbox 1703 3017 1786 3045; x_wconf 86' lang='lat' dir='ltr'>non</span> 
     </span>
    </p>
   </div>
  </div>
 </body>
</html>
