2014 3386
526 340 593 373 DE
625 338 805 372 AMORE
837 336 1261 380 cONJuo1AL1.—N.
1290 314 1386 382 2o3.
1622 328 1698 381 165

203 453 333 508 hujus
349 453 534 502 formae,
555 458 800 494 nascantur
818 451 994 493 nobiles
1011 449 1191 500 fruetus,
1207 451 1252 491 in
1270 450 1408 492 caelis
1426 449 1697 503 spirituales,

203 519 248 560 in
275 518 406 559 terris
432 517 678 565 naturales,
703 516 748 557 in
774 529 891 557 nunc
920 521 1139 569 sequente
1165 514 1359 556 articulo
1383 514 1622 555 videbitur.

286 590 414 622 202.
448 579 596 635 (Χνίἰ.)
633 580 763 632 Quod
781 579 1097 632 proles‘natae
1125 593 1153 620 a
1178 578 1344 619 duobus
1369 578 1450 631 qui
1474 577 1520 618 in
1551 591 1702 627 amore

203 659 307 686 vere
329 643 570 698 conjugy‘ali
586 650 703 692 sunt,
727 642 918 684 tralzant
940 656 968 683 a
987 641 1253 695 parentibus
1274 640 1518 695 conjugiale
1539 641 1642 682 boni
1661 648 1702 681 et

202 707 313 754 veri,
339 721 395 748 ex
423 720 506 761 quo
531 706 624 748 illis
648 712 717 747 est
735 705 961 747 inclinatio
984 711 1026 746 et
1037 704 1257 758 facultas,
1285 704 1331 745 si
1334 704 1482 759 filius,
1509 705 1574 746 ad
1592 711 1699 758 per-

202 771 448 825 cipiendum
478 770 559 811 illa
589 784 701 824 quae
729 769 978 822 sapientiae
1006 774 1123 817 sunt,
1151 767 1197 809 si
1215 768 1335 822 filia,
1369 767 1435 809 ad
1459 768 1701 809 amandum

201 836 284 878 illa
308 849 420 890 quae
443 834 667 887 sapientia
691 832 1021 886 docet—Quod
1047 832 1199 886 proles
1226 831 1416 873 trahant
1443 846 1469 873 a
1500 832 1699 886 parenti-

201 900 284 941 bus
309 899 631 940 inclinationes
657 898 716 938 ad
749 897 861 938 talia
886 910 1002 950 quae
1029 897 1196 937 amoris
1229 902 1276 936 et
1307 896 1430 936 vitae
1458 901 1700 948 parentum

201 963 394 1011 fuerant,
418 963 476 1003 ab
498 962 696 1003 historiis
718 962 763 1002 in
786 974 969 1014 genere,
994 966 1041 1002 et
1063 960 1121 1001 ab
1146 959 1443 1013 experientiis
1465 960 1509 1000 in
1531 959 1698 1013 specie,

202 1027 570 1080 cognitissimum
602 1032 700 1076 est;
738 1037 895 1065 verum
922 1024 1043 1078 quod
1075 1037 1166 1064 non
1197 1024 1256 1064 ab
1287 1023 1374 1064 illis
1406 1022 1595 1064 trahant
1621 1036 1700 1063 seu

203 1089 466 1131 hereditent
516 1089 639 1142 ipsas
691 1086 972 1138 affeetiones,
1006 1094 1052 1129 et
1094 1088 1200 1128 inde
1234 1087 1355 1128 vitas
1390 1086 1586 1135 illorum,
1619 1086 1700 1127 sed

203 1154 342 1195 modo
374 1153 697 1195 inclinationes
729 1159 775 1194 et
807 1166 986 1206 quoque
1012 1151 1258 1192 facultates
1289 1151 1348 1191 ad
1379 1150 1496 1200 illas,
1523 1164 1550 1191 a
1581 1150 1700 1204 sapi-

203 1217 387 1259 entibus
417 1217 462 1258 in
490 1217 659 1257 mundo
688 1215 922 1270 spirituali,
956 1215 1013 1256 de
1044 1215 1205 1269 quibus
1236 1215 1281 1255 in
1313 1214 1488 1255 duobus
1521 1213 1700 1255 Memo-

202 1280 419 1322 rabilibus
451 1294 586 1334 supra
617 1277 839 1328 adductis,
873 1277 1070 1320 evictum
1111 1284 1196 1319 est.
1258 1276 1394 1331 Quod
1425 1277 1597 1331 posteri
1638 1291 1699 1318 ex

202 1345 372 1385 innatis
403 1343 788 1390 inclinationibus,
816 1343 852 1383 si
885 1355 975 1383 non
1001 1341 1284 1395 franguntur,
1312 1341 1453 1382 etiam
1486 1341 1530 1382 in
1563 1340 1699 1381 affec-

202 1408 367 1456 tiones,
401 1407 727 1460 cogitationes,
761 1405 966 1459 loquelas
1008 1412 1055 1446 et
1095 1406 1213 1446 vitas
1255 1411 1498 1458 parentum
1530 1403 1700 1444 similes

201 1471 417 1520 ferantur,
445 1477 574 1524 patet
599 1470 720 1510 clare
746 1483 773 1510 a
798 1475 938 1522 gente
963 1469 1164 1522 Judaica,
1193 1468 1315 1522 quod
1340 1468 1476 1508 hodie
1502 1468 1560 1509 sit
1588 1480 1698 1508 con-

202 1534 361 1576 similis
403 1534 606 1587 patribus
647 1533 738 1574 suis
783 1533 828 1573 in
875 1531 1112 1586 Aegypto,
1155 1532 1200 1572 in
1245 1532 1445 1580 deserto,
1488 1531 1532 1571 in
1578 1537 1700 1572 terra

205 1598 433 1646 Canaane,
453 1605 500 1639 et
523 1604 732 1651 tempore
752 1596 936 1637 Domini
955 1610 963 1645 ;
997 1603 1043 1636 et
1067 1595 1187 1649 quod
1207 1609 1298 1636 non
1322 1595 1460 1635 modo
1478 1595 1565 1635 illis
1587 1608 1698 1635 con-

202 1662 374 1703 similes
397 1663 489 1703 sint
511 1662 755 1709 mentibus,
781 1661 860 1701 sed
883 1660 1024 1701 etiam
1046 1659 1271 1710 faciebus3
1299 1659 1397 1712 quis
1422 1671 1513 1699 non
1536 1672 1595 1699 ex
1625 1671 1698 1698 as-

203 1724 337 1780 pectu
380 1725 620 1779 cognoscit
663 1723 916 1777 Judaeum?
959 1722 1114 1764 Simile
1147 1729 1218 1764 est
1256 1735 1356 1763 cum
1395 1721 1699 1775 progeniebus

204 1789 304 1830 aliis
324 1803 334 1840 ;
367 1803 426 1831 ex
451 1789 609 1843 quibus
632 1801 723 1828 non
745 1787 972 1828 fallaciter
992 1785 1204 1827 concludi
1227 1791 1399 1839 potest,
1423 1785 1544 1839 quod
1568 1785 1698 1826 incli-

202 1853 414 1894 nationes
440 1853 497 1894 ad
530 1852 693 1893 similia
719 1857 960 1905 parentum
988 1863 1168 1891 suorum
1196 1856 1546 1891 connascantur.
1607 1848 1698 1891 Sed

205 1930 262 1959 ne
280 1918 377 1971 ipsa
394 1917 601 1969 cogitata
623 1923 669 1956 et
693 1914 794 1956 acta
812 1920 1073 1968 sequantur,
1095 1920 1165 1954 est
1189 1927 1249 1954 ex
1273 1913 1438 1954 Divina
1455 1912 1698 1965 providen-

205 1981 283 2030 tia,
298 1987 345 2022 ut
364 1994 529 2034 pravae
547 1979 867 2020 inclinationes
883 1979 1060 2032 possint
1074 1975 1308 2018 refflficari
1325 1990 1334 2028 ;
1359 1982 1405 2017 et
1421 1975 1540 2030 quod
1557 1975 1698 2016 facul-

205 2050 279 2085 tas
310 2044 367 2084 ad
405 2043 491 2084 hoc
525 2056 704 2096 quoque
730 2042 1007 2095 implantata
1033 2041 1107 2090 sit,
1135 2054 1194 2081 ex
1220 2053 1308 2093 qua
1334 2045 1439 2080 sunt
1465 2038 1698 2080 efficaciae

204 2107 538 2149 emendationis
561 2119 735 2147 morum
762 2119 788 2146 a
814 2105 1077 2158 parentibus
1109 2110 1156 2145 et
1183 2103 1428 2157 magistris,
1456 2108 1503 2144 et
1536 2109 1700 2157 postea

204 2185 231 2212 a
256 2171 513 2224 semetipsis
540 2182 642 2210 curn
669 2169 735 2209 sui
757 2168 911 2220 judicii
937 2167 1063 2208 fiunt.

288 2242 422 2285 203.
463 2233 640 2273 Dicitur
671 2232 793 2285 quod
826 2231 978 2284 proles
1010 2230 1199 2272 trahant
1231 2243 1256 2270 a
1288 2228 1554 2284 parentibus
1587 2241 1698 2269 con·

202 2296 372 2350 jugiale
398 2297 504 2337 boni
531 2303 578 2337 et
604 2296 711 2344 veri,
739 2295 843 2349 quia
869 2294 955 2335 hoc
988 2307 1014 2334 a
1040 2294 1274 2335 creatione
1300 2291 1494 2345 cujusvis
1520 2292 1699 2332 animae

205 2359 399 2400 inditum
432 2365 519 2407 est,
553 2365 624 2399 est
661 2359 780 2399 enim
825 2358 870 2399 id
911 2358 1032 2412 quod
1072 2371 1099 2398 a
1139 2357 1338 2397 Domino
1378 2357 1422 2396 in
1467 2355 1699 2396 hominem

205 2422 364 2471 influit,
392 2428 439 2463 et
466 2422 574 2463 facit
599 2422 741 2463 vitam
768 2421 1015 2462 humanam
1043 2420 1149 2474 ejus.
1212 2419 1302 2461 Sed
1328 2419 1415 2460 hoc
1443 2417 1700 2471 conjugiale

205 2486 373 2527 transit
405 2487 449 2526 in
481 2486 721 2539 sequentia
752 2486 810 2526 ab
841 2486 992 2526 anima
1023 2498 1163 2538 usque
1196 2484 1240 2524 in
1273 2483 1475 2536 corporis
1508 2481 1698 2530 ultima;

205 2554 277 2590 ast
309 2549 352 2590 in
385 2548 455 2590 his
487 2555 534 2590 et
566 2548 655 2589 illis
687 2549 732 2589 in
772 2549 844 2589 via
870 2554 1073 2589 mutatur
1113 2547 1171 2588 ab
1197 2547 1295 2599 ipso
1327 2546 1511 2586 homine
1544 2544 1700 2585 multis

207 2612 369 2661 modis,
397 2618 444 2653 et
470 2612 741 2665 quandoque
773 2613 817 2653 in
844 2612 1120 2665 oppositum,
1148 2610 1269 2664 quod
1295 2615 1484 2650 vocatur
1509 2606 1698 2659 ¹¹¹conju-

207 2675 312 2728 gale
339 2689 417 2716 seu
443 2675 714 2716 connubiale
741 2674 849 2715 mali
880 2682 928 2716 et
958 2674 1085 2725 falsi;
1123 2673 1306 2727 quando
1332 2672 1418 2713 hoc
1451 2671 1516 2720 fit,
1545 2670 1699 2712 occlu-

208 2739 330 2779 ditur
355 2752 483 2779 mens
514 2738 571 2779 ab
602 2738 811 2787 inferiori,
839 2744 887 2779 et
918 2738 1190 2791 quandoque
1223 2741 1552 2789 contorquetur
1583 2734 1700 2774 sicut

209 2803 328 2856 spira
353 2803 397 2842 in
424 2802 661 2843 adversum
683 2815 692 2852 ;
724 2802 843 2855 apud
871 2802 1093 2855 quosdam
1119 2806 1273 2841 autem
1299 2814 1353 2840 ea
1380 2812 1470 2839 non
1497 2797 1699 2838 occludi—

209 2871 296 2914 tur,
329 2866 409 2906 sed
451 2871 606 2906 manet
648 2862 1009 2918 ¹²¹semiapertum
1051 2877 1199 2917 supra,
1238 2869 1285 2904 et
1326 2862 1446 2916 apud
1478 2860 1699 2914 quosdam

210 2925 478 2981 ¹³¹apertum:
514 2927 600 2969 hoc
629 2934 676 2969 et
703 2928 814 2968 illud
838 2926 1096 2979 conjugiale
1120 2932 1206 2975 est,
1231 2940 1291 2966 ex
1317 2938 1406 2979 quo
1429 2922 1579 2976 proles
1606 2929 1699 2963 tra-

209 2990 324 3032 hunt
350 2991 671 3032 inclinationes
696 3004 723 3032 a
748 2991 1026 3045 parentibus,
1054 2989 1188 3030 aliter
1210 2988 1326 3029 filius
1353 2994 1400 3028 et
1425 2986 1559 3027 aliter
1582 2984 1698 3026 filia:
