2014 3386
301 349 360 395 72
768 348 1011 382 DELICIAE
1043 349 1346 383 SAPIENTIAE

372 462 418 499 In
440 461 537 500 foris
558 469 672 499 erant
693 461 786 499 fana
805 474 855 500 ex
875 462 1008 510 lapide
1029 462 1199 499 calcario
1220 473 1349 504 caeso,
1368 473 1538 510 quorum
1557 462 1802 501 substrufflo

302 525 389 555 erat
409 519 483 554 sub
503 525 619 559 terra,
638 523 679 553 et
704 517 1035 564 superinstruCtio
1055 528 1195 563 supra;
1233 517 1272 558 'm
1299 528 1422 552 unum
1448 529 1496 553 ex
1523 517 1600 553 illis
1626 529 1697 564 per
1718 524 1802 554 tres

301 572 449 619 gradus
472 571 764 611 descendimus,
785 577 827 607 et
854 571 1028 607 vidimus
1053 570 1311 606 circumcirca
1339 571 1389 606 ad
1420 571 1591 617 parietes
1621 571 1732 607 idola
1759 571 1802 606 in

300 626 420 662 variis
445 624 594 666 formis,
616 636 662 661 ac
686 625 844 660 turbam
870 635 988 671 super
1011 624 1192 671 genubus
1217 624 1452 659 adorantem
1480 624 1569 666 illa;
1599 624 1639 660 in
1666 624 1801 660 medio

300 686 386 714 erat
406 679 564 718 chorus.
586 689 608 714 e
634 689 715 724 quo
741 678 839 714 deus
860 677 1041 713 tutelaris
1064 677 1168 712 illius
1188 677 1296 712 urbis
1317 677 1450 723 quoad
1476 683 1597 723 caput
1618 677 1800 714 eminuit.

303 732 350 768 In
380 732 625 779 egrediendo
647 731 749 766 dixit
770 731 868 766 mihi
889 731 1066 777 angeluS,
1088 731 1196 776 quod
1228 730 1336 766 idola
1365 730 1432 765 illa
1460 731 1567 776 apud
1597 730 1798 776 antiquos,

300 786 369 832 qui
391 786 430 820 in
452 786 614 821 saeculo
630 791 833 831 argenteo,
852 785 902 820 de
921 784 1064 830 quibus
1082 795 1211 830 supra,
1229 783 1419 824 vixerant,
1438 783 1586 819 fuerint
1605 784 1799 830 imagines

299 838 661 885 repraesentativae
682 838 894 873 veritatum
916 837 1193 883 spiritualium,
1215 843 1256 872 et
1276 837 1469 872 virtutum
1492 837 1725 878 moralium:
1758 844 1799 873 et

299 893 408 939 quod
427 892 522 927 dum
541 891 709 927 scientia
725 891 1169 936 correspondentiarum
1187 901 1210 925 e
1229 890 1421 925 memoria
1438 890 1573 935 elapsa
1590 897 1652 925 est
1669 897 1710 926 et
1728 901 1796 926 ex-

299 944 456 986 stinCta,
480 945 674 991 imagines
697 944 787 980 illae
809 944 979 990 primum
1002 942 1131 978 fa&ae
1152 943 1233 978 sint
1254 942 1414 990 objetsta
1433 944 1576 984 cultus,
1595 950 1636 979 et
1658 950 1799 990 postea

297 999 487 1035 adoratae
505 999 609 1034 sicut
628 998 812 1038 numina;
841 997 933 1032 inde
952 996 1216 1032 idololatriae.

370 1052 471 1089 Cum
494 1058 606 1087 extra
626 1050 763 1086 sanum
785 1061 953 1091 eramus,
975 1050 1231 1085 lustravimus
1252 1048 1437 1085 homines
1457 1055 1498 1085 et
1518 1047 1689 1084 amictus
1711 1049 1797 1085 illo-

283 1118 406 1147 rum:
428 1112 542 1142 erant
562 1105 662 1141 facie
687 1105 790 1140 sicut
815 1103 1031 1150 chalybeia,
1053 1102 1198 1138 coloris
1220 1103 1358 1143 caesii:
1384 1109 1425 1138 et
1445 1101 1579 1138 amiciti
1601 1102 1705 1138 sicut
1730 1113 1799 1138 co·

297 1160 443 1200 moedi,
470 1170 561 1194 cum
592 1157 792 1193 manteliis
819 1157 967 1192 circum
998 1157 1102 1192 circa
1135 1156 1293 1191 lumbos
1326 1167 1375 1191 ex
1405 1156 1540 1191 tunica
1574 1154 1712 1191 stricta
1743 1156 1795 1190 ad

295 1214 501 1248 thoracem
528 1211 817 1259 pendentibus;
850 1217 892 1246 et
918 1221 1040 1256 super
1065 1209 1262 1256 capitibus
1289 1215 1403 1245 erant
1430 1209 1523 1255 pilei
1551 1208 1798 1244 naviculares

296 1266 470 1312 crispati.

367 1319 446 1355 Sed
468 1318 570 1354 dixit
591 1317 765 1365 angelus,
789 1322 809 1336 ‘¹
822 1316 927 1353 Satis
947 1316 1045 1358 hoc;
1080 1316 1322 1352 instruamur
1342 1315 1393 1351 de
1414 1315 1653 1362 populorum
1674 1314 1796 1361 hujus

293 1372 381 1409 aevi
399 1371 634 1418 conjugiis?

368 1426 418 1461 Et
437 1425 673 1460 intravimus
692 1424 731 1459 in
750 1424 915 1459 domum
934 1423 1053 1458 unius
1071 1421 1278 1469 magnatis,
1294 1421 1408 1467 cujus
1425 1432 1545 1467 super
1561 1420 1691 1467 capite
1709 1427 1795 1456 erat

294 1478 422 1524 pileus
440 1478 619 1514 turritus.
667 1477 746 1513 Hic
764 1488 837 1512 nos
858 1477 1030 1524 benigne
1048 1476 1215 1522 excepit,
1235 1481 1276 1511 et
1293 1475 1406 1516 dixit,
1425 1480 1444 1494 ‘⁴
1457 1474 1620 1516 Intrate,
1637 1481 1679 1510 et
1698 1485 1795 1510 con-

293 1531 552 1567 fabulemur.''

367 1583 611 1619 Intravimus
638 1583 677 1618 in
698 1582 953 1623 vestibulum,
975 1588 1016 1618 et
1042 1581 1095 1617 ibi
1116 1581 1396 1622 consedimus3
1422 1586 1463 1615 et
1483 1579 1659 1626 quaesivi
1681 1579 1793 1614 illum

293 1637 343 1673 de
369 1637 569 1683 conjugiis
589 1637 709 1683 hujus
730 1636 838 1671 urbis
863 1643 904 1671 et
930 1635 1115 1682 regionis.
1167 1635 1219 1670 Et
1244 1634 1356 1674 dixit,
1376 1639 1396 1652 ‘⁴
1411 1633 1495 1668 Nos
1515 1644 1596 1668 non
1622 1633 1794 1668 vivimus

292 1701 383 1726 cum
405 1701 486 1725 una
507 1701 641 1730 uxore,
661 1690 731 1725 sed
757 1689 918 1735 quidam
938 1699 1030 1724 cum
1050 1688 1203 1723 duabus
1228 1694 1269 1723 et
1294 1687 1432 1728 tribus,
1451 1693 1492 1722 et
1518 1686 1682 1732 quidam
1699 1696 1791 1721 cum

294 1743 472 1789 pluribus
485 1755 493 1783 ;
521 1754 570 1778 ex
587 1753 717 1783 causa,
732 1742 827 1788 quia
842 1742 1023 1782 varietas,
1038 1741 1269 1777 obedientia
1286 1747 1327 1776 et
1344 1740 1476 1775 honor
1491 1739 1594 1775 sicut
1607 1738 1792 1785 majesta-

291 1796 355 1836 tis,
377 1807 450 1831 nos
477 1794 704 1831 oblectant:
734 1795 833 1831 haec
854 1795 969 1830 nobis
991 1801 1085 1830 sunt
1109 1795 1159 1829 ab
1180 1793 1381 1833 uxoribus,
1403 1793 1500 1827 dum
1523 1792 1655 1838 plures
1676 1797 1792 1832 sunt;

291 1859 382 1884 cum
404 1861 483 1884 una
504 1861 583 1884 non
607 1849 711 1884 foret
730 1849 951 1895 jucundum
979 1859 1028 1883 ex
1051 1847 1255 1887 varietate,
1277 1847 1345 1882 sed
1368 1845 1544 1881 taedium
1572 1855 1622 1880 ex
1648 1844 1792 1880 identi-

290 1910 397 1943 tate3
432 1913 513 1937 non
535 1903 725 1937 blandum
753 1913 802 1937 ex
827 1901 1067 1941 obedientia,
1090 1901 1159 1935 sed
1183 1899 1396 1935 molestum
1423 1910 1473 1934 ex
1499 1898 1690 1944 paritate:
1716 1907 1791 1932 nec

290 1955 465 1991 faustum
484 1967 533 1990 ex
551 1955 826 1990 dominatione
844 1961 885 1990 et
904 1955 996 1989 inde
1014 1954 1178 1992 honore,
1194 1953 1264 1988 sed
1284 1952 1472 1987 infestum
1491 1962 1540 1986 ex
1557 1949 1790 1986 velitatione

290 2009 340 2043 de
359 2008 649 2054 superioritate.
697 2008 748 2043 Et
768 2008 863 2055 quid
883 2006 1060 2043 femina?
1087 2006 1313 2041 nasciturne
1332 2005 1397 2040 illa
1414 2004 1575 2040 subdita
1590 2003 1789 2039 voluntati

289 2061 375 2102 viri,
398 2072 444 2096 ac
471 2068 515 2096 ut
541 2055 697 2101 serviat,
720 2068 760 2096 et
786 2072 866 2096 non
893 2059 1152 2096 dominetur?
1194 2058 1326 2106 Quare
1348 2058 1413 2093 hic
1433 2057 1559 2093 cuivis
1582 2056 1727 2092 marito
1749 2055 1789 2091 in

290 2114 414 2150 domo
435 2125 507 2149 sua
524 2121 585 2149 est
606 2114 710 2149 sicut
727 2114 836 2160 regia
854 2114 1054 2160 majestas.
1097 2111 1188 2148 Hoc
1205 2111 1300 2158 quia
1318 2111 1466 2147 amoris
1488 2110 1614 2145 nostri
1636 2116 1708 2151 est,
1726 2116 1790 2145 est

290 2178 450 2214 quoque
469 2167 628 2202 beatum
647 2167 753 2202 vitae
771 2166 966 2202 nostrae.''

362 2219 440 2255 Sed
461 2220 650 2266 quaesivi,
669 2219 779 2256 “Ubi
801 2226 898 2255 tunc
915 2230 1028 2255 amor
1044 2217 1294 2264 conjugialis,
1312 2217 1380 2263 qui
1399 2228 1448 2252 ex
1466 2216 1619 2252 duabus
1638 2215 1789 2251 anima-

289 2274 364 2309 bus
394 2272 488 2308 facit
514 2284 644 2313 unam,
669 2284 715 2308 ac
740 2273 950 2319 conjungit
977 2279 1140 2311 mentes,
1163 2278 1205 2307 et
1230 2270 1433 2306 beatificat
1453 2268 1684 2305 hominem?
1716 2267 1789 2304 Ille

288 2337 402 2362 amor
425 2337 506 2362 non
536 2332 670 2372 potest
697 2326 844 2368 dividi;
881 2326 912 2362 si
947 2325 1150 2366 dividitur,
1172 2324 1218 2360 fit
1246 2325 1366 2359 ardor
1389 2323 1457 2370 qui
1484 2321 1721 2370 defervescit
1746 2328 1788 2358 et

287 2379 468 2415 transit.”

359 2431 424 2467 Ad
444 2431 543 2467 haec
561 2431 779 2477 respondit,
794 2436 815 2450 “
828 2431 918 2468 Non
940 2431 1119 2477 intelligo
1137 2441 1238 2476 quae
1257 2429 1367 2465 dicis.
1410 2427 1517 2475 Quid
1536 2427 1642 2462 aliud
1660 2427 1786 2462 beati-

287 2484 381 2521 ficat
395 2484 610 2526 hominem,
625 2495 743 2531 quam
758 2484 975 2520 aemulatio
989 2495 1157 2519 uxorum
1174 2494 1245 2529 pro
1259 2483 1412 2518 honore
1425 2479 1785 2527 supereminentiae

287 2538 348 2574 sui
367 2538 498 2573 mariti
512 2537 552 2572 ?''

360 2590 435 2628 His
453 2589 580 2631 dictis,
598 2589 660 2626 vir
678 2589 840 2625 intravit
867 2589 906 2626 in
925 2600 1178 2636 gynaeceum,
1197 2594 1238 2623 et
1258 2587 1412 2633 aperuit
1429 2586 1542 2621 binas
1558 2585 1718 2631 januas:
1743 2591 1786 2620 at

288 2644 381 2680 inde
414 2643 567 2680 effluxit
592 2643 862 2683 libidinosum,
890 2643 997 2688 quod
1024 2642 1125 2677 oluit
1151 2641 1255 2676 sicut
1284 2649 1471 2675 caenum:
1508 2639 1585 2673 hoc
1618 2644 1703 2673 erat
1735 2648 1785 2673 ex

286 2708 422 2733 amore
440 2696 702 2743 polygamico‚
722 2695 789 2741 qui
807 2702 869 2731 est
886 2695 1136 2731 connubialis
1157 2701 1198 2729 et
1218 2693 1335 2729 simul
1353 2691 1613 2728 scortatorius
1628 2703 1636 2733 ;
1662 2701 1784 2737 quare

287 2749 451 2791 surrexi,
469 2756 509 2785 et
527 2749 676 2785 occlusi
693 2749 846 2795 januas.

360 2803 506 2838 Postea
523 2802 616 2842 dixi,
635 2801 885 2849 “Quomodo
904 2799 1070 2847 potestis
1089 2809 1208 2844 super
1225 2799 1299 2833 hac
1319 2804 1426 2833 terra
1446 2797 1673 2837 subsistere,
1691 2807 1782 2832 cum

285 2856 400 2893 vobis
420 2867 499 2891 non
517 2855 658 2902 aliquis
672 2865 784 2890 amor
801 2865 892 2890 vere
910 2852 1147 2899 conjugialis
1168 2859 1240 2892 est,
1259 2858 1299 2887 et
1319 2861 1479 2897 quoque
1497 2861 1588 2886 cum
1607 2850 1783 2886 adoratis

289 2908 449 2944 idola?''
508 2939 510 2946 Α
913 2948 915 2950 ,

360 2961 596 3007 Respondit,
615 2966 635 2979 ‘⁴
648 2959 791 3007 Quoad
809 2969 986 2995 amorem
1005 2958 1296 2998 connubialem,
1314 2957 1488 2992 zelamus
1506 2968 1577 3003 pro
1592 2957 1782 2993 uxoribus

287 3015 434 3051 nostris
456 3021 539 3050 tam
560 3014 829 3055 vehementer,
848 3019 892 3048 ut
913 3023 994 3048 non
1015 3012 1192 3048 sinamus
1213 3010 1330 3047 alicui
1358 3010 1503 3047 intrare
1525 3011 1668 3047 domos
1689 3021 1781 3047 nos—
