2014 3386
316 352 397 395 190
775 349 1017 385 DELICIAE
1047 348 1352 384 SAPIENTIAE

990 528 1116 585 [XL]

310 650 388 692 DE
425 647 606 693 CAUS1s
644 649 936 699 FRIGORUM,
970 647 1393 699 SEPARATmNuM,
1426 657 1491 691 ET
1521 648 1805 692 DIVOR'mo·

802 722 911 754 RUM
944 721 999 753 IN
1031 711 1313 764 CONJans.

380 837 523 883 ‚2340
565 827 653 869 Hic
686 827 761 869 ubi
792 827 850 869 de
882 827 1031 869 causis
1067 826 1281 880 frigorum
1319 827 1364 868 in
1396 826 1631 881 conjugiis,
1665 827 1805 868 etiam

309 893 365 933 de
392 893 539 933 causis
567 891 920 945 separationum,
945 897 992 932 et
1014 904 1192 945 quoque
1214 891 1524 940 divortiorum,
1548 890 1680 931 simul
1706 891 1805 944 agi-

309 963 410 997 tur:
452 956 570 996 ratio
610 961 696 1004 est,
729 955 834 1009 quia
874 954 1151 996 cohaerent:
1199 955 1510 1007 separationes
1551 955 1671 995 enim
1713 967 1804 994 non

309 1020 491 1060 aliunde
510 1025 630 1068 sunt,
650 1032 785 1073 quam
808 1033 868 1060 ex
891 1018 1130 1072 frigoribus
1148 1018 1404 1059 successive
1422 1023 1527 1071 post
1545 1016 1805 1072 conjugium

308 1082 491 1131 innatis,
519 1082 593 1123 vel
625 1096 684 1123 ex
717 1082 863 1123 causis
895 1087 1001 1135 post
1033 1080 1292 1134 conjugium
1317 1079 1528 1129 detectis,
1556 1094 1616 1122 ex
1643 1081 1805 1134 quibus

308 1146 448 1186 etiam
471 1145 635 1198 frigus:
670 1145 867 1186 divortia
892 1151 1047 1186 autem
1074 1150 1180 1185 sunt
1205 1158 1266 1185 ex
1293 1143 1542 1193 adulteriis,
1561 1143 1665 1197 quia
1690 1142 1803 1186 haec

308 1216 414 1250 sunt
459 1222 641 1262 prorsus
687 1210 901 1262 opposita
946 1207 1182 1262 conjugiis,
1228 1220 1282 1248 ac
1327 1207 1539 1261 opposita
1582 1206 1804 1248 inducunt

307 1272 459 1325 frigus,
493 1272 529 1313 si
571 1285 662 1313 non
703 1273 895 1326 utrique,
930 1285 1070 1325 usque
1107 1271 1196 1311 uni.
1258 1270 1386 1311 Haec
1426 1271 1544 1311 ratio
1579 1276 1651 1311 est
1681 1269 1803 1324 quod

308 1349 472 1376 causae
514 1334 744 1389 frigorum,
779 1336 1135 1389 separationum,
1168 1340 1215 1375 et
1247 1334 1556 1382 divortiorum,
1589 1333 1634 1374 in
1666 1346 1804 1374 unum

307 1405 445 1451 caput
472 1400 835 1440 committantur.
898 1397 988 1440 Sed
1021 1398 1316 1439 cohaerentia
1346 1409 1584 1438 causarum
1610 1410 1670 1438 ex
1695 1396 1804 1438 visis

306 1461 395 1502 illis
417 1462 461 1502 in
483 1462 598 1503 serie
620 1461 784 1503 clarius
801 1462 1083 1516 perspicitur.
1144 1460 1294 1502 Series
1315 1460 1491 1502 illarum
1513 1465 1584 1501 est
1605 1459 1718 1501 haec
1734 1472 1804 1500 :—

545 1549 601 1596 (i.)
639 1550 753 1596 Quod
760 1552 813 1585 sit
825 1550 931 1585 calor
942 1549 1175 1596 spiritualis,
1190 1553 1227 1584 et
1238 1549 1343 1595 quod
1349 1549 1553 1596 sitsrtgus
1570 1547 1779 1594 spirituale
1786 1561 1804 1590 ,-

731 1602 768 1632 et
783 1599 887 1643 quod
902 1598 1010 1632 calor
1024 1597 1250 1643 spiritualis
1267 1598 1322 1631 sit
1339 1607 1460 1637 amor,
1479 1599 1515 1630 et
1519 1596 1666 1642 frigus
1682 1596 1802 1641 spiri-

732 1645 839 1680 tuale
847 1646 1030 1690 privatio
1046 1645 1140 1690 eJ'us.

528 1692 598 1737 (ii.)
637 1692 897 1739 Quod-frigus
912 1692 1120 1737 spirituale
1136 1692 1178 1726 in
1193 1692 1395 1737 conjugiis,
1408 1691 1462 1725 sit
1477 1690 1631 1725 disunio
1646 1690 1801 1724 anima—

730 1751 831 1780 rum,
861 1743 898 1774 et
929 1739 1135 1784 disjuntiio
1163 1739 1359 1777 mentium,
1390 1737 1503 1772 unde>
1519 1737 1800 1781 mdifferentm,

731 1787 937 1826 discordia,
971 1788 1215 1831 contemptus.
1230 1785 1461 1831 fastidium,
1495 1784 1690 1818 aversatio
1700 1796 1718 1824 ,·
1751 1794 1802 1819 ex

730 1835 867 1879 quibus
879 1833 1033 1868 tandem
1047 1833 1158 1878 apud
1163 1832 1300 1878 plures
1311 1832 1506 1877 separatio
1518 1830 1648 1876 quoad
1655 1834 1797 1871 torum,

731 1881 955 1920 cubiculum,
973 1884 1009 1914 et
1025 1880 1189 1915 domum.

511 1928 596 1974 (iii.)
634 1929 748 1975 Quod
756 1939 893 1962 causae
898 1928 1107 1974 frigorum
1121 1927 1163 1960 in
1175 1926 1257 1960 suis
1267 1924 1556 1960 successionibus
1566 1925 1648 1958 sint
1651 1923 1799 1969 plures.

729 1975 918 2021 quaedam
937 1976 1123 2014 t'nternae,
1140 1972 1329 2018 quaedam
1349 1975 1539 2012 externae,
1557 1974 1593 2006 et
1608 1971 1798 2016 quaedam

729 2022 990 2057 accidentales.

514 2070 597 2115 (iv.)
635 2069 749 2115 Quod
760 2080 898 2103 causae
901 2069 1111 2115 frigorum
1129 2068 1307 2101 internae
1321 2067 1402 2101 sint
1416 2076 1465 2100 ex
1480 2065 1674 2111 religione.

530 2118 599 2163 (v.)
636 2116 932 2198 Quodbillarum
957 2125 1166 2149 causarum
1184 2116 1323 2160 prima
1348 2115 1402 2148 sit
1424 2113 1575 2159 rey'ec‘lio
1594 2113 1798 2159 religionis

728 2175 752 2198 a
792 2167 880 2198 utro
907 2173 962 2198 ue.

511 2212 592 2256 (vi.)
630 2211 815 2251 Secunda,
833 2173 936 2255 qugd
950 2210 1024 2243 uni
1035 2210 1088 2243 sit
1103 2208 1252 2254 religio,
1270 2211 1307 2242 et
1323 2218 1396 2242 non
1413 2206 1540 2241 alteri.

504 2259 601 2303 (vii.)
646 2259 790 2299 Tertia,
807 2257 911 2303 quod
924 2256 1007 2291 alia
1024 2257 1077 2290 sit
1093 2255 1230 2301 religio
1249 2256 1323 2289 uni
1336 2258 1371 2288 et
1386 2254 1469 2288 alia
1486 2252 1616 2289 alteri.

483 2306 596 2350 (viii.)
635 2307 801 2351 Quarta,
809 2304 979 2351 falsitas
994 2303 1196 2349 religionis
1212 2302 1371 2336 imbuta.

514 2353 595 2399 (ix.)
635 2353 748 2398 Quod
760 2352 834 2386 ltae
849 2362 988 2386 causae
999 2351 1078 2384 sint
1083 2350 1263 2396 frigoris
1278 2349 1435 2389 interni,
1448 2358 1521 2382 non
1534 2350 1662 2381 autem
1678 2345 1798 2394 simul

727 2400 889 2439 externi,
904 2397 1015 2443 apud
1019 2397 1166 2442 plures.

528 2448 598 2493 (Χ.)
637 2447 749 2493 Quod
769 2457 907 2481 causae
922 2445 1103 2492 frigoris
1125 2446 1305 2478 externae
1327 2443 1446 2477 etiam
1465 2442 1546 2476 sint
1561 2440 1722 2486 plures:
1758 2443 1795 2474 et

727 2493 830 2539 quod
843 2493 981 2538 prima
1006 2490 1168 2526 illarum
1193 2491 1246 2524 sit
1270 2488 1547 2524 dissimilitudo
1572 2489 1792 2522 animorum

728 2544 763 2575 et
780 2550 942 2574 morum.

517 2587 601 2634 (xi.)
639 2587 824 2628 Secunda,
853 2586 957 2632 quod
978 2595 1089 2620 amor
1116 2583 1350 2630 conjugialt‘s·
1375 2583 1560 2618 credatur
1584 2591 1684 2616 unus
1707 2591 1792 2615 cum

726 2645 855 2669 amore
870 2633 1104 2672 scortatorio,
1123 2631 1229 2666 modo
1245 2630 1348 2676 quod
1362 2630 1427 2664 liic
1443 2641 1490 2665 ex
1509 2629 1588 2675 lege
1605 2630 1659 2662 sit
1674 2627 1793 2662 illt'ci—

726 2685 798 2722 tus,
814 2681 879 2715 ille
894 2684 1022 2715 autem
1039 2679 1182 2713 licitus.
1438 2713 1441 2716 ,

497 2728 595 2774 (xii.)
639 2729 783 2770 Tertia,
801 2732 854 2763 est
874 2727 1082 2762 aemulatio
1096 2725 1440 2770 supereminentiae
1455 2724 1558 2758 tuter
1573 2721 1760 2767 conjuges.

485 2776 598 2822 (xiii.)
636 2777 802 2822 Quarta,
828 2775 938 2810 nulla
965 2773 1234 2809 determinatio
1261 2771 1318 2805 ad
1341 2770 1503 2816 aliquod
1525 2769 1697 2804 studium
1721 2770 1793 2804 aut

725 2824 931 2868 negotium,
948 2832 996 2856 ex
1012 2831 1088 2866 qua
1107 2818 1301 2864 cupiditas
1315 2828 1366 2852 va
1396 2829 1432 2852 a.

494 2870 603 2916 (xiv.)
642 2869 798 2915 Quinta,
818 2868 1081 2914 inaequalitas
1095 2869 1220 2901 status
1235 2868 1271 2899 et
1286 2875 1352 2899 con
1381 2864 1514 2899 itionis
1532 2863 1575 2897 in
1591 2861 1772 2897 externis.

505 2918 599 2961 (xv.)
638 2917 750 2962 Quod
762 2927 900 2951 causae
914 2914 1172 2960 separationis
1187 2913 1266 2946 sint
1283 2913 1399 2946 etiam
1417 2911 1584 2957 aliquae.

493 2964 601 3009 (xvi.)
634 2964 776 2999 Prima
795 2963 957 2997 illarum
975 2965 1029 2996 est
1043 2961 1186 2995 vitium
1204 2960 1351 2994 mentis.

479 3012 600 3057 (xvii.)
638 3011 811 3046 Secunda
829 3014 883 3045 cst
899 3010 1042 3044 vitium
1061 3007 1242 3053 corporis.
