2014 3386
322 345 406 388 250
786 346 1030 378 DELICIAE
1062 346 1367 380 SAPIENTIAE

323 455 565 496 mirabiliter,
584 463 630 492 ut
655 457 798 493 sistant
817 469 962 500 unum;
988 469 1110 505 quare
1131 459 1212 495 duo
1232 460 1338 495 oculi
1363 459 1518 496 faciunt
1538 472 1662 497 unum
1679 462 1821 503 visum.

320 509 423 544 duae
447 520 562 545 aures
586 521 710 545 unum
736 510 928 551 auditum,
955 512 1058 547 duae
1083 522 1198 547 nares
1223 523 1347 548 unum
1377 513 1580 555 olfactum,
1607 515 1688 551 duo
1716 515 1823 552 labia

321 573 441 597 unam
460 563 671 609 loquelam,
690 564 792 599 duae
811 575 951 600 manus
970 576 1093 600 unum
1119 565 1307 606 laborem,
1326 566 1408 602 duo
1429 568 1551 612 pedes
1572 579 1695 603 unum
1714 579 1823 615 gres-

321 626 420 655 sum,
452 616 535 651 duo
563 616 857 662 hemisphaeria
886 618 1035 653 cerebri
1066 629 1189 653 unum
1220 619 1488 654 habitaculum
1521 621 1686 662 mentis;
1722 621 1825 657 duae

321 678 502 704 camerae
523 669 655 704 cordis
677 681 797 705 unam
819 670 942 706 vitam
964 671 1145 716 corporis
1170 682 1240 717 per
1256 673 1509 718 sanguinem:
1536 674 1616 709 duo
1635 674 1716 709 lobi
1737 674 1824 720 pul-

322 721 453 757 monis
474 733 594 757 unam
613 723 939 768 respirationem:
965 731 1006 759 et
1023 724 1079 759 sic
1101 735 1242 770 porro:
1267 732 1309 760 at
1327 726 1589 761 masculinum
1608 733 1650 762 et
1668 726 1824 762 femini·

324 786 417 809 num
437 775 550 810 unita
568 787 638 822 per
654 787 830 812 amorem
848 788 941 812 vere
958 777 1236 824 conjugialem,
1255 778 1406 814 faciunt
1422 790 1541 814 unam
1562 779 1686 815 vitam
1706 780 1824 826 plene

324 828 551 864 humanam.

396 880 501 915 Dum
521 881 619 916 haec
637 881 884 923 dicebantur,
903 882 1089 928 apparuit
1110 882 1261 919 fulmen
1279 895 1303 918 a
1320 884 1470 920 dextris
1487 885 1593 931 quod
1616 885 1764 926 rubuit,
1783 892 1824 921 et

323 933 472 969 fulmen
493 945 517 969 a
537 935 708 970 sinistris
725 936 834 981 quod
856 936 1040 976 canduit;
1068 943 1281 982 utrumque
1298 944 1382 972 erat
1403 938 1510 978 mite,
1529 949 1574 973 ac
1597 949 1666 984 per
1685 939 1856 974 oculos··

324 987 526 1024 intrabant
551 987 591 1023 in
614 995 780 1028 mentes,
802 995 843 1023 et
863 989 935 1024 has
956 999 1117 1035 quoque
1139 989 1412 1031 illustrabant:
1437 998 1478 1026 et
1499 998 1589 1036 post
1615 991 1682 1027 illa
1701 991 1823 1027 etiam

322 1040 584 1082 tonitruabat,
613 1042 721 1086 quod
752 1048 837 1076 erat
864 1042 953 1077 lene
981 1053 1162 1077 murmur
1187 1053 1209 1078 e
1237 1043 1348 1078 caelo
1375 1044 1554 1090 angelico
1580 1044 1758 1080 defluens
1783 1052 1824 1080 et

322 1105 561 1130 accrescenS.
613 1093 687 1129 His
701 1094 849 1130 auditis
863 1101 903 1129 et
919 1094 1015 1130 visis
1029 1095 1130 1130 dixit
1149 1095 1318 1141 sapiens,
1333 1101 1354 1114 ‘¹
1367 1096 1478 1132 Haec
1492 1096 1589 1131 mihi
1609 1097 1647 1131 in
1666 1097 1823 1144 signum

322 1153 364 1182 et
381 1146 578 1181 monitum
599 1153 704 1187 sunt,
725 1153 771 1182 ut
791 1146 965 1182 sermoni
986 1158 1076 1182 meo
1098 1148 1362 1193 superaddam
1384 1148 1493 1189 haec,
1511 1149 1619 1194 quod
1638 1149 1823 1184 dextrum

322 1210 371 1235 ex
390 1199 551 1245 paribus
570 1199 647 1235 illis
661 1199 859 1246 significet
876 1200 1027 1236 bonum
1047 1200 1216 1241 illorum,
1230 1207 1270 1236 et
1283 1201 1392 1247 quod
1407 1201 1612 1237 sinistrum
1627 1201 1825 1248 significet

322 1263 461 1288 verum
481 1252 639 1288 illorum
653 1265 660 1293 ;
682 1260 722 1288 et
737 1253 844 1299 quod
859 1253 936 1288 hoc
950 1253 1001 1288 sit
1015 1264 1063 1288 ex
1077 1254 1268 1299 conjugio
1281 1254 1375 1289 boni
1390 1260 1431 1289 et
1444 1254 1536 1295 veri,
1549 1255 1656 1300 quod
1672 1255 1824 1290 homini

325 1305 363 1340 in
385 1306 590 1342 communi
613 1313 653 1341 et
675 1306 715 1340 in
737 1306 846 1341 omni
868 1306 1056 1353 singulari
1082 1307 1168 1353 ejus
1195 1307 1428 1353 inscriptum
1449 1314 1521 1348 est,
1539 1318 1585 1342 ac
1606 1308 1756 1343 bonum
1782 1319 1825 1343 se

324 1358 444 1394 refert
464 1359 513 1394 ad
534 1359 798 1400 voluntatem,
819 1366 859 1395 et
880 1370 1017 1395 verum
1043 1360 1093 1394 ad
1122 1359 1378 1400 intellectum,
1401 1371 1447 1395 ac
1472 1367 1687 1407 utrumque
1707 1361 1824 1396 simul

323 1412 372 1447 ad
392 1423 537 1452 unum;
565 1412 658 1447 inde
676 1419 747 1452 est,
767 1413 876 1458 quod
896 1412 935 1447 in
955 1413 1066 1448 caelo
1084 1413 1225 1448 dexter
1241 1413 1380 1448 oculus
1398 1413 1451 1448 sit
1468 1414 1618 1448 bonum
1637 1413 1759 1454 visus,
1778 1424 1825 1449 ac

323 1465 484 1500 sinister
507 1476 646 1501 verum
673 1465 769 1511 ejus,
791 1472 877 1500 tum
904 1466 1013 1511 quod
1035 1466 1175 1501 dextra
1200 1466 1305 1501 auris
1331 1466 1383 1501 sit
1408 1467 1560 1501 bonum
1586 1467 1759 1508 auditus,
1777 1477 1824 1502 ac

323 1518 484 1553 sinistra
504 1529 641 1553 verum
664 1518 760 1564 ejus,
783 1525 827 1553 ut
848 1525 889 1554 et
909 1519 1018 1565 quod
1046 1519 1186 1553 dextra
1206 1529 1346 1554 manus
1366 1518 1419 1554 sit
1444 1520 1593 1554 bonurn
1621 1519 1825 1565 potentiae

325 1571 510 1611 hominis,
529 1582 576 1606 ac
593 1571 754 1606 sinistra
774 1582 913 1607 verum
932 1571 1041 1617 ejus;
1067 1578 1108 1606 et
1129 1571 1312 1607 similiter
1332 1571 1372 1606 in
1395 1572 1554 1618 paribus
1576 1572 1759 1618 reliquis:
1783 1579 1825 1608 et

323 1624 512 1670 quoniam
540 1624 725 1659 dextrum
750 1631 793 1660 et
817 1624 1022 1660 sinistrum
1048 1624 1202 1660 illarum
1230 1624 1566 1671 significationum
1593 1631 1697 1666 sunt,
1723 1625 1824 1661 dixit
1883 1646 1887 1649 -

325 1676 534 1717 Dominus,

385 1745 435 1774 'Si
450 1745 562 1773 dexter
575 1744 688 1774 oculus
702 1744 962 1773 scandalizaverit
976 1748 1016 1778 te,
1032 1753 1108 1773 erue
1122 1745 1210 1773 illum
1222 1754 1229 1779 ς
1244 1767 1251 1774 .
1265 1767 1272 1774 .
1287 1768 1294 1775 .
1309 1768 1316 1775 .
1330 1749 1362 1774 et
1375 1744 1400 1774 si
1416 1745 1528 1774 dextra
1542 1753 1656 1774 manus
1669 1743 1826 1774 scandali-

486 1785 602 1815 zaverit
617 1790 657 1819 te,
673 1790 806 1822 amputa
820 1784 925 1814 illam'
943 1782 1094 1824 [(Mattlt.
1110 1794 1140 1815 v.
1157 1795 1205 1823 29,
1221 1784 1291 1823 3o)]
1305 1795 1312 1820 ;

324 1868 394 1904 per
410 1858 518 1904 quod
537 1857 743 1898 intellexit,
762 1858 793 1893 si
815 1858 964 1893 bonurn
987 1857 1056 1893 fiat
1078 1857 1238 1898 malum,
1258 1857 1365 1904 quod
1393 1857 1470 1892 hoc
1492 1857 1731 1904 ejiciendum
1750 1857 1824 1893 sit:

325 1918 412 1946 tum

385 1979 483 2016 Quod
498 1978 612 2007 dixerit
626 1979 668 2007 ad
684 1978 866 2015 discipulos,
877 1981 912 2007 ut
927 1978 1105 2007 emitterent
1120 1982 1185 2006 rete
1199 1977 1232 2006 in
1247 1978 1391 2006 dextram
1406 1982 1528 2015 partem
1540 1977 1666 2014 navigii,
1679 1982 1710 2006 et
1724 1978 1823 2014 quod.

486 2019 563 2047 dum
585 2019 629 2048 ita
650 2019 801 2053 fecerunt,
817 2019 980 2056 ingentem
1002 2018 1239 2047 multitudinem
1260 2018 1394 2056 piscium
1417 2018 1559 2056 ceperint
1582 2017 1696 2058 [(J0lc.
1714 2018 1776 2048 xxi.
1792 2019 1821 2053 6,

485 2059 555 2097 7]);

325 2143 395 2179 per
412 2132 520 2178 quod
541 2131 748 2171 intellexit,
767 2137 812 2166 ut
829 2131 1021 2166 docerent
1042 2131 1192 2166 bonum
1211 2130 1429 2171 charitatis,
1448 2137 1489 2166 et
1506 2130 1613 2177 quod
1635 2130 1694 2166 sic
1711 2130 1822 2166 colli-

324 2191 464 2232 gerent
483 2184 702 2220 homines.’'

398 2237 496 2273 Post
522 2238 621 2272 haec
647 2236 764 2277 dicta,
786 2237 930 2272 iterum
957 2236 1201 2282 apparebant
1227 2235 1308 2271 duo
1335 2235 1401 2271 illa
1426 2235 1604 2276 fulmina,
1626 2235 1823 2282 prioribus

326 2291 506 2331 mitiora:
533 2297 574 2326 et
598 2290 808 2325 videbatur
832 2296 938 2330 tunc,
966 2289 1074 2335 quod
1101 2288 1251 2324 fulmen
1277 2289 1479 2324 sinistrum
1506 2288 1682 2324 traheret
1707 2299 1822 2324 suum

324 2344 537 2379 candorem
564 2354 614 2378 ex
639 2343 759 2378 rutilo
785 2342 875 2389 igne
901 2341 1076 2377 fulminis
1102 2341 1253 2377 dextri:
1278 2342 1421 2387 quibus
1441 2341 1545 2382 visis,
1567 2341 1678 2382 dixit,
1698 2341 1823 2377 “Hoc
1865 2378 1867 2383 χ

324 2404 384 2432 est
398 2397 555 2443 signum
570 2395 889 2432 confirmativum
905 2395 1097 2430 sermonis
1112 2393 1189 2429 mei
1203 2405 1224 2429 e
1242 2394 1361 2434 caelo,
1377 2394 1469 2440 quia
1483 2394 1642 2442 igneum
1659 2394 1698 2430 in
1712 2395 1824 2431 caelo

324 2456 386 2484 est
403 2450 565 2486 bonum,
583 2456 624 2484 et
641 2449 855 2484 candidum
878 2448 931 2483 ibi
953 2454 1013 2483 est
1029 2458 1185 2487 verum:
1212 2454 1253 2482 et
1271 2447 1378 2493 quod
1396 2447 1524 2482 visum
1543 2447 1595 2482 sit
1612 2447 1720 2493 quod
1746 2447 1823 2482 ful-

326 2513 417 2537 men
432 2501 631 2537 sinistrum
648 2502 824 2537 traheret
837 2511 951 2537 suum
966 2500 1178 2535 candorem
1193 2510 1243 2535 ex
1258 2499 1376 2535 rutilo
1391 2499 1481 2546 igne
1495 2499 1671 2535 fulminis
1682 2499 1822 2540 dextri,

325 2555 481 2601 signum
501 2554 858 2589 demonstrativum
877 2560 947 2594 est,
967 2553 1075 2600 quod
1093 2552 1242 2588 candor
1259 2552 1357 2588 lucis
1374 2563 1443 2588 seu
1462 2552 1530 2587 lux
1547 2563 1628 2588 non
1644 2552 1751 2588 aliud
1769 2552 1823 2589 sit

325 2618 444 2653 quam
463 2607 651 2653 splendor
669 2606 807 2653 ignis.'’

375 2695 379 2700 ff
400 2659 476 2695 His
488 2659 644 2700 auditis,
659 2670 798 2694 omnes
814 2670 838 2694 a
855 2658 1088 2694 fulminibus
1102 2657 1187 2698 illis,
1202 2663 1243 2693 et
1260 2668 1283 2693 a
1296 2668 1479 2694 sermone
1497 2657 1546 2694 de
1564 2657 1652 2699 illis,
1667 2657 1821 2693 accensi

327 2714 434 2749 bono
452 2719 493 2749 et
508 2723 604 2749 vero
621 2712 805 2753 laetitiae,
824 2712 987 2747 domum
1010 2710 1185 2747 abibant.

2010 669 2014 682 ι

2010 698 2014 710 ι

2008 722 2014 741 1

2008 762 2014 786 1

2009 807 2014 827 l

2004 830 2014 890 ιζ
