2014 3386
313 353 399 405 408
765 363 1093 399 voLUPTATEs
1124 366 1369 401 INSANIAE

386 475 490 516 Dixi,
517 475 626 522 quod
662 487 823 523 prorsus
849 477 971 520 nihil;
1007 484 1049 514 et
1081 479 1190 525 quod
1216 479 1406 516 latuerint
1431 491 1536 517 nunc
1562 493 1633 528 per
1656 483 1812 531 aliquot.

312 528 437 564 millia
457 539 666 571 annorum,
685 539 829 576 nempe
847 542 973 577 usque
990 542 1014 567 a
1033 531 1156 567 Hiobi
1174 538 1356 578 ternpore
1371 545 1379 575 ;
1412 541 1453 570 et
1463 528 1578 580 =quod
1596 538 1703 582 apud
1721 537 1811 575 illos

311 581 379 627 qui
401 592 450 617 eo
470 588 653 628 tempore
674 589 715 618 et
734 589 828 618 ante
850 583 947 619 illud
969 584 1165 624 vixerunt,
1183 585 1350 621 scientia
1367 589 1810 633 correspondentiamm

310 633 430 669 suerit
455 635 622 670 scientia
647 635 914 677 scientiarum,
937 647 985 672 ex
1011 648 1090 683 qua
1116 637 1193 673 illis
1213 638 1417 684 sapientia,
1438 640 1531 686 quia
1555 641 1734 688 cognitio
1759 643 1810 680 de

310 687 582 732 spiritualibus
600 699 700 734 quae
716 689 813 724 caeli
831 696 872 725 et
890 689 982 725 inde
997 690 1187 726 ecclesiae
1200 698 1314 732 sunt:
1340 692 1410 727 sed
1426 694 1533 738 quod
1547 694 1714 731 scientia
1730 695 1808 737 illa,

309 740 404 786 quia
427 751 545 776 versa
568 747 629 776 est
655 741 694 776 in
721 742 1024 783 idololatricam,
1047 753 1096 778 ex
1123 742 1269 779 Divina
1291 743 1454 780 Domini
1477 747 1730 792 providentia
1754 748 1811 785 ita

309 793 541 829 oblitterata
557 800 597 829 et
619 794 828 840 deperdita
848 795 911 836 sit,
930 802 975 830 ut
996 807 1115 831 nemo
1132 796 1278 832 viderit
1295 797 1456 843 aliquod
1475 799 1632 845 signum
1651 801 1701 836 de
1723 801 1809 837 illa:

309 846 378 882 sed
397 847 506 892 quod
524 858 650 893 usque
668 858 773 883 nunc
790 858 814 883 a
832 847 1008 884 Domino
1026 847 1185 884 detecta
1201 849 1263 890 sit,
1282 857 1327 885 ut
1345 850 1414 885 fiat
1430 852 1663 898 conjunffio
1680 853 1809 889 homi-

309 910 403 933 num
423 900 614 935 ecclesiae
632 911 723 935 cum
745 900 848 946 Ipso,
867 907 908 936 et
924 901 1172 937 consociatio
1189 913 1280 938 cum
1301 904 1473 949 angelis:
1499 911 1539 940 et
1560 905 1659 941 haec
1676 905 1722 941 fit
1739 918 1810 953 per

307 951 497 992 Verbum,
517 953 557 987 in
576 964 658 998 quo
675 954 810 989 omnia
827 960 867 989 et
884 954 1044 1000 singula
1059 956 1440 1001 correspondentiae
1457 963 1562 993 sunt.

380 1005 527 1051 Angeli
552 1006 668 1041 valde
693 1006 820 1052 gavisi
847 1013 952 1048 sunt,
974 1008 1083 1052 quod
1111 1008 1304 1053 placuerit
1331 1007 1507 1045 Domino
1528 1011 1703 1047 revelare
1729 1012 1807 1048 hoc

309 1068 497 1103 magnum
516 1069 716 1100 arcanum,
730 1071 800 1105 per
813 1060 969 1106 aliquot
988 1060 1112 1095 millia
1129 1071 1324 1096 annorum
1342 1068 1425 1096 tam
1443 1063 1523 1098 alte
1535 1065 1808 1107 reconditum;

307 1117 349 1146 et
367 1111 565 1153 dixerunt,
580 1112 687 1158 quod
707 1112 783 1148 hoc
801 1113 854 1148 sit
873 1119 1038 1159 propter
1051 1113 1183 1154 finem,
1199 1120 1243 1149 ut
1263 1114 1441 1150 Ecclesia
1455 1114 1693 1157 Christiana,
1705 1128 1808 1164 quae

307 1163 499 1199 fundatur
515 1175 636 1210 super
653 1165 800 1206 Verbo,
819 1172 860 1216 et
878 1177 983 1202 nunc
1002 1166 1041 1201 in
1060 1177 1134 1202 suo
1152 1166 1231 1202 fine
1250 1173 1322 1207 est,
1342 1167 1485 1203 iterum
1505 1169 1656 1205 revivat
1672 1177 1713 1206 et
1729 1177 1808 1206 tra-

308 1217 378 1252 hat
398 1217 582 1263 spiritum
608 1229 679 1263 per
703 1219 858 1253 caelum
884 1229 908 1254 a
935 1218 1123 1254 Domino.
1173 1218 1469 1266 Quaesiverunt
1490 1233 1584 1256 num
1608 1233 1678 1268 per
1699 1223 1807 1259 illam

306 1270 514 1305 scientiam
537 1270 658 1306 hodie
680 1270 882 1306 detectum
909 1271 973 1312 sit,
995 1271 1090 1318 quid
1115 1271 1345 1318 Baptismus
1371 1279 1412 1308 et
1437 1274 1534 1320 quid
1557 1274 1677 1311 Sacra
1697 1274 1809 1313 Cena

306 1323 543 1370 significant,
563 1324 613 1359 de
631 1324 776 1369 quibus
793 1330 878 1359 tam
895 1324 1004 1360 varia
1022 1324 1101 1360 huc
1119 1336 1246 1371 usque
1264 1325 1555 1372 cogitaverunt.

378 1376 429 1412 Et
448 1377 649 1422 respondi,
668 1378 776 1423 quod
796 1376 1001 1412 detectum
1020 1377 1085 1413 sit.

380 1429 464 1474 (iii.)
495 1429 622 1465 Porro
636 1429 729 1471 dixi,
745 1429 865 1477 Quod
880 1430 1002 1466 hodie
1019 1441 1043 1466 a
1062 1430 1239 1466 Domino
1253 1431 1472 1467 revelatum
1486 1432 1539 1468 sit
1553 1433 1603 1469 de
1616 1433 1700 1470 vita
1713 1440 1807 1481 post

306 1489 492 1518 mortem.

377 1535 576 1571 Dixerunt
596 1536 739 1583 angeli,
759 1535 899 1583 “Quid
927 1537 977 1572 de
1002 1536 1086 1573 vita
1114 1543 1207 1584 post
1234 1538 1433 1575 mortem?
1482 1537 1583 1587 Quis
1612 1550 1692 1577 non
1717 1540 1804 1585 scit,

304 1589 412 1635 quod
432 1590 556 1625 homo
573 1589 684 1625 vivat
703 1596 794 1635 post
814 1597 983 1625 mortem
998 1589 1039 1625 ?''

379 1642 596 1687 Respondi,
617 1642 791 1678 “Sciunt
808 1649 850 1678 et
867 1653 948 1678 non
968 1643 1112 1678 sciunt.
1171 1641 1332 1685 Dicunt,
1352 1645 1460 1690 quod
1480 1656 1561 1680 non
1580 1645 1714 1688 homo,
1731 1647 1803 1683 sed

302 1695 436 1730 anima
453 1696 560 1741 ejus;
587 1702 628 1731 et
645 1696 754 1742 quod
772 1695 872 1731 haec
889 1696 1001 1731 vivat
1018 1695 1201 1741 spiritus;
1227 1702 1269 1731 et
1287 1696 1336 1732 de
1355 1697 1496 1743 spiritu
1515 1697 1654 1734 fovent
1671 1699 1800 1735 ideam

302 1747 406 1783 sicut
424 1749 473 1784 de
490 1755 613 1784 vento
627 1755 696 1784 aut
709 1749 882 1789 aethere,
895 1755 938 1784 et
955 1749 1063 1795 quod
1079 1759 1159 1784 non
1173 1748 1282 1784 vivat
1300 1749 1435 1790 homo,
1450 1761 1569 1796 quam
1586 1758 1677 1797 post
1694 1753 1800 1788 diem

303 1801 433 1836 ultimi
451 1802 611 1847 judicii;
645 1809 686 1837 et
707 1803 817 1848 quod
835 1809 932 1837 tunc
949 1812 1152 1848 corporea,
1167 1812 1268 1848 quae
1287 1802 1559 1849 relinquerant
1578 1804 1618 1839 in
1637 1805 1800 1846 mundo,

301 1855 462 1890 tametsi
488 1866 512 1890 a
541 1855 753 1895 vermibus,
782 1855 961 1890 muribus
987 1861 1028 1890 et
1054 1854 1230 1900 piscibus
1256 1865 1386 1896 exesa,
1409 1856 1736 1903 recolligerentur
1759 1865 1801 1894 et

301 1921 436 1946 rursus
450 1915 733 1955 coaptarentur
746 1908 785 1943 in
801 1919 955 1953 corpus,
970 1913 1010 1943 et
1021 1907 1128 1953 quod
1145 1907 1328 1943 homines
1342 1908 1399 1943 sic
1411 1908 1665 1944 resurrecturi
1683 1910 1800 1947 sint.'’

373 1963 572 1999 Dixerunt
593 1961 735 2007 angeli,
758 1960 899 2008 “Quid
922 1959 1027 1995 hoc?
1078 1959 1177 2007 Quis
1205 1971 1285 1995 non
1311 1961 1386 1996 scit
1410 1962 1519 2007 quod
1548 1962 1670 1998 homo
1690 1962 1800 1999 vivat

300 2017 423 2052 homo
442 2022 534 2062 post
548 2021 731 2054 mortem,
747 2025 836 2048 cum
852 2013 938 2048 sola
951 2012 1176 2048 differentia
1188 2013 1295 2058 quod
1314 2020 1411 2048 tunc
1423 2014 1532 2049 vivat
1547 2014 1671 2051 homo
1685 2016 1800 2061 spiri-

299 2069 439 2110 tualis;
465 2075 506 2104 et
526 2068 635 2114 quod
658 2067 780 2102 homo
797 2065 1016 2111 spiritualis
1032 2065 1168 2100 videat
1190 2065 1395 2101 hominem
1417 2066 1676 2112 spiritualem,
1694 2069 1799 2105 sicut

298 2123 422 2158 homo
444 2120 659 2156 materialis
682 2119 947 2158 materialem:
980 2125 1021 2153 et
1045 2118 1153 2163 quod
1177 2129 1257 2154 non
1278 2118 1406 2154 sciant
1427 2130 1550 2155 unum
1572 2120 1797 2164 discrimen,

299 2182 458 2223 praeter
475 2174 583 2220 quod
604 2173 643 2208 in
662 2179 770 2208 statu
790 2170 1017 2218 perfeetiori
1037 2171 1117 2206 sint
1127 2170 1167 2206 ?''
1201 2213 1204 2218 Ι

372 2228 453 2273 (iv.)
483 2226 778 2274 Quaesiverunt
795 2224 937 2274 angeli,
957 2229 977 2242 ‘⁴
990 2223 1097 2271 Quid
1116 2223 1250 2259 sciunt
1269 2224 1319 2260 de
1338 2231 1478 2260 nostro
1496 2225 1660 2268 mundo,
1677 2237 1724 2263 ac
1745 2227 1796 2264 de

299 2282 412 2318 caelo
431 2287 472 2316 et
490 2280 646 2315 inferno
659 2278 698 2314 ?''

370 2333 475 2374 Dixi,
490 2333 598 2379 quod
618 2331 715 2367 nihil
730 2330 931 2371 sciverint,
943 2336 985 2365 at
1002 2329 1110 2376 quod
1130 2329 1251 2365 hodie
1272 2340 1296 2365 a
1320 2329 1496 2366 Domino
1510 2329 1712 2367 detectum
1731 2332 1795 2374 sit,

295 2387 423 2434 qualis
441 2393 502 2422 est
519 2385 692 2420 mundus
711 2384 749 2420 in
768 2394 851 2430 quo
868 2383 1000 2429 angeli
1018 2389 1058 2417 et
1075 2382 1240 2428 spiritus
1258 2383 1409 2424 vivunt,
1425 2383 1481 2418 ita
1497 2383 1613 2429 quale
1631 2391 1691 2420 est
1707 2395 1796 2421 cae-

295 2442 377 2476 lum
399 2446 439 2476 et
465 2439 581 2485 quale
603 2445 664 2474 est
686 2437 906 2477 infernum;
931 2442 1018 2470 tum
1036 2435 1157 2470 etiam
1179 2436 1287 2481 quod
1310 2436 1440 2482 angeli
1467 2442 1508 2472 et
1534 2437 1694 2482 spiritus
1715 2437 1797 2474 sint

295 2494 335 2529 in
353 2491 640 2539 conjunctione
657 2501 748 2526 cum
767 2488 1019 2529 hominibus:
1047 2495 1203 2534 praeter
1220 2489 1345 2524 multa
1364 2489 1558 2525 mirabilia
1575 2490 1624 2525 de
1643 2490 1732 2526 illis.

366 2545 512 2592 Angeli
543 2544 679 2579 laetati
706 2549 810 2583 sunt,
837 2542 945 2588 quod
974 2541 1151 2576 Domino
1177 2541 1371 2586 placuerit
1396 2542 1492 2577 talia
1517 2543 1718 2588 detegere,
1745 2553 1795 2580 ne

293 2597 600 2643 homovamplius
617 2608 666 2632 ex
684 2595 909 2642 ignorantia
926 2594 964 2629 in
983 2594 1244 2639 ambiguitate
1259 2595 1310 2629 sit
1328 2595 1378 2630 de
1396 2605 1468 2630 sua
1482 2595 1794 2636 immortalitate,

365 2652 433 2697 (v.)
461 2650 647 2695 Amplius
668 2649 762 2689 dixi,
778 2648 884 2694 quod
908 2647 1028 2682 hodie
1045 2658 1069 2682 a
1091 2646 1266 2682 Domino
1285 2648 1504 2683 revelatum
1524 2647 1576 2683 sit
1590 2653 1611 2666 ‘⁴
1624 2649 1732 2694 quod
1752 2648 1792 2683 in

291 2711 427 2740 vestro
441 2703 592 2738 mundo
610 2703 662 2738 sit
675 2702 776 2737 alius
795 2702 863 2738 Sol
877 2713 997 2748 quarn
1017 2701 1055 2736 in
1075 2707 1224 2741 nostro,
1241 2707 1282 2736 et
1300 2701 1407 2746 quod
1428 2700 1495 2736 Sol
1515 2700 1637 2736 vestri
1652 2701 1792 2736 mundi

292 2757 344 2793 sit
366 2767 486 2803 purus
507 2767 628 2795 amor,
648 2762 688 2790 et
714 2755 821 2801 quod
843 2755 903 2790 sol
926 2754 1051 2790 nostri
1074 2754 1212 2788 mundi
1233 2754 1285 2789 sit
1311 2765 1431 2799 purus
1454 2753 1574 2799 ignis;
1612 2760 1654 2789 et
1682 2754 1791 2800 quod

293 2810 383 2845 ideo
398 2820 517 2845 omne
530 2809 638 2855 quod
658 2808 840 2853 procedit
858 2819 909 2843 ex
926 2814 1060 2843 vestro
1075 2806 1179 2847 Sole,
1194 2807 1286 2852 quia
1304 2813 1365 2842 est
1384 2817 1504 2852 purus
1522 2816 1645 2847 amor,
1659 2806 1792 2842 trahat

290 2873 341 2898 ex
360 2862 454 2902 vita,
476 2868 517 2897 et
537 2861 646 2907 quod
664 2871 783 2896 omne
804 2861 915 2906 quod
937 2871 961 2895 a
982 2866 1132 2899 nostro,
1150 2859 1244 2905 quia
1264 2866 1324 2894 est
1346 2870 1466 2904 purus
1489 2858 1600 2904 ignis,
1621 2858 1720 2893 nihil
1741 2869 1791 2895 ex

292 2918 376 2953 vita
390 2918 545 2957 trahat:
573 2923 613 2951 et
640 2915 746 2961 quod
767 2915 859 2950 inde
877 2915 928 2949 sit
946 2912 1173 2948 differentia
1192 2912 1296 2948 inter
1312 2911 1517 2958 spirituale
1535 2918 1576 2947 et
1594 2911 1785 2952 naturale,

291 2982 396 3017 quae
415 2970 642 3006 differentia
660 2968 852 3004 hafienus
872 2962 1009 3014 ignota
1027 2966 1148 3002 etiarn
1168 2965 1326 3001 detefia
1347 2972 1419 3000 est.
1472 2965 1529 3000 Ex
1546 2975 1626 3010 quo
1644 2971 1783 2999 notum

291 3024 441 3061 faCtum
460 3024 648 3065 est,unde
662 3030 723 3058 est
741 3023 808 3057 lux
827 3032 928 3068 quae
948 3019 1146 3055 illuminat
1164 3018 1360 3063 sapientia
1379 3016 1625 3054 intellectum
1645 3017 1783 3071 huma-
