2014 3386
546 343 612 375 DE
645 341 824 375 AMORE
855 341 1280 384 CONJUGIAL1.-N.
1310 313 1374 385 34.
1650 344 1708 386 49

213 458 431 514 angelusg
481 471 619 512 quare
658 471 740 511 per
779 456 1085 511 conjugialem
1127 456 1398 497 unitionem·
1421 469 1469 496 se
1511 455 1705 509 implent

210 523 424 572 humano,
452 521 573 576 quod
599 527 671 563 est
696 520 817 562 velle
843 534 1018 574 sapere,
1046 533 1098 561 ac
1125 533 1278 561 amare
1304 520 1349 560 id
1375 519 1497 573 quod
1524 520 1705 573 sapien-

210 587 303 629 tiae
328 591 414 628 est.
784 609 785 612 ,

293 659 387 703 53.
425 646 556 702 (viii.)
592 647 722 699 Quod
732 646 799 688 ita
802 647 898 701 fiat
911 646 1005 688 illis
1022 646 1102 700 qui
1113 646 1294 687 veniunt
1308 646 1354 687 in
1370 645 1549 695 caelum,
1570 645 1706 687 aliter

208 726 311 755 vero
334 711 427 753 illis
452 711 532 765 qui
557 711 603 752 in
628 711 674 752 in
698 709 1060 764 ernam—Quod
1093 716 1202 764 post·
1225 717 1422 751 mortem
1450 710 1584 750 detur
1608 710 1706 750 viro

208 789 326 818 uxor
361 775 652 823 conveniens,
685 780 732 816 et
770 775 900 815 uxori
938 774 1126 815 maritus
1162 774 1384 823 similiter,
1419 779 1466 814 et
1502 773 1622 827 quod
1659 772 1706 814 hi

207 839 410 880 fruantur
436 838 678 879 consortiis
704 837 914 891 jucundis
945 843 992 879 et
1023 837 1185 886 beatis,
1213 850 1369 878 verum
1394 837 1567 890 ,absque
1599 849 1705 889 pro-

208 901 459 943 lificatione
489 901 578 942 alia
609 914 744 955 quam
777 900 1012 954 spirituali,
1040 900 1392 954 intelligendum
1424 906 1495 941 est
1529 900 1584 940 de
1616 899 1704 940 illis

207 965 281 1019 qui
307 965 582 1018 recipiuntur
607 965 652 1005 in
683 964 859 1006 caelum
886 970 934 1005 et
966 963 1079 1005 fiunt
1111 964 1290 1017 angeli;
1324 977 1461 1004 causa
1487 969 1572 1012 est,
1601 963 1705 1017 quia

207 1028 252 1069 hi
284 1027 541 1082 spirituales
572 1034 694 1076 sunt,
723 1033 791 1086 et!
812 1027 1024 1081 conjugia
1063 1028 1108 1068 in
1140 1041 1188 1068 se
1220 1033 1326 1068 sunt
1363 1027 1627 1080 spiritualia,
1656 1032 1704 1067 et

206 1091 312 1133 inde
352 1090 536 1132 sancta:
579 1097 627 1132 at
658 1105 766 1132 vero
806 1091 871 1132 illi
908 1091 982 1145 qui
1021 1091 1066 1131 in
1107 1090 1329 1132 infernum
1361 1091 1562 1139 veniunt,
1596 1096 1702 1131 sunt

206 1167 366 1195 omnes
388 1154 632 1203 naturales,
657 1159 703 1195 et
724 1153 934 1207 conjugia
956 1166 1078 1195 mere
1101 1152 1326 1194 naturalia
1347 1166 1438 1194 non
1462 1159 1567 1194 sunt
1591 1166 1702 1194 con-

199 1217 338 1271 jugia,
362 1218 442 1258 sed
469 1215 812 1270 conjunctiones
838 1231 953 1272 quae
980 1217 1170 1259 trahunt
1196 1231 1255 1257 ex
1282 1217 1468 1257 libidine
1493 1217 1699 1257 incasta:

205 1280 364 1334 quales
395 1280 483 1321 hae
514 1279 856 1333 conjunctiones
883 1287 1004 1331 sunt,
1032 1281 1077 1322 in
1109 1280 1416 1334 sequentibus,
1445 1280 1519 1320 ubi
1551 1281 1703 1333 agitur

205 1344 262 1385 de
295 1349 427 1385 casto
458 1349 504 1386 et
536 1344 728 1394 incasto,
756 1350 804 1386 et
836 1358 971 1398 porro
1011 1344 1085 1385 ubi
1125 1344 1182 1385 de
1223 1357 1377 1385 amore
1409 1344 1699 1394 scortatorio,

205 1407 399 1449 dicetur.

289 1480 385 1525 54.
427 1470 527 1521 His,
554 1485 670 1525 quae
695 1469 917 1512 hactenus
944 1471 1000 1512 de
1026 1477 1152 1512 statu
1177 1470 1420 1524 conjugum
1446 1476 1552 1524 post
1579 1483 1700 1511 mor·

203 1539 299 1575 tem
322 1540 576 1575 memorata
598 1540 718 1584 sunt,
739 1535 953 1575 addenda
975 1540 1080 1576 sunt
1102 1534 1215 1575 haec
1235 1545 1345 1574 2—1.
1380 1533 1515 1586 Quod
1540 1547 1699 1575 omnes

202 1596 268 1638 illi
307 1596 539 1651 conjuges,
578 1598 652 1651 qui
692 1611 815 1639 mere
856 1597 1088 1639 naturales
1128 1603 1246 1646 sunt,
1286 1603 1555 1651 separentur
1594 1603 1699 1650 post

202 1666 426 1712 mortem;
459 1668 596 1702 causa
621 1667 706 1710 est,
740 1662 844 1715 quia
874 1674 1002 1703 amor
1032 1660 1230 1714 conjugii
1261 1661 1380 1714 apud
1413 1660 1515 1701 illos
1547 1660 1697 1713 friget,

201 1730 250 1765 et
273 1737 401 1765 amor
421 1724 631 1766 adulterii
653 1724 800 1766 calet:
834 1731 882 1766 at
906 1739 1045 1778 usque
1067 1731 1172 1779 post
1195 1725 1532 1778 separationem
1555 1737 1698 1778 quan-

202 1787 351 1842 doque
388 1801 436 1828 se
474 1801 576 1830 cum
612 1787 711 1832 aliis
747 1788 864 1829 sicut
902 1788 1120 1842 conjuges
1152 1788 1436 1837 consociant,
1470 1788 1551 1828 sed
1592 1792 1698 1841 post

201 1850 339 1892 breve
379 1857 559 1904 tempus
599 1865 626 1892 a
665 1865 714 1893 se
749 1852 944 1892 invicem
984 1851 1232 1902 recedunt;
1275 1851 1396 1905 quod
1438 1851 1618 1904 saepius
1649 1849 1699 1891 fit

199 1914 375 1955 vicibus
400 1915 606 1966 iteratis;
639 1921 686 1956 et
713 1915 902 1956 tandem
930 1915 1245 1969 emancipatur
1269 1916 1337 1955 vir
1361 1914 1493 1955 alicui
1525 1920 1694 1962 scorto,

200 1983 248 2019 et
273 1977 439 2019 femina
467 1977 600 2019 alicui
622 1977 842 2027 adultero,
868 1978 989 2032 quod
1014 1977 1064 2020 fit
1089 1978 1135 2019 in
1161 1991 1343 2019 carcere
1365 1977 1587 2026 infernali,
1619 1975 1696 2031 (de

199 2054 291 2095 quo
331 2041 376 2082 in
408 2040 687 2094 Apocalypsi
721 2041 951 2091 Revelata,
985 2055 1027 2083 n.
1066 2041 1254 2096 153(10),)
1288 2042 1362 2082 ubi
1404 2042 1581 2095 utrique
1614 2041 1698 2081 sub

199 2117 348 2157 poena
369 2105 653 2145 interdicitur
675 2106 896 2146 scortatio
918 2106 1187 2159 promiscua.
1249 2116 1286 2146 2.
1321 2105 1563 2158 Conjuges,
1584 2117 1696 2157 quo-

199 2179 297 2208 rum
327 2180 440 2207 unus
472 2173 542 2208 est
576 2168 820 2221 spiritualis
852 2175 898 2209 et
939 2168 1058 2210 alter
1088 2168 1322 2217 naturalis,
1356 2174 1461 2222 post
1499 2174 1695 2208 mortem

199 2230 339 2270 etiam
373 2237 656 2284 separantur,
691 2238 737 2272 et
775 2231 908 2272 datur
939 2231 1162 2285 spirituali
1195 2230 1367 2285 conjux
1400 2232 1693 2278 conveniens,

199 2298 248 2334 at
274 2293 494 2335 naturalis
519 2294 751 2348 relegatur
776 2295 820 2335 in
853 2294 956 2336 loca
988 2295 1200 2336 lasciviae
1226 2295 1283 2336 ad
1307 2294 1489 2336 similes.
1551 2306 1588 2347 3.
1623 2294 1696 2336 Illi

199 2361 366 2405 autem,
394 2357 468 2410 qui
499 2357 542 2398 in
575 2358 746 2399 mundo
778 2358 986 2399 caelibes.
1002 2359 1231 2408 vixerunt,
1256 2372 1308 2399 ac
1341 2372 1525 2412 prorsus
1552 2358 1695 2399 abali-

199 2426 450 2461 enaverunt
477 2426 679 2462 mentem
706 2435 732 2462 a
757 2421 983 2474 conjugio,
1011 2422 1047 2462 si
1072 2422 1330 2475 spirituales
1357 2428 1477 2471 sunt,
1507 2428 1695 2464 manent

200 2482 424 2533 caelibes;
466 2484 501 2524 si
537 2491 691 2525 autem
733 2485 980 2534 naturales,
1022 2484 1135 2526 fiunt
1176 2492 1471 2526 scortatores.
1540 2485 1694 2527 Aliter

198 2558 306 2586 vero
332 2545 396 2586 illi
422 2547 496 2600 qui
518 2547 562 2587 in
589 2561 669 2588 suo
692 2548 918 2589 caelibatu
944 2549 1317 2590 desideraverunt
1344 2549 1618 2603 conjugium,
1646 2555 1694 2591 et

199 2607 299 2662 plus
326 2610 399 2663 qui
425 2610 596 2664 absque
623 2624 836 2652 successu
863 2612 1225 2654 sollicitaverunt
1252 2612 1389 2653 illud:
1423 2613 1507 2662 his,
1538 2614 1574 2654 si
1601 2615 1692 2667 spi-

200 2671 386 2712 rituales
413 2679 533 2722 sunt,
562 2673 773 2727 conjugia
797 2674 936 2716 beata
967 2675 1290 2728 providentur;
1324 2676 1405 2717 sed
1433 2690 1523 2717 non
1556 2677 1692 2730 prius,

200 2746 335 2786 quam
357 2735 464 2776 dum
487 2736 531 2776 in
554 2737 683 2778 caelo
705 2744 825 2779 sunt.
884 2749 925 2790 4.
959 2738 1031 2779 Illi
1049 2740 1124 2792 qui
1148 2740 1192 2780 in
1216 2740 1386 2781 mundo
1405 2740 1693 2781 monasteriis

200 2795 362 2837 inclusi
393 2805 513 2848 sunt,
542 2805 637 2840 tam
664 2801 863 2854 virgines
887 2815 1022 2855 quam
1049 2803 1145 2852 viri,
1173 2809 1278 2856 post
1311 2802 1523 2844 exactam
1550 2804 1691 2843 vitam

202 2861 586 2911 monasterialem,
615 2877 730 2917 quae
762 2871 939 2917 perstat
972 2865 1122 2919 aliquo
1154 2867 1305 2919 spatio
1336 2867 1554 2920 temporis
1587 2872 1693 2919 post

201 2926 411 2971 mortem,
436 2924 736 2967 exsolvuntur
757 2933 804 2968 et
830 2928 1116 2978 emittuntur,
1140 2942 1192 2970 ac
1220 2930 1454 2982 potiuntur
1479 2929 1694 2972 libertate

201 2984 357 3027 votiva
378 2984 700 3030 desideriorum
722 3003 919 3042 suorum,
939 2991 1034 3033 sive
1057 2991 1200 3034 velint
1224 2992 1503 3046 conjugiales
1525 2992 1691 3045 vivere,
