2014 3386
0 1200 10 1249 ἱ

0 1256 3 1272 Ι

0 1284 5 1338 ἰ

0 1339 8 1381 ,ε

0 1388 7 1401 Ε

386 363 393 367 ’
423 362 490 395 DE
522 362 703 394 AMORE
738 361 1218 394 scoRTAT0R10.—N.
1244 332 1488 406 444[jr2·m0],
1607 366 1688 409 337

191 477 355 527 suales‚
390 477 520 531 primi
556 483 711 518 autem
749 476 996 518 naturales.
1055 477 1204 519 Amor
1239 480 1554 529 scortatorius,
1588 480 1688 534 >ejus

189 543 396 584 insaniae
422 548 469 583 et
495 540 776 595 voluptates,
805 541 924 595 apud
949 540 1053 582 illos
1079 548 1185 583 sunt
1213 543 1423 584 similium
1451 544 1687 597 graduum.

273 613 408 658 443.
440 603 575 658 Quod
602 603 916 657 jucunditates
947 605 1114 646 amoris
1145 605 1413 659 conjugialis
1446 607 1537 648 sint
1574 607 1688 648 deli-

188 669 285 711 ciae
307 668 575 722 sapientiae,
601 674 672 709 est
698 668 801 721 quia
825 681 916 709 non
942 667 1018 709 alii
1041 681 1175 722 quam
1199 669 1457 722 spirituales
1479 670 1688 712 homines

188 733 232 775 in
258 731 338 773 illo
360 744 515 772 amore
537 737 658 780 sunt,
682 738 729 772 et
757 730 1003 784 spiritualis
1025 731 1164 772 homo
1190 732 1234 772 in
1257 733 1484 785 sapientia
1506 740 1578 775 est
1599 748 1608 785 ;
1641 740 1688 775 et

189 795 296 837 inde
331 807 424 836 non
455 794 568 835 alias
590 793 904 847 jucunditates
937 793 1241 848 amplectitur,
1270 808 1405 849 quam
1437 810 1553 849 quae
1585 809 1687 837 cum

187 857 411 912 spirituali
437 858 664 911 sapientia
689 858 988 899 concordant.
1051 856 1222 911 Quales
1248 865 1353 900 sunt
1375 858 1689 912 jucunditates

187 922 354 964 amoris
386 921 664 970 scortatorii‚
692 927 739 962 et
771 921 928 975 quales
959 922 1125 962 amoris
1157 921 1439 975 conjugialis,
1473 922 1688 964 elucidari

188 991 347 1040 potest
389 999 470 1039 per
509 985 905 1038 comparationem
947 997 1050 1026 cum
1091 985 1331 1037 domibus;
1373 985 1687 1039 jucunditates

187 1050 355 1092 amoris
387 1048 650 1090 scortatorii
688 1061 790 1088 cum
823 1048 961 1089 domo
993 1047 1116 1101 cujus
1147 1049 1346 1102 parietes
1378 1049 1570 1091 rutilant
1602 1064 1685 1091 ex-

186 1114 412 1156 trinsecus
444 1112 561 1152 sicut
594 1110 835 1160 conchilia,
869 1117 948 1152 aut
981 1112 1098 1152 sicut
1130 1125 1190 1153 ex
1222 1113 1374 1165 spurio
1407 1112 1561 1154 colore
1592 1113 1686 1154 auri

187 1177 362 1232 lapides
388 1175 663 1230 speculares,
691 1174 911 1216 selenites
937 1176 1119 1226 vocati;
1161 1181 1209 1216 at
1235 1189 1345 1217 vero
1375 1176 1420 1216 in
1453 1175 1684 1218 conclavi-

185 1241 270 1283 bus
292 1241 411 1281 intra
429 1239 629 1293 parietes
652 1245 758 1279 sunt
781 1239 939 1280 sordes
961 1245 1007 1280 et
1030 1238 1295 1293 quisquiliae
1313 1240 1461 1280 omnis
1479 1240 1684 1293 generis:

187 1304 269 1346 sed
316 1303 629 1357 jucunditates
681 1303 847 1344 amoris
892 1302 1159 1356 conjugialis
1209 1303 1448 1344 assimilari
1494 1311 1686 1358 possunt

186 1368 342 1410 domui
380 1366 502 1420 cujus
544 1367 744 1420 parietes
774 1366 953 1423 fulgent
994 1367 1112 1408 sicut
1158 1380 1217 1407 ex
1264 1367 1435 1420 obryzo
1476 1381 1598 1416 auro,
1631 1381 1685 1408 ac

186 1431 426 1473 conclavia
447 1431 569 1472 intus
593 1431 710 1471 sicut
733 1430 922 1471 cimeliis
944 1429 1137 1484 plurium
1160 1430 1500 1484 pretiositatum
1519 1430 1687 1472 referta

187 1495 450 1550 splendent.

185 1630 466 1676 444[prtm0].
500 1620 586 1661 His
612 1619 850 1674 adjicietur
875 1620 962 1662 hoc
991 1620 1293 1662 Memorabile
1311 1634 1382 1662 1——

261 1695 480 1742 Postquam
504 1696 787 1732 meditationes
809 1696 858 1731 de
880 1707 1015 1732 amore
1037 1697 1254 1743 conjugiali
1272 1698 1437 1738 absolvi,
1455 1704 1496 1734 et
1522 1709 1687 1735 exorsus

187 1759 276 1784 sum
299 1749 583 1785 meditationes
605 1750 655 1784 de
677 1760 812 1785 amore
834 1750 1084 1790 scortatorio,
1099 1750 1233 1786 subito
1251 1751 1494 1786 adstiterunt
1515 1752 1597 1787 duo
1618 1763 1688 1787 an-

186 1802 275 1848 geli,
293 1809 334 1838 et
351 1803 550 1843 dixerunt,
567 1808 586 1821 ‘⁴
600 1802 857 1848 Percepimus
875 1814 920 1838 ac
940 1803 1207 1839 intelleximus
1225 1815 1326 1849 quae
1345 1804 1453 1849 prius
1472 1805 1687 1840 meditatus

187 1866 241 1896 es,
254 1862 297 1891 at
315 1855 382 1891 illa
399 1867 501 1902 quae
520 1867 626 1891 nunc
642 1856 858 1896 meditaris,
873 1863 1093 1897 transeunt,
1106 1863 1147 1892 et
1162 1867 1242 1892 non
1259 1857 1519 1903 percipimus;
1545 1851 1688 1894 omitte

188 1908 288 1944 haec
305 1909 399 1954 quia
415 1915 508 1944 sunt
526 1909 677 1944 nihili.''

260 1961 338 1997 Sed
365 1962 566 2008 respondi,
586 1961 698 1998 “Hic
723 1973 836 1997 amor
861 1962 910 1998 de
936 1973 1017 2008 quo
1043 1973 1149 1998 nunc
1175 1963 1358 2004 meditor,
1381 1974 1461 1999 non
1488 1970 1550 1999 est
1575 1964 1687 2004 nihil,

187 2014 282 2062 quia
299 2015 452 2050 datur.''

260 2067 318 2103 At
335 2067 531 2108 dixerunt,
551 2072 572 2086 ‘¹
585 2067 801 2115 Quomodo
819 2074 954 2114 potest
973 2068 1116 2114 aliquis
1135 2079 1247 2104 amor
1264 2069 1360 2110 dari,
1379 2069 1446 2115 qui
1462 2080 1542 2105 non
1561 2076 1622 2105 est
1639 2080 1688 2105 ex

187 2120 417 2156 creatione?
469 2120 591 2156 Estne
610 2121 702 2156 inde
713 2132 826 2156 amor
838 2121 1102 2168 conjugialis?
1129 2129 1241 2157 estne
1261 2122 1325 2157 hic
1342 2133 1454 2157 amor
1469 2123 1573 2158 inter
1587 2124 1688 2159 duos

188 2170 256 2220 qui
275 2180 443 2220 possunt
457 2173 541 2209 fieri
557 2173 708 2210 unum?
758 2173 976 2220 Quomodo
995 2182 1130 2220 potest
1148 2175 1233 2210 dari
1252 2186 1375 2215 amor,
1394 2176 1461 2221 qui
1481 2176 1625 2211 dividit
1647 2183 1688 2211 et

188 2226 373 2272 separat?
422 2225 524 2274 Quis
550 2227 709 2273 juvenis
733 2234 868 2273 potest
898 2238 1031 2263 amare
1059 2228 1254 2274 virginem
1285 2229 1402 2264 aliam
1432 2239 1552 2274 quam
1584 2240 1687 2274 quae

189 2279 396 2315 redamat?
446 2280 593 2315 Annon
617 2281 735 2315 unius
755 2291 869 2315 amor
885 2288 1103 2327 cognoscet
1125 2288 1165 2316 et
1186 2288 1376 2327 agnoscet
1394 2282 1556 2316 alterius
1577 2292 1687 2316 amo-

189 2343 283 2373 rem,
298 2332 366 2378 qui
381 2333 479 2368 dum
494 2333 568 2367 sibi
583 2333 760 2373 obviant,
776 2345 818 2369 se
836 2345 885 2369 ex
903 2345 945 2369 se
963 2334 1243 2380 conjungunt?
1294 2333 1394 2381 Quis
1409 2341 1542 2380 potest
1553 2345 1686 2370 amare

189 2396 269 2421 non
289 2385 494 2421 amorem?
547 2385 669 2421 Estne
687 2387 796 2422 solus
814 2398 927 2422 amor
943 2387 1179 2433 conjugialis
1194 2394 1356 2422 mutuus
1373 2394 1414 2423 et
1432 2387 1687 2433 reciprocus?

189 2438 221 2474 si
241 2449 321 2474 non
340 2445 400 2474 est
419 2438 660 2484 reciprocus,
679 2451 828 2475 numne
847 2440 984 2480 resilit,
1003 2447 1044 2475 et
1063 2440 1107 2475 fit
1126 2440 1224 2474 nihil
1238 2440 1278 2475 ?”

263 2491 340 2528 His
364 2493 524 2534 auditis,
551 2493 732 2539 quaesivi
759 2493 876 2530 binos
903 2494 992 2530 illos
1018 2495 1193 2541 angelos,
1220 2505 1242 2529 e
1268 2504 1346 2540 qua
1370 2493 1563 2529 societate
1588 2494 1686 2529 caeli

190 2552 336 2581 essent.

265 2598 314 2634 Et
339 2598 537 2638 dixerunt,
565 2598 743 2635 “Sumus
771 2610 793 2635 e
827 2600 939 2635 caelo
965 2599 1241 2635 innocentiae:
1277 2599 1315 2634 in
1341 2600 1553 2635 caelestem
1581 2599 1688 2634 hunc

191 2651 384 2686 mundum
402 2652 585 2687 venimus
604 2651 786 2693 infantes.
801 2664 847 2688 ac
864 2653 1023 2688 educati
1042 2653 1116 2688 sub
1133 2653 1312 2698 auspicio
1332 2652 1505 2691 Domini,
1521 2659 1561 2686 et
1580 2658 1688 2697 post-

192 2713 310 2749 quam
330 2715 405 2750 ego
424 2705 658 2740 adolescens
677 2704 804 2741 factus
822 2717 921 2746 sum,
940 2713 980 2742 et
998 2717 1098 2741 uxor
1116 2716 1214 2746 mea,
1234 2716 1335 2751 quae
1354 2705 1419 2740 hic
1441 2716 1593 2740 mecum
1614 2711 1687 2743 est,

192 2757 324 2802 puella
342 2757 499 2798 nubilis,
511 2757 743 2803 desponsati
761 2766 802 2793 et
819 2757 924 2804 pac'ti
944 2770 1091 2798 sumus,
1110 2765 1151 2794 et
1167 2757 1293 2804 juncti
1314 2757 1449 2804 primis
1467 2757 1689 2797 ominibus:

192 2815 233 2844 et
251 2810 344 2855 quia
362 2821 442 2845 non
462 2810 512 2845 de
533 2810 612 2845 alio
630 2821 775 2851 amore,
794 2822 912 2857 quarn
932 2813 982 2847 de
1004 2823 1097 2847 vere
1116 2811 1283 2857 nuptiali
1305 2817 1346 2845 et
1367 2809 1592 2856 conjugiali,
1611 2809 1687 2844 sci-

191 2862 333 2903 vimus,
357 2863 447 2898 ideo
472 2874 562 2898 cum
590 2864 908 2900 communicatae
930 2872 1025 2900 sunt
1047 2864 1161 2899 nobis
1182 2863 1439 2909 cogitationis
1460 2871 1551 2897 tuae
1574 2862 1690 2898 ideae

193 2915 243 2950 de
260 2926 395 2952 amore
413 2916 555 2956 alieno,
570 2923 708 2952 nostro
722 2917 847 2952 amori
868 2918 984 2963 plane
998 2917 1197 2963 opposito,
1212 2927 1292 2951 non
1311 2915 1690 2961 comprehendimus

193 2967 426 3015 quicquam;
451 2980 573 3015 quare
592 2969 872 3006 descendimus
894 2977 934 3006 te
952 2969 1180 3006 sciscitandi
1198 2979 1330 3008 causa,
1343 2979 1413 3003 cur
1435 2967 1689 3012 impercepti-

193 3019 289 3057 bilia
306 3021 534 3064 meditaris;
559 3022 624 3058 dic
645 3033 741 3068 ergo
763 3023 889 3064 nobis,
910 3023 1114 3070 quomodo
1135 3032 1256 3062 amor,
1276 3021 1343 3068 qui
1366 3031 1445 3055 non
1466 3019 1586 3055 modo
1606 3030 1686 3055 non
