2014 3386
523 340 590 373 DE
621 338 799 372 AMORE
830 337 1251 381 coNJUGIAL1.—-N.
1283 315 1373 382 1'73.
1613 338 1692 381 143

201 449 253 498 se'
275 453 523 509 conjungat
555 466 657 496 cum
688 453 1016 507 respiratione;
1049 457 1095 494 et
1120 447 1241 506 quod
1273 446 1548 500 exindesit,
1573 450 1696 504 quod

201 519 292 560 duo
326 517 557 571 conjuges,
590 517 664 571 qui
695 517 957 570 discrepant
988 516 1149 556 animis
1181 521 1228 556 et
1264 515 1529 555 discordant
1561 514 1697 555 affec-

202 581 416 630 tionibus,
448 581 494 622 in
533 586 637 621 toro
672 579 857 633 jaceant
897 579 1092 627 obversi,
1125 585 1259 631 tergo
1300 578 1358 618 ad
1400 583 1607 630 tergum3
1649 583 1697 619 et

200 645 400 685 vicissim
432 643 506 697 qui
540 643 702 684 animis
733 649 781 684 et
813 641 1125 684 affectionibus
1157 641 1455 689 concordant,
1489 641 1698 682 conversi

201 708 259 749 ad
282 721 331 749 se
353 713 525 748 mutu0.
587 706 816 747 Dixerunt
836 707 989 754 etiam,
1009 705 1128 759 quod
1148 704 1382 758 sphaerae,
1402 705 1506 758 quia
1523 710 1699 746 exeunt

201 771 260 812 ab
299 770 422 812 omni
462 775 591 824 parte
631 769 843 818 hominis,
884 776 931 810 et
973 769 1296 810 continuantur
1335 767 1486 820 ample
1528 768 1697 808 circum

201 833 344 882 illum,
373 847 464 874 non
496 832 636 873 modo
668 832 950 886 conjungant
976 838 1023 873 et
1055 831 1316 884 disjungant
1342 832 1454 871 duos
1482 829 1699 883 conjuges

198 898 261 939 ab
291 903 441 946 extra,
469 897 549 938 sed
581 897 721 937 etiam
753 897 811 937 ab
842 897 986 946 intra;
1024 901 1071 936 et
1103 895 1223 948 quod
1264 894 1369 935 inde
1408 895 1498 934 sint
1538 906 1698 934 omnes

199 960 484 1002 differentiae
506 966 554 1001 et
571 960 819 1001 varietates
841 960 1006 1000 amoris
1025 957 1306 1011 conjugialis.
1368 957 1548 998 Ultimo
1567 957 1698 997 dixe-

199 1029 322 1072 runt,
349 1023 470 1078 quod
502 1023 696 1077 sphaera
727 1023 893 1063 amoris
924 1023 1084 1063 exiens
1115 1021 1173 1062 ab
1204 1035 1362 1070 uxore,
1397 1034 1511 1074 quae
1542 1026 1698 1061 tenere

172 1116 174 1118 -
202 1093 395 1135 amatur,
423 1087 467 1127 in
494 1086 624 1127 caelo
650 1086 924 1140 percipiatur
950 1086 1065 1126 sicut
1092 1084 1283 1125 dulciter
1308 1084 1528 1137 fragrans.
1557 1083 1699 1136 insig-

203 1151 322 1191 niter
352 1150 586 1190 amoenius
617 1162 752 1203 quam
792 1148 1037 1202 percipitur
1076 1148 1154 1189 illa
1194 1149 1238 1188 in
1271 1149 1440 1187 mundo
1473 1161 1497 1186 a
1529 1145 1700 1187 recenti

203 1213 369 1254 marito
400 1213 553 1266 primis
579 1212 736 1253 diebus
767 1218 873 1266 post
905 1212 1097 1265 nuptias.
1159 1211 1234 1251 Ex
1266 1211 1335 1251 his
1368 1216 1497 1263 patet
1528 1211 1699 1250 veritas

204 1282 396 1323 asserta,
430 1275 551 1329 quod
582 1289 700 1316 uxor
731 1275 1033 1328 conjungatur
1063 1275 1160 1316 viro
1191 1288 1271 1327 per
1302 1274 1543 1328 sphaeram
1574 1273 1699 1314 vitae

204 1353 313 1380 suae
339 1345 588 1379 exeuntem
614 1352 675 1380 ex
700 1351 854 1379 amore
877 1338 982 1391 ejus‘.

290 1410 409 1454 172·
443 1400 578 1455 (Χίν.)
615 1400 743 1452 Quod
768 1416 884 1442 uxor
913 1403 1209 1457 conjungatur
1238 1400 1401 1441 marito
1425 1406 1511 1452 per
1534 1405 1699 1452 appro-

202 1465 470 1519 priationem
491 1464 656 1505 virium
677 1464 861 1505 virtutis
882 1466 973 1519 qjus
985 1479 1004 1513 ,·
1036 1464 1118 1505 sed
1133 1464 1253 1517 quod
1268 1463 1346 1504 lzoc
1354 1463 1448 1517 fiat
1468 1463 1701 1504 secundum

205 1542 401 1570 amorem
425 1534 622 1568 mutuum
643 1527 928 1580 spiritualem
949 1526 1335 1580 illamam—Quod
1368 1528 1433 1567 ita
1459 1528 1531 1574 sit,
1560 1527 1699 1567 etiam

206 1606 267 1633 ex
304 1605 381 1633 ore
412 1591 680 1644 angelorum
712 1591 906 1644 captavi.
968 1591 1196 1631 Dixerunt
1229 1591 1349 1644 quod
1381 1589 1584 1643 prolifica
1615 1590 1699 1629 im-

206 1669 348 1710 pensa
392 1668 418 1695 a
462 1655 635 1695 maritis
675 1655 951 1708 recipiantur
994 1654 1235 1694 universim
1272 1654 1330 1694 ab
1373 1653 1604 1701 uxoribus,
1647 1664 1699 1694 ac

206 1719 379 1760 addant
407 1732 455 1759 se
481 1719 606 1759 vitae
632 1717 836 1768 illarum;
870 1723 916 1758 et
942 1717 1063 1771 quod
1089 1718 1151 1757 sic
1179 1731 1345 1758 uxores
1371 1718 1514 1758 vitam
1541 1716 1700 1757 unani-

206 1794 342 1829 mam,
370 1787 416 1822 et
443 1781 700 1822 successive
722 1780 1065 1829 unanimiorem,
1094 1793 1196 1821 cum
1222 1781 1397 1821 maritis
1423 1780 1620 1830 ducant;
1653 1785 1700 1820 et

206 1845 326 1899 quod
348 1845 454 1886 inde
480 1844 559 1886 fiat
582 1843 788 1886 effective
811 1845 916 1884 unio
942 1845 1193 1885 animarum
1221 1850 1267 1885 et
1290 1842 1547 1896 conjunctio
1573 1856 1701 1884 men·

205 1909 331 1950 tium.
392 1907 587 1950 Causam
613 1908 828 1948 dixerunt
854 1907 988 1956 hanc,
1014 1908 1117 1961 quia
1142 1908 1186 1948 in
1219 1907 1422 1960 prolifico
1449 1908 1598 1948 mariti
1629 1912 1701 1948 est

207 1972 359 2013 anima
398 1971 506 2024 ejus,
544 1978 592 2013 et
633 1985 811 2025 quoque
851 1984 979 2011 mens
1016 1971 1166 2024 quoad
1198 1971 1414 2011 interiora
1453 1970 1546 2023 ejus
1588 1985 1702 2024 quae

207 2033 450 2087 conjuncta
475 2041 582 2076 sunt
608 2035 811 2075 animae:
845 2033 1125 2087 adjecerunt,
1154 2033 1274 2088 quod
1302 2034 1389 2074 hoc
1417 2047 1443 2074 a
1470 2035 1702 2076 creatione

207 2099 437 2152 provisum
478 2099 551 2147 sit,
586 2104 636 2139 ut
678 2098 903 2151 sapientia
934 2099 1028 2146 viri,
1062 2111 1177 2151 quae
1208 2097 1316 2138 facit
1358 2098 1554 2138 animam
1593 2098 1700 2151 ejus,

208 2163 523 2216 approprietur
545 2162 690 2210 uxori,
710 2174 761 2202 ac
784 2167 834 2202 ut
853 2162 915 2202 sic
934 2160 1059 2209 fiant,
1080 2161 1328 2202 secundum
1347 2161 1531 2202 Domini
1549 2162 1701 2211 verba,

209 2235 298 2266 una
319 2239 450 2267 caro:
485 2232 582 2266 tum
605 2225 759 2274 etiam,
778 2225 900 2278 quod
922 2224 1009 2265 hoc
1032 2225 1260 2277 provisum
1284 2225 1357 2273 sit,
1382 2238 1437 2265 ne
1460 2224 1701 2275 homovir,

209 2295 314 2342 post
332 2290 698 2342 conceptionem,
712 2303 772 2329 ex
787 2288 983 2341 quadam
999 2288 1242 2341 phantasia
1256 2288 1481 2341 relinquat
1497 2300 1701 2329 uxorem.

210 2351 302 2393 Sed
346 2352 632 2399 addiderunt,
675 2351 796 2405 quod
841 2350 1172 2404 applicationes
1217 2357 1263 2392 et
1309 2351 1703 2404 appropriationes

210 2415 332 2456 vitae
373 2415 634 2455 maritorum
675 2414 794 2468 apud
835 2428 1018 2463 uxores,
1059 2413 1170 2455 fiant
1211 2415 1461 2455 secundum
1501 2426 1703 2454 amorem

210 2477 527 2531 conjugialem,
548 2478 651 2532 quia
673 2491 813 2527 amor,
833 2478 908 2531 qui
933 2484 1003 2518 est
1027 2478 1132 2518 unio
1155 2477 1414 2531 spiritualis,
1439 2477 1703 2530 conjungit3

211 2548 258 2583 et
285 2541 406 2595 quod
432 2541 519 2582 hoc
546 2542 685 2582 etiam
713 2542 941 2594 provisum
968 2542 1025 2582 sit
1053 2548 1238 2595 propter
1264 2541 1414 2595 plures
1441 2554 1614 2581 causaS.

295 2614 417 2658 173.
452 2603 570 2658 (xv.)
608 2603 736 2654 Quod
761 2604 824 2645 sic
848 2618 962 2645 uxor
982 2604 1224 2657 imaginem
1246 2604 1322 2645 sui
1342 2604 1502 2645 mariti
1519 2602 1705 2655 recipiat

212 2667 258 2708 in
283 2681 340 2716 se,
363 2674 406 2708 et
429 2667 529 2708 inde
552 2667 785 2720 percipiat,
813 2667 975 2716 videat,
999 2674 1041 2708 et
1070 2668 1235 2708 sentiat
1263 2670 1355 2723 qjus
1379 2667 1706 2721 affefft'iones.--

214 2730 289 2771 Ex
315 2731 462 2771 causis
485 2744 619 2784 supra
644 2730 798 2772 allatis
821 2732 1022 2785 sequitur
1048 2737 1096 2771 ut
1125 2737 1364 2779 testatum,
1389 2730 1508 2784 quod
1536 2741 1704 2770 uxores

215 2794 436 2847 recipiant
467 2794 512 2834 in
544 2807 592 2835 se
633 2794 725 2843 illa,
759 2808 873 2848 quae
906 2800 1011 2835 sunt
1043 2795 1295 2847 sapientiae
1327 2795 1605 2841 maritorum,
1639 2793 1706 2833 ita

215 2869 329 2910 quae
360 2863 465 2898 sunt
498 2858 677 2910 propria
708 2858 958 2898 animarum
991 2863 1038 2898 et
1070 2858 1292 2898 mentium
1335 2856 1528 2903 illorum,
1562 2861 1609 2896 et
1641 2855 1704 2896 sic

216 2918 385 2960 faciant
418 2933 465 2960 se
497 2933 557 2960 ex
588 2920 836 2972 virginibus
872 2933 1052 2960 uxores.
1114 2919 1288 2961 Causae
1326 2933 1385 2960 ex
1423 2919 1581 2972 quibus
1617 2918 1704 2959 hoc

217 2982 431 3033 sequitur,
474 2988 692 3032 sunt,--1.
741 2981 876 3033 Quod
912 2982 1078 3023 femina
1118 2988 1273 3023 creata
1312 2982 1371 3023 sit
1404 2994 1464 3023 ex
1495 2982 1604 3023 viro.
1664 2991 1703 3023 2.
