2014 3386
619 368 687 402 DE
718 367 900 401 AMORE
931 366 1359 410 CONJUGIAL1.—N.
1386 357 1455 399 26.
1731 368 1786 412 27

326 498 329 502 ’
355 485 517 527 Quatuor
532 483 702 516 animalia
718 482 811 515 circa
827 483 1012 515 Thronum
1032 480 1137 525 [(cap.
1157 482 1203 514 iv.
1220 479 1270 523 6)]
1286 491 1294 521 ς
1581 502 1584 505 -

355 528 553 561 Duodecim
570 528 681 559 millia
697 525 832 559 electos
849 537 894 559 ex
912 527 1110 568 unaquavis
1127 526 1222 558 tribu
1241 524 1345 567 [(cap.
1362 526 1422 558 vii.
1439 523 1533 567 4-8)]
1551 535 1559 564 ;
1593 535 1596 538 ’

355 572 526 604 Locustas
546 572 784 604 ascendentes
801 581 845 602 ex
860 572 994 612 abysso
1014 569 1119 612 [(cap.
1139 570 1184 602 ix,
1203 578 1232 608 3,
1251 567 1299 611 7)]
1315 579 1322 608 ;

355 615 560 648 Draconem
581 623 616 647 et
632 615 711 656 ejus
727 625 889 656 pugnam
906 625 986 647 cum
1005 614 1182 646 Michaele
1202 612 1306 656 [(cap.
1324 613 1382 646 xii.
1403 611 1450 655 7)]
1469 623 1476 650 ;

354 659 542 692 Mulierem
560 660 761 700 parientem
778 659 889 690 filium
905 657 1115 697 masculum,
1129 667 1170 689 ac
1183 657 1381 698 fugientem
1395 658 1432 689 in
1446 658 1626 689 desertum
1641 663 1788 699 propter

461 703 654 735 draconem
675 701 779 745 [(cap.
797 703 855 734 xii.
879 711 906 741 1,
925 711 954 740 2,
974 709 1002 741 5,
1019 699 1092 743 6)];
1378 716 1381 718 >
1503 712 1505 715 ·

354 746 453 779 Duas
473 747 618 786 bestias,
638 756 747 778 unam
767 747 1023 778 ascendentem
1043 755 1088 778 ex
1107 745 1207 784 mari,
1224 744 1375 777 alteram
1392 755 1412 777 e
1429 750 1524 777 terra
1543 743 1648 787 [(cap.
1665 745 1736 778 xiii.
1756 754 1785 784 1,

463 799 500 822 11
551 800 560 829 ;

353 788 542 866 Muliereizrli
560 834 746 866 sedentem
763 843 872 875 super
887 834 1004 866 bestia
1020 833 1188 865 coccinea
1205 830 1311 875 [(cap.
1329 833 1414 865 xvii.
1433 830 1481 874 3)]
1498 842 1506 870 ;

352 877 556 910 Draconem
574 876 729 918 ejectum
747 878 783 910 in
804 884 971 918 stagnum
991 877 1086 918 ignis
1103 884 1139 909 et
1155 877 1335 917 sulphuris
1356 875 1460 918 [(cap.
1477 887 1536 909 xx.
1556 885 1586 917 3,
1607 874 1700 919 10)]3

352 922 492 963 Equum
512 922 644 960 album,
661 928 696 954 et
713 932 839 953 cenam
857 931 1027 962 magnam
1049 919 1154 963 [(cap.
1172 921 1243 952 xix.
1265 929 1314 959 11,
1336 918 1404 962 17)]
1420 930 1428 959 ;

353 965 503 998 Caelum
528 975 662 997 novum
688 972 724 997 et
739 972 872 997 terram
897 975 1040 1003 novam,
1065 975 1106 997 ac
1131 962 1293 996 sanctam
1321 964 1614 1005 Hierosolymam
1639 965 1785 996 descen-

461 1010 618 1048 dentem,
639 1007 890 1050 [fldeseriptam
911 1009 1029 1050 quoad
1053 1015 1187 1049 portas,
1204 1018 1346 1040 murum
1367 1014 1403 1040 et
1422 1008 1529 1049 hujus
1549 1009 1786 1041 fundamenta

462 1051 568 1096 [(cap.
585 1053 655 1085 xxi.
675 1062 703 1092 1,
722 1062 751 1090 2,
775 1061 824 1091 12,
844 1062 894 1092 14,
914 1050 1072 1094 17-2o)];

351 1096 445 1130 Tum
475 1097 623 1129 fluvium
654 1107 768 1138 aquae
791 1097 897 1136 vitae,
918 1103 954 1129 et
984 1098 1131 1129 arbores
1155 1096 1251 1128 vitae
1286 1095 1460 1128 facientes
1484 1094 1622 1128 fructus
1652 1096 1782 1138 quovis

460 1151 585 1173 mense
604 1139 708 1183 [(cap.
721 1141 805 1173 xxii.
821 1149 849 1179 1,
862 1138 911 1182 2)]
926 1150 934 1179 ς

284 1236 466 1284 praeter
495 1229 638 1284 plura,
666 1243 780 1283 quae
806 1230 959 1270 omnia
980 1229 1078 1270 visa
1103 1235 1208 1270 sunt
1238 1228 1452 1282 Johanni,
1480 1242 1532 1270 ac
1554 1230 1650 1270 visa
1676 1229 1783 1270 dum

284 1293 434 1347 quoad
460 1293 666 1346 spiritum
687 1293 769 1334 fuit
797 1294 842 1334 in
857 1293 1028 1334 mundo
1053 1292 1276 1345 spirituali
1302 1299 1349 1334 et
1374 1293 1418 1333 in
1442 1292 1584 1334 caelo.
1646 1293 1782 1334 Prae-

283 1363 355 1398 ter
371 1370 485 1411 quae
502 1358 598 1398 visa
614 1363 718 1398 sunt
737 1356 959 1410 apostolis
978 1363 1082 1410 post
1101 1354 1476 1397 resurrectionem
1496 1356 1680 1397 Domini
1698 1370 1707 1407 ;
1734 1363 1782 1398 et

284 1434 400 1474 quae
417 1420 580 1461 deinde
599 1420 749 1469 Petro,
768 1420 870 1461 Aa.
889 1419 1049 1473 Apost.
1069 1421 1130 1461 xi.
1149 1434 1159 1471 ;
1192 1426 1290 1461 tum
1308 1434 1422 1473 quae
1441 1421 1537 1461 visa
1558 1427 1604 1461 et
1627 1420 1783 1461 audita

285 1483 439 1525 Paulo.
473 1484 714 1525 Praeterea
727 1497 841 1538 quae
860 1483 1095 1537 prophetis
1112 1497 1121 1524 :
1141 1490 1189 1525 ut
1204 1483 1448 1532 Ezechieli,
1462 1483 1582 1537 quod
1601 1484 1780 1533 viderit,

350 1574 512 1616 Quatuor
528 1574 698 1606 animalia
714 1584 805 1615 quae
822 1573 966 1605 cherubi
983 1571 1133 1616 ([Ezek]
1155 1584 1231 1614 cap.
1248 1574 1270 1606 i.
1287 1579 1323 1605 et
1339 1554 1415 1614 cap.
1432 1573 1479 1614 x.)
1493 1584 1500 1612 ;

351 1618 456 1660 Quod
480 1628 613 1649 novum
640 1618 825 1658 templum,
850 1624 886 1649 et
910 1628 1043 1650 novam
1068 1624 1211 1657 terram,
1232 1624 1267 1649 et
1290 1619 1459 1659 angelum
1484 1618 1692 1650 metientem
1718 1618 1782 1650 illa

458 1661 547 1703 (cap.
565 1662 612 1694 xl.
629 1662 674 1693 ad
691 1661 816 1702 xlviii.)
833 1671 841 1700 ;

350 1705 456 1748 Quod
472 1704 646 1737 abductus
666 1705 970 1747 Hierosolymam,
986 1712 1022 1737 et
1038 1705 1168 1737 viderit
1185 1705 1233 1737 ibi
1247 1706 1537 1738 abominationes
1553 1715 1561 1745 ;
1586 1712 1622 1738 et
1638 1716 1780 1748 quoque

459 1749 495 1801 in
516 1749 748 1788 chaldaeam,
765 1749 802 1781 in
819 1750 1065 1790 captivitatem
1082 1750 1172 1791 (cap.
1191 1750 1263 1782 viii.
1280 1756 1316 1782 et
1335 1760 1410 1791 cap.
1427 1750 1499 1790 xi).

283 1824 439 1868 Simile
467 1825 634 1867 factum
660 1832 731 1868 est
754 1839 856 1867 cum
882 1825 1111 1876 Sacharia,

349 1907 454 1948 Quod
473 1907 602 1938 viderit
622 1907 738 1939 virum
759 1907 979 1949 equitantem
998 1908 1092 1939 inter
1109 1913 1246 1949 myrtos
1265 1905 1415 1950 ([Sach.]
1434 1918 1508 1948 cap.
1526 1908 1547 1940 i.
1569 1908 1598 1947 8,
1616 1907 1705 1949 seq.)
1722 1917 1730 1946 ς

350 1951 455 1993 Quod
480 1951 610 1983 viderit
634 1957 787 1992 quatuor
806 1961 950 1989 cornua,
971 1958 1006 1983 et
1030 1951 1114 1983 dein
1135 1952 1263 1990 virum,
1281 1952 1317 1983 in
1342 1952 1445 1992 cujus
1470 1962 1579 1984 manu
1598 1952 1778 1984 funiculus

459 2005 648 2026 mensurae
665 1995 753 2035 (cap.
771 1995 817 2028 iii.
838 2003 866 2034 1,
883 1994 993 2036 seq.);

351 2038 457 2080 Quod
474 2039 601 2070 viderit
618 2039 883 2077 candelabrum,
903 2045 939 2070 et
956 2039 1045 2070 duas
1063 2039 1162 2070 oleas
1179 2038 1269 2080 (cap.
1283 2039 1330 2072 iv.
1349 2048 1378 2076 1,
1395 2038 1505 2081 seq.);

349 2082 454 2124 Quod
471 2083 599 2114 viderit
614 2082 783 2114 volumen
802 2083 940 2121 volans,
958 2089 994 2114 et
1010 2083 1138 2123 epham
1156 2082 1245 2123 (cap.
1263 2094 1296 2115 v.
1313 2092 1340 2122 1,
1358 2083 1413 2122 6);

352 2125 457 2167 Quod
475 2127 603 2158 viderit
620 2133 772 2167 quatuor
789 2136 913 2158 currus
927 2133 1101 2158 exeuntes
1121 2127 1215 2159 inter
1231 2127 1322 2159 duos
1339 2133 1493 2166 montes,
1507 2133 1543 2159 et
1559 2137 1671 2169 equos
1688 2126 1778 2169 (cap.

459 2171 506 2202 vi.
526 2178 553 2209 1,
571 2170 669 2211 seq.).

284 2245 457 2288 Pariter
481 2260 583 2288 cum
609 2246 808 2297 Daniele,

350 2326 456 2368 Quod
470 2327 598 2359 viderit
611 2334 763 2368 quatuor
774 2328 908 2360 bestias
922 2329 1160 2361 ascendentes
1173 2339 1192 2361 e
1206 2330 1295 2361 mari
1307 2327 1450 2373 ([Dan.]
1465 2340 1540 2371 cap.
1555 2330 1612 2363 vii.
1628 2339 1654 2369 1,
1669 2330 1757 2372 seq.)
1770 2340 1778 2370 ;

349 2370 441 2402 Turn
460 2381 599 2411 pugnas
616 2372 738 2403 arietis
755 2378 790 2403 et
807 2372 893 2403 hirci
910 2373 999 2413 (cap.
1018 2373 1090 2404 viii.
1111 2381 1138 2411 1,
1156 2374 1264 2414 seq.);

351 2414 798 2499 Quod(ggtgeii·}‘t)angelum
824 2415 1040 2454 Gabrielem,
1065 2423 1102 2449 et
1125 2418 1220 2459 quod
1243 2417 1357 2449 multa
1379 2417 1519 2450 locutus
1544 2418 1591 2450 sit
1614 2427 1694 2450 cum
1715 2418 1778 2450 illo

287 2532 424 2587 [Tum
451 2534 663 2589 quoque,]

352 2609 456 2651 Quod
479 2621 566 2651 puer
588 2611 719 2643 Elisaei
738 2612 866 2644 viderit
885 2623 1008 2645 currus
1029 2619 1065 2646 et
1084 2624 1196 2656 equos
1214 2615 1340 2655 igneos
1358 2616 1489 2647 circum
1513 2615 1694 2647 Elisaeum
1710 2627 1716 2647 ε
1743 2621 1779 2647 et

459 2655 553 2696 quod
572 2655 653 2687 illos
667 2656 796 2688 viderit
812 2666 891 2688 cum
909 2658 1023 2698 aperti
1040 2665 1124 2690 sunt
1140 2659 1219 2699 ejus
1236 2659 1328 2690 oculi
1346 2657 1396 2701 ([2
1410 2660 1491 2701 Reg.
1505 2660 1550 2691 vi.
1566 2657 1646 2701 15]).

286 2741 362 2783 Ex
386 2742 455 2785 his
486 2751 532 2786 et
560 2745 759 2798 pluribus
785 2747 882 2788 aliis
909 2748 952 2788 in
981 2747 1151 2798 Verbo,
1174 2756 1382 2799 -constat,
1411 2751 1530 2804 quod
1560 2750 1636 2790 illa
1663 2763 1777 2803 quae

286 2804 331 2845 in
370 2808 540 2849 mundo
570 2810 790 2863 spirituali
821 2812 1044 2861 existunt,
1079 2814 1369 2865 apparuerint
1401 2814 1555 2854 multis
1587 2820 1693 2854 ante
1731 2820 1777 2855 et

287 2873 393 2919 post
425 2869 607 2912 Domini
638 2873 913 2915 adventum:
960 2875 1066 2928 quid
1104 2877 1278 2925 mirum,
1313 2877 1432 2930 quod
1470 2877 1607 2917 etiam
1642 2890 1775 2926 nunc,

288 2931 532 3034 ilgchoante
558 2935 764 2986 ecclesia,
793 2951 871 2978 seu
902 2938 1214 2981 descendente
1240 2940 1372 2981 Nova
1398 2940 1722 2993 Hierosolyma
1751 2954 1778 2981 a

336 2995 487 3036 omino
508 3010 533 3037 e
558 2997 714 3039 caelo?
