2014 3386
529 362 596 395 DE
628 360 808 394 AMORE
839 359 1266 403 CONJUGIAL1.—N.
1300 351 1390 403 138.
1625 360 1703 404 1¹7-

203 476 322 517 mino,
341 481 382 511 et
399 474 507 522 quod
526 485 645 510 nemo
666 473 794 520 sapIat
815 485 864 509 ex
886 473 1072 514 Domino,
1091 472 1167 509 nisi
1189 483 1238 508 ex
1259 482 1394 508 amore
1412 481 1555 507 usuum
1578 470 1699 507 faciat

203 539 308 564 usus.

274 581 368 616 Vidi
385 581 506 616 etiam
525 586 623 615 tunc
641 580 826 615 utensilia
844 580 1036 615 domuum
1055 579 1225 618 illorum,
1244 588 1346 624 quae
1367 577 1504 613 omnia
1523 583 1638 613 erant
1659 577 1699 612 in

202 634 343 670 formis
360 633 608 673 caelestibus,
627 639 669 669 et
687 633 894 680 fulgebant
911 643 960 668 ex
981 642 1079 668 auro
1100 632 1204 668 sicut
1225 631 1457 667 flammante
1477 641 1527 667 ex
1547 630 1701 667 rubinis

203 687 440 724 intertextis.

867 938 1015 996 [V11.]

582 1070 659 1112 DE
691 1070 860 1114 CASTo
892 1081 956 1113 ET
988 1080 1096 1114 NON
1129 1070 1312 1114 CASTO.

284 1198 413 1253 138.
455 1198 683 1252 Quoniam
709 1199 855 1241 adhuc
881 1200 925 1241 in
958 1200 1165 1253 ingressu
1187 1201 1244 1241 ad
1268 1199 1614 1254 transigendum
1641 1199 1699 1241 de

201 1275 357 1304 amore
394 1263 638 1316 conjugiali
679 1264 723 1304 in
760 1264 910 1317 specie
948 1276 1061 1312 sum,
1095 1269 1143 1304 et
1181 1277 1310 1304 amor
1345 1263 1614 1317 conjugialis
1654 1263 1699 1304 in

199 1327 352 1380 specie
379 1340 470 1367 non
498 1333 652 1380 potest
680 1327 765 1367 nisi
796 1325 1060 1368 indistinete
1087 1332 1134 1368 et
1160 1327 1222 1368 sic
1250 1327 1441 1368 obscure
1464 1327 1698 1381 cognosci,

201 1390 286 1431 nisi
322 1390 462 1431 etiam
499 1390 838 1444 quodammodo
875 1396 1096 1444 appareat
1131 1389 1225 1444 ejus
1265 1391 1543 1444 oppositum,
1576 1392 1699 1444 quod

199 1460 273 1494 est
298 1454 539 1501 incastum,
568 1460 615 1494 et
648 1453 734 1494 hoc
762 1454 1102 1507 quodammodo
1128 1468 1207 1494 seu
1238 1454 1283 1494 in
1306 1454 1465 1495 umbra
1490 1460 1698 1508 apparet,

199 1529 302 1557 cum
325 1523 503 1557 castum
527 1516 797 1558 describitur
819 1531 908 1557 una
934 1530 1036 1557 cum
1059 1530 1150 1558 non
1174 1523 1319 1566 casto,
1338 1515 1480 1558 mnam
1503 1518 1699 1558 castitas

199 1585 271 1621 est
298 1580 436 1620 modo
459 1581 655 1620 remotio
677 1580 842 1621 incasti
867 1594 894 1621 a
916 1579 1083 1634 casto[,
1103 1581 1175 1622 hic
1202 1581 1306 1622 ideo
1331 1580 1500 1635 aliquid
1522 1581 1700 1622 dicetur

199 1643 257 1684 de
282 1649 411 1684 casto
433 1650 480 1684 et
503 1644 559 1684 de
586 1656 678 1684 non
702 1642 868 1696 casto].
930 1644 1000 1685 De
1026 1645 1207 1685 incasto
1232 1651 1401 1693 autem,
1426 1645 1546 1699 quod
1570 1659 1698 1699 pror-

199 1719 276 1747 sus
303 1712 374 1748 est
407 1707 668 1760 oppositum
702 1713 846 1755 casto,
871 1707 1021 1760 agitur
1045 1708 1090 1748 in
1122 1714 1253 1761 parte
1285 1709 1537 1761 posteriore
1569 1708 1699 1762 hujus

200 1770 365 1823 operis,
404 1770 479 1811 ubi
515 1770 603 1811 hoc
636 1770 719 1810 sub
750 1770 1076 1820 intitulatione,
1117 1771 1373 1824 Voluptates
1400 1771 1613 1813 Insanz'ae
1646 1773 1700 1813 de

199 1832 368 1874 Amore
392 1832 676 1882 Scortatorio,
705 1834 750 1874 in
781 1847 862 1874 sua
893 1834 1207 1887 amplitudine,
1235 1841 1282 1875 et
1308 1848 1411 1876 cum
1437 1835 1527 1876 suis
1552 1835 1698 1877 varie-

199 1895 387 1946 tatibus,
416 1897 710 1938 describetur.
773 1896 894 1950 Quid
920 1904 1076 1939 autem
1103 1904 1173 1939 est
1200 1904 1380 1939 castum
1406 1905 1454 1940 et
1480 1913 1572 1941 non
1598 1913 1698 1942 cas-

200 1965 312 2010 tum,
340 1966 387 2002 et
413 1960 532 2014 apud
559 1974 685 2014 quOS,
714 1959 1015 2002 illustrabitur
1038 1961 1084 2002 in
1110 1961 1197 2003 hoc
1224 1962 1412 2004 ordine:

443 2063 498 2109 (i.)
536 2065 652 2110 Quod
658 2068 806 2099 castum
820 2068 858 2099 et
873 2076 948 2099 non
964 2068 1112 2100 castum
1124 2065 1245 2100 solum
1256 2066 1541 2111 praedicentur
1552 2067 1599 2103 de
1613 2078 1700 2102 con-

614 2113 760 2157 jugiis,
778 2116 816 2146 et
831 2113 876 2147 de
895 2113 1038 2147 talibus
1057 2124 1155 2158 quae
1173 2115 1354 2160 conjugii
1365 2118 1466 2149 sunt.

428 2158 498 2203 (ii.)
535 2159 649 2204 Quod
665 2163 811 2215 castum
828 2160 947 2194 solum
965 2161 1221 2216 praedicetur
1236 2161 1282 2195 de
1305 2163 1500 2207 conjugizs
1518 2172 1700 2209 monoga-

628 2217 749 2246 mzczs,
766 2218 831 2241 seu
851 2217 969 2241 umus
984 2218 1067 2241 vm
1091 2218 1176 2242 cum
1196 2219 1274 2243 una
1292 2220 1422 2244 uxore.

409 2253 496 2297 (iii.)
534 2253 647 2298 Quod
656 2254 877 2300 conjugiale
892 2254 1160 2289 Christianum
1175 2256 1405 2291 solummodo
1415 2255 1530 2291 detur
1539 2261 1700 2293 castum.

418 2301 499 2345 (iv.)
537 2301 651 2346 Quod
663 2312 775 2335 amor
794 2312 883 2336 vere
898 2302 1134 2347 conjugialzs
1152 2304 1207 2337 sit
1222 2304 1307 2348 ipsa
1324 2306 1497 2338 castitas.

433 2349 500 2392 (v.)
538 2348 651 2393 Quod
663 2358 789 2382 omnes
805 2349 966 2383 deliciae
982 2351 1128 2384 amoris
1143 2360 1231 2384 vere
1246 2351 1491 2397 conjugialis,
1503 2352 1622 2386 ettam
1640 2351 1700 2386 ul-

628 2396 757 2435 timae,
775 2397 855 2430 sint
875 2399 1012 2431 castae.

412 2441 495 2487 (vi.)
534 2442 647 2488 Quod
660 2454 770 2476 amor
786 2443 1022 2489 conjugialis
1041 2443 1153 2489 apud
1169 2444 1263 2484 illos,
1282 2446 1356 2490 qui
1371 2456 1396 2479 a
1414 2445 1584 2480 Domino
1590 2446 1702 2490 fiunt

624 2490 861 2535 spirituales,
872 2491 965 2536 plus
980 2494 1016 2525 et
1033 2491 1123 2536 plus
1135 2493 1384 2536 purificetur,
1403 2496 1440 2526 et
1445 2493 1528 2538 fiat
1542 2497 1681 2528 castus.

403 2535 501 2581 (vii.)
538 2537 649 2582 Quod
669 2539 830 2571 castitas
853 2538 1031 2584 conjugii
1049 2541 1194 2573 existat
1215 2542 1292 2584 per
1311 2538 1466 2575 totalem
1491 2540 1700 2575 abdicatio-

626 2594 709 2618 nem
729 2586 1003 2619 scortationum
1021 2597 1070 2620 ex
1087 2586 1284 2632 religione.

387 2630 499 2675 (viii.)
538 2630 653 2676 Quod
665 2633 826 2666 castitas
842 2643 916 2666 non
930 2633 1169 2677 praedicari
1179 2635 1306 2679 possit
1321 2633 1368 2668 de
1385 2633 1615 2680 infantibus,
1635 2645 1701 2668 nec

626 2677 672 2712 de
681 2680 820 2723 pueris
837 2683 874 2713 et
882 2679 1038 2724 puellis,
1057 2691 1175 2725 neque
1193 2681 1239 2715 de
1255 2681 1548 2716 adolescentibus
1564 2685 1601 2715 et
1616 2683 1701 2715 vir-

618 2725 791 2771 ginibus,
805 2730 1012 2771 antequam
1030 2728 1141 2772 apud
1155 2739 1193 2762 se
1208 2730 1379 2763 sentiunt
1391 2740 1559 2763 amorem
1576 2739 1700 2763 sexus.

411 2770 495 2815 (ix.)
533 2771 646 2817 Quod
660 2774 821 2807 castitas
837 2784 911 2807 non
921 2775 1159 2819 praedicari
1170 2776 1298 2821 possit
1317 2775 1365 2810 de
1386 2775 1570 2811 eunuchis
1585 2777 1700 2814 natis,

628 2829 694 2854 nec
709 2820 755 2854 de
770 2820 955 2856 eunuchis
963 2822 1100 2867 sadis.

432 2865 499 2908 (x.)
538 2865 650 2910 Quod
669 2868 830 2901 castitas
853 2878 928 2902 non
946 2869 1185 2913 praedicari
1197 2871 1322 2915 possit
1345 2868 1392 2904 de
1416 2869 1506 2910 illis,
1531 2871 1605 2914 qus·
1626 2880 1700 2904 non

627 2913 790 2948 credunt
819 2915 1016 2949 adulteria
1042 2926 1116 2950 esse
1140 2916 1245 2950 mala
1271 2917 1483 2963 religionis,
1509 2921 1544 2950 et
1572 2916 1702 2951 adhuc

627 2962 757 2994 minus
767 2961 812 2994 de
825 2961 915 3002 illis,
928 2963 1001 3007 qul
1010 2972 1084 2997 non
1094 2963 1255 2998 credunt
1263 2964 1460 2999 adulteria
1471 2974 1546 2999 esse
1554 2964 1700 2999 damna

628 3008 830 3043 societates.
