2014 3386
366 337 421 380 68
829 350 1073 386 DELICIAE
1104 352 1409 387 SAPIENrrAE

366 459 443 495 teis
463 465 504 495 et
528 459 624 496 ioris
644 460 899 499 lustravimus
919 463 1006 510 ejus
1027 464 1190 500 domos:
1215 472 1329 501 erant
1349 466 1520 502 totidem
1544 468 1698 514 palatia,
1721 468 1868 506 structa

367 523 417 548 ex
429 524 624 550 marmore
636 526 644 555 ;
665 521 758 550 ante
772 515 839 551 illa
852 523 964 552 erant
976 518 1123 563 gradus
1137 529 1186 553 ex
1199 518 1406 560 alabastro,
1417 527 1458 555 et
1472 521 1520 556 ad
1537 521 1659 557 latera
1671 523 1866 568 graduum

365 567 575 602 columnae
593 578 642 602 ex
658 567 812 614 jaspide
827 579 835 604 ε
859 569 1034 605 vidimus
1047 570 1166 606 etiam
1185 572 1334 618 templa
1350 583 1399 608 ex
1417 573 1592 619 pretioso
1610 574 1740 620 lapide
1757 576 1867 612 colo-

367 619 421 655 ris
446 620 666 666 sapphirini
692 627 733 656 et
758 621 914 658 lazurei.
966 623 1017 658 Et
1050 623 1151 659 dixit
1177 624 1274 660 mihi
1304 626 1478 672 angelus,
1498 626 1683 663 “Domus
1708 628 1785 664 illis
1817 639 1867 664 ex

366 672 565 718 lapidibus
585 680 689 714 sunt,
704 674 798 720 quia
815 675 967 721 lapides
985 676 1210 723 significant
1225 677 1416 714 veritates
1433 680 1641 721 naturales,
1656 687 1697 716 et
1714 680 1867 727 lapides

368 726 531 771 pretiosi
551 726 738 762 veritates
759 727 1005 774 spirituales;
1031 736 1071 764 et
1091 730 1277 766 omnibus
1299 731 1384 772 illis,
1406 732 1474 778 qui
1497 732 1536 767 in
1557 740 1747 779 argenteo
1767 744 1866 770 aevo

365 778 561 820 vixerunt,
576 779 652 814 fuit
666 779 928 827 intelligentia
944 792 994 816 ex
1010 782 1243 818 veritatibus
1257 783 1527 829 spiritualibus
1543 792 1584 821 et
1602 785 1694 822 inde
1709 793 1867 822 natura-

369 831 491 873 libus;
517 831 645 868 simile
663 833 783 868 etiam
801 833 998 880 significat
1014 836 1261 881 argentum.”

442 884 487 919 In
521 886 799 931 perlustrando
824 887 974 927 urbem,
999 888 1173 924 vidimus
1199 889 1264 924 hic
1296 896 1338 925 et
1371 889 1424 925 ibi
1449 898 1666 932 consortes,
1692 891 1802 938 paria
1825 899 1868 928 et

354 937 497 983 >paria;
527 945 569 973 et
589 938 683 984 quia
703 947 816 975 erant
837 940 967 976 mariti
989 947 1030 976 et
1050 952 1206 982 uxores,
1228 941 1554 988 exspetstavimus,
1576 951 1621 979 ut
1640 944 1786 980 alicubi
1809 945 1867 980 in-

367 990 602 1032 vitaremur;
628 998 668 1028 et
689 1003 779 1028 cum
799 993 876 1029 hoc
895 993 934 1028 in
954 994 1089 1029 animo
1107 1001 1201 1034 erat,
1221 995 1260 1030 in
1282 997 1525 1032 transeundo
1543 998 1825 1033 revocabamur
1843 1009 1868 1034 a

368 1043 525 1079 duobus
543 1044 582 1079 in
602 1045 779 1086 domum,
795 1057 840 1081 ac
857 1047 1119 1087 ascendimus,
1135 1054 1176 1083 et
1195 1048 1451 1084 intravimus:
1476 1056 1517 1084 et
1534 1050 1698 1096 angelus
1711 1061 1783 1096 pro
1801 1061 1865 1086 me

366 1095 526 1132 locutus
546 1108 636 1132 cum
657 1098 733 1133 illis
750 1099 904 1145 aperuit
918 1110 1076 1135 causam
1090 1101 1284 1136 adventus
1306 1101 1344 1136 in
1364 1101 1442 1137 hoc
1459 1102 1623 1142 caelum,
1640 1103 1747 1148 quod
1762 1110 1867 1139 esset

368 1154 389 1168 “
400 1157 562 1196 propter
575 1150 878 1188 instructionem
892 1153 941 1188 de
953 1153 1152 1200 conjugiis
1163 1154 1268 1200 apud
1283 1155 1480 1201 antiquos,
1492 1166 1514 1190 e
1528 1155 1673 1201 quibus
1684 1166 1757 1192 vos
1770 1155 1866 1192 estis

367 1202 469 1238 hie.'’

441 1256 492 1291 Et
512 1257 813 1303 responderunt,
835 1257 954 1294 “Nos
975 1257 1124 1295 fuimus
1158 1270 1207 1295 ex
1233 1260 1391 1306 populis
1421 1260 1460 1295 in
1492 1260 1599 1301 Asia,
1617 1271 1664 1296 ac
1689 1261 1865 1296 studium

367 1316 526 1345 nostrae
540 1310 683 1346 aetatis
696 1310 773 1346 fuit
786 1311 962 1346 studium
976 1312 1201 1353 veritatum,
1217 1324 1286 1359 per
1302 1324 1401 1359 quas
1418 1313 1534 1349 nobis
1548 1313 1624 1349 fuit
1642 1313 1866 1361 intelligen-

364 1362 444 1404 tia;
471 1363 549 1398 hoc
566 1363 742 1398 studium
758 1363 886 1399 fuerat
902 1365 1058 1400 animae
1076 1372 1117 1401 et
1136 1366 1280 1401 mentis
1295 1373 1453 1402 nostrae
1471 1366 1647 1402 studium
1663 1378 1671 1408 ς
1696 1367 1765 1402 sed
1784 1373 1866 1402 stu·-

367 1415 478 1450 dium
497 1427 684 1451 sensuum
703 1428 915 1463 corporum
939 1425 1167 1454 nostrorum
1190 1418 1346 1454 fuerant
1367 1419 1751 1465 repraesentationes
1764 1419 1867 1455 veri-

367 1475 496 1503 tatum
516 1469 556 1504 in
574 1468 723 1510 formis,
739 1481 786 1506 ac
803 1470 969 1506 scientia
985 1472 1427 1518 correspondentiamm
1446 1472 1655 1518 conjunxit
1671 1472 1869 1508 sensualia

367 1531 578 1568 corporum
605 1529 832 1558 nostrorum
867 1534 958 1559 cum
994 1524 1315 1571 perceptionibus
1341 1524 1535 1560 mentium
1562 1531 1798 1566 nostrarum,
1824 1532 1866 1561 et

366 1575 595 1611 conciliavit
613 1576 729 1611 nobis
747 1576 1087 1623 intelligentiam.”

442 1627 517 1664 His
549 1629 706 1671 auditis,
730 1630 885 1676 rogavit
905 1631 1079 1677 angelus,
1101 1637 1146 1666 ut
1171 1630 1321 1677 aliquid
1347 1631 1398 1667 de
1423 1630 1622 1677 conjugiis
1645 1630 1752 1677 apud
1778 1629 1867 1666 illos

367 1680 569 1718 referrent.
836 1701 838 1703 >
889 1683 892 1687 ’

441 1734 490 1770 Et
505 1735 606 1770 dixit
620 1735 795 1776 maritus,
811 1740 832 1754 “
846 1735 916 1771 Est
929 1736 1282 1782 correspondentia
1297 1735 1400 1772 inter
1409 1735 1639 1782 conjugium
1651 1735 1865 1781 spirituale,

367 1788 476 1833 quod
499 1794 560 1823 est
579 1788 663 1823 veri
685 1799 775 1824 cum
797 1789 917 1830 bono,
936 1795 976 1824 et
998 1789 1101 1824 inter
1121 1789 1351 1835 conjugium
1374 1789 1562 1829 naturale,
1581 1788 1689 1834 quod
1711 1794 1771 1823 est
1791 1788 1865 1823 viri

367 1851 458 1875 cum
480 1851 560 1875 una
579 1852 724 1882 uxore;
750 1848 791 1877 et
812 1842 905 1887 quia
926 1841 1152 1877 studuimus
1171 1841 1545 1887 correspondentiis,
1563 1841 1736 1876 vidimus
1755 1841 1865 1887 quod

367 1893 535 1929 ecclesia
559 1905 649 1929 cum
672 1894 753 1929 suis
771 1894 875 1929 veris
895 1900 936 1929 et
961 1894 1077 1929 bonis
1098 1905 1349 1940 nequaquam
1372 1894 1455 1929 dari
1478 1894 1603 1940 possit
1622 1893 1728 1940 apud
1753 1893 1864 1934 alios,

368 1956 486 1992 quam
507 1946 573 1992 qui
593 1947 632 1981 in
651 1957 786 1982 amore
803 1957 894 1982 vere
912 1947 1126 1993 conjugiali
1145 1958 1235 1982 cum
1255 1958 1334 1982 una
1351 1958 1476 1982 uxore
1493 1946 1652 1987 vivunt:
1678 1954 1739 1982 est
1756 1946 1863 1982 enim

367 1999 599 2046 conjugium
621 1999 715 2034 boni
742 2006 782 2035 et
801 2000 883 2035 veri
906 2000 1073 2035 ecclesia
1097 1999 1202 2045 apud
1230 1999 1455 2040 hominem3
1481 2009 1602 2046 quare
1624 2010 1764 2035 omnes
1789 2009 1864 2035 nos

368 2052 436 2098 qui
455 2052 520 2087 hic
533 2063 679 2093 sumus,
695 2052 873 2093 dicimus,
889 2053 996 2098 quod
1017 2052 1182 2088 maritus
1199 2052 1250 2088 sit
1267 2063 1416 2093 verum,
1432 2059 1472 2088 et
1489 2063 1591 2087 uxor
1606 2052 1693 2098 ejus
1706 2053 1866 2093 bonum,

368 2112 410 2141 et
427 2105 535 2151 quod
550 2106 699 2140 bonum
715 2116 796 2140 non
812 2105 936 2152 possit
950 2116 1081 2141 amare
1092 2105 1198 2140 aliud
1213 2116 1349 2140 verum
1362 2116 1479 2151 quam
1499 2116 1625 2146 suum,
1641 2116 1714 2141 nec
1726 2116 1864 2140 verum

369 2159 574 2193 redamare
595 2158 702 2193 aliud
724 2159 873 2193 bonum
895 2169 1014 2204 quam
1036 2169 1172 2199 suum;
1199 2157 1230 2193 si
1249 2158 1368 2198 aliud,
1389 2158 1534 2204 periret
1554 2158 1785 2204 conjugium
1806 2157 1867 2192 in-

368 2218 538 2251 ternum,
560 2211 668 2257 quod
696 2210 790 2246 facit
811 2211 1027 2251 ecelesiam,
1051 2217 1091 2246 et
1116 2211 1229 2246 fieret
1253 2211 1484 2258 conjugium
1504 2211 1626 2246 modo
1644 2218 1866 2250 externum,

368 2264 433 2300 cui
452 2264 677 2300 idololatria
693 2271 735 2300 et
753 2275 832 2300 non
848 2263 1013 2299 ecclesia
1032 2264 1335 2309 correspondet:
1359 2263 1506 2299 idcirco
1526 2263 1755 2310 conjugium
1774 2275 1864 2300 cum

368 2328 449 2352 una
474 2328 609 2357 uxore,
630 2328 820 2352 vocamus
845 2316 1145 2357 sacrimonium;
1178 2322 1220 2351 at
1245 2316 1276 2352 si
1303 2316 1416 2352 fieret
1444 2327 1535 2352 cum
1558 2316 1734 2362 pluribus
1758 2317 1864 2363 apud

369 2381 453 2410 nos,
472 2381 706 2411 vocaremus
725 2370 822 2405 illud
841 2369 1127 2416 sacrilegium.”

443 2423 519 2459 His
535 2421 663 2463 dietis,
683 2421 899 2458 introducti
918 2433 1055 2458 sumus
1077 2421 1115 2457 in
1133 2421 1450 2459 antithalamum‚
1467 2421 1535 2456 ubi
1554 2421 1667 2467 plura
1682 2421 1867 2458 technica

370 2487 488 2522 super
506 2476 730 2522 parietibus,
745 2483 786 2511 et
801 2475 991 2522 imagines
1008 2485 1150 2521 parvae
1168 2474 1270 2510 sicut
1287 2474 1396 2510 fusae
1413 2485 1463 2510 ex
1480 2481 1647 2521 argento
1665 2481 1799 2517 erant;
1824 2482 1866 2510 et

369 2529 558 2576 quaesivi,
578 2534 599 2547 ⁴‘
615 2528 722 2576 Quid
742 2529 808 2564 illa
821 2528 861 2564 ?”

444 2582 650 2622 Dixerunt,
682 2587 702 2600 “
717 2581 819 2617 Sunt
848 2579 1024 2627 piEturae
1041 2586 1082 2616 et
1114 2579 1265 2616 formae
1299 2579 1656 2625 repraesentativae
1689 2579 1864 2626 plurium

371 2635 618 2682 qualitatum,
634 2634 986 2681 praedicationum,
1001 2640 1042 2669 et
1059 2633 1364 2679 jucunditatum,
1380 2643 1481 2678 quae
1498 2632 1644 2667 arnoris
1661 2632 1867 2678 conjugia-

371 2689 420 2724 lis
438 2695 551 2724 sunt:
578 2688 652 2723 hae
670 2693 967 2733 repraesentant
984 2686 1176 2721 unitatem
1195 2685 1427 2725 animarum,
1446 2685 1519 2720 hae
1537 2684 1863 2731 conjunctionem

373 2741 578 2781 mentium,
597 2741 671 2776 hae
689 2740 943 2775 concordiam
963 2738 1179 2786 peftorurn,
1200 2738 1288 2773 illae
1305 2738 1467 2773 delicias
1485 2738 1576 2773 inde
1595 2737 1819 2773 oriundas.’'

446 2794 491 2829 In
510 2794 715 2829 lustrando
732 2793 906 2828 vidimus
923 2792 1025 2828 sicut
1046 2791 1185 2827 iridem
1203 2801 1322 2836 super
1339 2790 1497 2836 pariete,
1517 2801 1566 2825 ex
1583 2790 1711 2826 tribus
1724 2789 1867 2826 colori-

373 2848 446 2882 bus
463 2853 724 2886 constantem,
740 2857 950 2892 purpureo,
966 2844 1235 2892 hyacinthino,
1249 2850 1290 2878 et
1307 2843 1500 2883 candido:
1527 2850 1568 2878 et
1581 2843 1753 2878 vidimus
1770 2853 1870 2888 quo·-

375 2901 496 2936 modo
514 2900 626 2935 color
643 2910 865 2945 purpureus
879 2898 1064 2943 transiret
1078 2895 1393 2944 hyacinthinum,
1409 2903 1449 2931 et
1467 2895 1640 2942 tingeret
1653 2895 1866 2931 candidum

374 2954 507 2989 colore
529 2963 687 3000 cyaneo,
707 2959 747 2988 et
768 2953 875 2998 quod
899 2952 963 2987 hic
980 2951 1089 2987 color
1107 2949 1289 2986 reflueret
1306 2959 1376 2994 per
1393 2948 1693 2995 hyacinthinum
1717 2948 1754 2984 in
1778 2959 1869 2995 pur-

377 3018 554 3054 pureum,
575 3015 616 3041 et
633 3006 740 3041 hunc
758 3007 929 3041 elevaret
948 3005 1050 3040 sicut
1070 3003 1107 3038 in
1126 3003 1241 3048 jubar
1258 3001 1498 3037 flammeum.
