2014 3386
512 338 577 371 DE
608 334 792 369 AMORE
828 331 1239 366 SPIRITUAL1.—N.
1265 313 1332 377 89'.
1623 323 1675 376 85

175 465 283 493 num
300 451 473 494 Verum
491 455 540 492 ut
559 463 695 492 unum
714 449 967 504 procedant
989 463 1016 491 a
1037 448 1263 490 Domino:
1300 446 1397 502 (iii.)
1427 446 1562 501 Quod
1584 448 1672 490 hoc

174 529 312 557 unum
337 515 602 569 inquadam
632 514 831 567 imagine
857 513 915 555 sit
946 513 991 554 in
1022 513 1147 554 omni
1173 518 1357 554 creato:
1404 511 1503 567 (iv.)
1539 512 1676 566 Quod

174 579 352 621 Bonum
384 592 476 620 non
507 579 566 620 sit
597 578 768 619 bonurn
800 577 883 618 nisi
914 583 1135 631 quantum
1167 577 1343 618 unitum
1375 581 1446 617 est
1475 590 1598 624 vero,
1627 584 1676 618 et

173 642 294 696 quod
313 641 485 683 Verum
508 655 599 683 non
622 641 680 682 sit
702 654 858 682 verum
881 641 965 682 nisi
988 646 1208 694 quantum
1231 640 1407 681 unitum
1425 645 1497 681 est
1519 639 1642 681 bono
1662 653 1670 680 ε

166 705 257 760 (v.)
292 704 427 759 Quod
454 705 676 746 Dominus
708 717 801 745 non
832 704 1046 757 patiatur,
1074 710 1124 744 ut
1155 703 1326 757 aliquid
1358 703 1417 744 sit
1449 703 1673 754 divisum;

173 783 311 823 quare
341 769 480 810 horno
512 768 586 809 vel
618 768 703 809 erit
744 768 789 808 in
829 768 953 809 bono
994 773 1041 808 et
1083 766 1216 808 simul
1242 780 1364 816 vero,
1392 766 1467 808 vel
1507 767 1592 808 erit
1631 766 1675 807 in

172 833 294 883 malo
319 839 367 875 et
392 832 525 874 simul
550 831 677 873 salso.
739 832 925 873 Praeter
956 831 1098 885 plura.
1605 827 1607 829 ’

258 895 353 939 88.
388 895 488 951 (ἰίἱ.)
525 894 655 946 Quod
670 895 801 936 detur
815 909 968 936 verum
991 894 1104 944 boni,
1127 900 1170 935 et
1192 908 1249 935 ex
1268 893 1348 934 lzoc
1367 893 1524 934 bonum
1544 892 1645 934 veri
1654 907 1674 940 ,·

172 974 248 1001 seu
272 974 424 1001 verum
447 973 504 1000 ex
528 959 647 1008 bono,
675 972 726 999 ac
750 958 906 999 bonum
930 972 987 999 ex
1022 958 1098 999 illo
1122 972 1226 998 vero
1238 972 1260 1006 ,·
1299 963 1342 998 et
1365 957 1486 1010 quod
1505 955 1672 997 duobus

176 1023 270 1065 illis
300 1037 329 1064 a
353 1022 570 1064 creatione
593 1021 734 1063 insita
758 1021 821 1062 sit
850 1021 1077 1062 inclinatio
1101 1021 1167 1062 ad
1186 1035 1233 1062 se
1255 1019 1604 1075 conjungendum
1628 1019 1675 1060 in

172 1085 637 1128 unum—Necessum
662 1091 734 1126 est
761 1090 810 1126 ut
837 1083 894 1125 de
919 1084 989 1125 his
1013 1084 1162 1138 aliqua
1184 1081 1398 1125 distincta
1423 1083 1525 1124 idea
1546 1095 1673 1124 com—

172 1156 369 1203 paretur,
397 1150 501 1203 quia
526 1149 630 1190 inde
657 1148 890 1203 dependet
922 1148 1128 1201 cognitio
1153 1147 1210 1188 de
1242 1146 1475 1188 essentiali
1501 1146 1676 1199 origine

173 1214 339 1255 amoris
365 1212 659 1265 conjugialis;
693 1218 765 1253 est
791 1213 927 1261 enim,
955 1218 1004 1253 ut
1032 1211 1246 1265 sequitur,
1274 1223 1430 1251 verum
1457 1210 1564 1251 boni
1595 1223 1675 1251 seu

172 1289 327 1318 verum
354 1290 414 1317 ex
440 1276 563 1317 bono
589 1275 903 1324 masculinum,
928 1281 975 1316 et
1001 1275 1171 1316 bonum
1196 1274 1290 1315 veri
1316 1288 1393 1314 seu
1416 1274 1587 1314 bonum
1613 1287 1674 1314 ex

173 1341 253 1381 illo
278 1354 387 1381 vero
412 1339 704 1390 femininum;
737 1339 818 1380 sed
840 1338 1168 1392 comprehendi
1190 1343 1347 1391 potest
1372 1337 1460 1378 hoc
1484 1337 1676 1377 distinc-

173 1405 277 1454 tius,
306 1404 342 1445 si
367 1417 449 1458 pro
466 1403 589 1444 bono
615 1403 780 1444 dicitur
806 1416 946 1452 amor,
975 1408 1022 1443 et
1054 1415 1136 1455 pro
1161 1415 1270 1443 vero
1297 1401 1535 1454 sapientia,
1560 1414 1675 1454 quae

173 1467 295 1521 quod
326 1480 464 1507 unum
495 1466 615 1507 idem
647 1467 754 1515 sint,
783 1466 992 1507 videatur
1023 1478 1158 1518 supra
1191 1463 1254 1518 (n.
1287 1463 1377 1518 84).
1438 1463 1676 1517 Sapientia

174 1544 267 1571 non
304 1536 461 1584 potest
498 1530 618 1582 apud
658 1529 891 1571 hominem
932 1530 1149 1578 existere,
1178 1540 1314 1582 quarn
1355 1541 1435 1580 per
1474 1540 1676 1568 amorem

174 1594 408 1647 sapiendi;
446 1594 482 1634 si
515 1593 586 1634 hic
618 1606 745 1634 amor
771 1593 984 1642 aufertur,
1013 1592 1152 1633 homo
1178 1605 1362 1645 prorsus
1394 1604 1485 1631 non
1518 1597 1675 1644 potest

174 1671 359 1710 sapere;
386 1658 611 1710 sapientia
633 1671 692 1698 ex
715 1657 802 1698 hoc
826 1669 979 1697 amore
998 1655 1272 1709 intelligitur
1294 1669 1374 1709 per
1395 1667 1551 1695 verum
1568 1654 1676 1695 boni

174 1735 254 1762 seu
268 1734 423 1762 verum
439 1735 498 1762 ex
515 1721 637 1762 bono
656 1735 665 1771 ;
692 1727 740 1762 at
760 1721 866 1761 dum
884 1720 1023 1761 homo
1039 1720 1122 1760 sibi
1140 1733 1199 1760 ex
1217 1719 1296 1760 illo
1315 1732 1468 1760 amore
1487 1731 1675 1771 compa·

173 1785 291 1826 ravit
313 1785 598 1838 sapientiam,
622 1798 674 1825 ac
697 1784 821 1825 illam
844 1790 968 1825 amat
995 1784 1039 1824 in
1063 1797 1126 1832 se,
1151 1797 1229 1824 seu
1255 1796 1303 1823 se
1325 1788 1511 1836 propter
1532 1781 1674 1830 illam,

174 1855 283 1889 tunc
315 1847 481 1889 format
513 1861 728 1896 amorem,
763 1848 837 1901 qui
870 1854 943 1888 est
974 1860 1101 1888 amor
1127 1846 1393 1899 sapientiae,
1421 1851 1468 1886 et
1501 1844 1674 1886 intelli-

174 1913 297 1965 gitur
322 1924 400 1964 per
421 1911 591 1952 bonum
617 1912 710 1952 veri
736 1925 815 1952 seu
837 1911 1006 1952 bonum
1034 1924 1093 1951 ex
1121 1909 1199 1950 illo
1221 1922 1357 1950 vero:
1392 1914 1498 1949 sunt
1520 1909 1673 1962 itaque

175 1975 266 2015 duo
296 1988 473 2016 amores
506 1975 625 2028 apud
657 1975 815 2024 virum,
844 1987 1034 2028 quorum
1066 1987 1193 2022 unus,
1227 1973 1302 2027 qui
1332 1978 1403 2013 est
1435 1972 1568 2025 prior,
1603 1979 1674 2013 est

175 2051 301 2079 amor
326 2039 548 2092 sapiendi,
577 2045 625 2080 et
657 2038 788 2087 alter,
816 2038 891 2092 qui
922 2044 993 2079 est
1025 2037 1265 2091 posterior,
1292 2042 1363 2077 est
1394 2049 1523 2077 amor
1553 2036 1674 2089 sapi-

175 2102 352 2152 entiae;
385 2108 432 2143 at
454 2101 527 2143 hic
550 2115 689 2151 amor,
714 2102 750 2142 si
773 2107 928 2143 manet
954 2101 1073 2154 apud
1095 2100 1252 2148 virum,
1272 2105 1343 2140 est
1366 2113 1494 2140 amor
1510 2099 1671 2147 malus,

175 2171 222 2206 et
253 2171 444 2206 vocatur
474 2165 615 2206 fastus
647 2179 726 2206 seu
758 2178 885 2206 amor
911 2165 1117 2218 propriae
1149 2163 1518 2216 intelligentiae;
1552 2162 1674 2216 quod

174 2227 247 2269 hic
278 2241 406 2269 amor
437 2228 700 2281 desumptus
731 2228 790 2269 sit
831 2241 858 2268 a
889 2228 999 2276 viro,
1034 2241 1090 2268 ne
1123 2227 1286 2280 perdat
1317 2239 1433 2275 eum,
1467 2231 1514 2267 et
1545 2232 1672 2267 tran-

175 2291 370 2344 scriptus
388 2291 446 2333 sit
469 2292 514 2332 in
537 2291 784 2340 mulierem,
810 2298 859 2332 ut
882 2291 960 2332 fiat
982 2304 1109 2331 amor
1126 2289 1407 2343 conjugialis,
1427 2289 1501 2343 qui
1522 2289 1674 2330 redin-

176 2359 330 2407 tegrat
370 2354 512 2404 illum,
555 2368 582 2395 a
627 2355 859 2395 creatione
899 2355 1128 2407 provisum
1169 2354 1242 2402 sit,
1285 2354 1330 2394 in
1375 2352 1672 2406 sequentibus

177 2417 528 2459 confirmabitur.
587 2417 775 2472 Aliquid
798 2418 855 2459 de
877 2418 992 2458 binis
1015 2417 1102 2458 illis
1124 2416 1366 2466 amoribus,
1390 2422 1438 2458 et
1464 2416 1521 2457 de
1547 2422 1672 2457 tran-

177 2481 422 2535 scriptione
453 2482 716 2534 posterioris
747 2482 791 2522 in
823 2481 1072 2530 mulierem,
1105 2480 1313 2521 videatur
1343 2493 1478 2532 supra
1512 2477 1574 2532 (n.
1605 2489 1672 2530 32,

179 2555 245 2596 33,
273 2550 320 2586 et
345 2545 390 2585 in
417 2543 826 2594 Praeliminaribus,
855 2557 896 2584 n.
929 2543 1019 2598 20).
1082 2542 1128 2584 Si
1162 2557 1273 2596 ergo
1305 2556 1387 2596 pro
1417 2555 1571 2583 amore
1603 2542 1673 2582 in-

178 2606 400 2660 telligitur
425 2607 609 2657 bonum,
638 2614 685 2648 et
724 2621 805 2660 pro
846 2607 1072 2660 sapientia
1102 2619 1272 2656 verum,
1301 2613 1409 2647 tunc
1450 2619 1510 2646 ex
1552 2616 1671 2645 nunc

179 2668 310 2711 dictis
335 2677 534 2719 constat,
558 2671 679 2725 quod
702 2671 836 2712 detur
857 2683 1012 2711 verum
1034 2671 1141 2711 boni
1166 2684 1244 2710 seu
1266 2683 1423 2710 verum
1446 2683 1506 2710 ex
1532 2668 1671 2717 bono,

180 2739 227 2773 et
253 2746 313 2773 ex
339 2732 426 2774 hoc
453 2733 624 2774 bonum
649 2734 743 2775 veri
769 2747 847 2774 seu
874 2734 1044 2775 bonum
1071 2747 1131 2774 ex
1157 2732 1237 2773 illo
1263 2746 1385 2774 vero.

265 2794 361 2848 89.
404 2794 539 2849 Quod
565 2796 652 2837 illis
678 2797 852 2838 duobus
883 2811 909 2837 a
935 2797 1165 2837 creatione
1192 2796 1329 2836 insita
1353 2796 1411 2836 sit
1437 2793 1673 2835 inclinatio

181 2857 239 2898 ad
262 2871 311 2898 se
334 2858 700 2911 conjungendum
721 2860 765 2900 in
788 2872 938 2908 unum,
958 2865 1029 2900 est
1052 2859 1156 2913 quia
1176 2871 1313 2899 unum
1334 2858 1578 2899 formatum
1601 2862 1675 2896 est

183 2934 243 2960 ex
280 2919 452 2972 alter05
499 2923 720 2974 sapientia
759 2936 819 2963 ex
859 2935 1014 2963 amore
1045 2922 1263 2975 sapiendi,
1297 2935 1374 2962 seu
1413 2932 1569 2961 verum
1611 2932 1671 2959 ex

183 2983 331 3034 bono3
368 2996 420 3024 ac
452 2997 579 3025 amor
609 2985 860 3038 sapientiae
900 2999 960 3026 ex
1000 2984 1078 3025 illa
1117 2984 1356 3037 sapientia,
1382 2997 1460 3023 seu
1499 2982 1670 3023 bonum
