2014 3386
534 358 601 390 DE
633 355 814 389 AMORE
845 353 1269 397 CONJUGIAL1.--N.
1298 352 1392 396 315.
1621 351 1703 393 247

269 474 368 512 Quod
381 476 545 502 amaturus
558 471 601 501 s'ss
615 471 723 500 Deum
738 473 746 485 ¹
757 479 798 499 ex
812 473 880 498 tota
899 468 1007 498 anima
1021 471 1053 497 et
1074 476 1114 496 ex
1128 471 1196 496 toto
1211 466 1310 495 corde
1319 465 1338 501 ς’
1362 470 1394 494 et
1407 465 1497 502 quod
1519 464 1608 494 Deus
1623 468 1709 493 creet

369 514 403 543 in
423 513 554 542 homine
569 515 705 541 ‘novam
726 511 867 540 animam
889 514 920 539 et
940 517 1061 538 novum
1083 507 1154 537 cor'
1179 508 1312 545 (Deutr.
1329 504 1406 536 [tlvi.
1422 512 1457 543 5:
1481 514 1551 543 cap.
1568 514 1597 536 x.
1614 502 1706 539 [21123

369 563 439 592 cap.
456 553 496 583 xi.
514 551 606 590 [³113;
633 561 703 590 cap.
727 551 811 581 xxvi.
830 551 886 581 16:
914 549 1038 590 Jerem.
1055 548 1152 579 xxxii.
1167 556 1226 586 41:
1253 547 1372 577 Matth.
1388 546 1464 577 xxii.
1480 544 1572 583 1037:
1598 545 1705 575 Marc.

370 595 422 624 xii.
438 602 487 632 30,
502 602 560 631 33:
585 593 664 623 Luc.
681 602 711 622 x.
728 591 801 631 27);

208 665 248 694 et
265 657 378 699 alibi;
403 667 450 693 ac
466 662 613 703 aperte.

490 723 590 761 Quod
606 722 737 760 sanguis
751 722 790 751 sit
805 721 914 750 anima
927 719 1030 750 carnis
1043 718 1165 758 (Levit.
1182 717 1255 748 xvii.
1274 726 1322 753 11,
1337 715 1423 755 14).''

284 786 358 822 His
383 786 530 822 auditis
555 785 677 831 aliqui
703 784 935 820 extulerunt
958 793 1111 823 vocem,
1130 781 1322 822 dicentes,
1344 778 1517 820 “Doste,
1543 776 1706 818 docte?

207 847 323 876 erant
340 851 389 875 ex
406 839 622 874 canonicis.

281 893 379 928 Post
394 893 492 927 haec
505 899 670 938 quartus
684 891 804 937 hujus
814 889 992 925 vestibus
1006 888 1181 928 indutus,
1193 893 1234 923 et
1247 886 1449 933 ingressus
1463 884 1707 923 cathedram,

207 946 329 982 dixit:
354 951 375 964 ⁴⁴
391 945 582 991 Suspicor
598 945 718 980 etiam
737 954 825 990 ego,
843 943 951 989 quod
978 952 1059 977 non
1080 940 1224 987 aliquis
1244 946 1328 976 tam
1349 939 1485 974 subtili
1507 945 1548 973 et
1568 937 1708 972 limato

208 998 370 1046 ingenio
387 999 451 1039 sit,
465 1005 510 1033 ut
528 998 724 1043 dispicere
741 996 869 1043 possit
883 995 980 1042 quid
998 994 1140 1035 anima,
1155 1000 1197 1030 et
1210 993 1338 1040 qualis
1356 992 1439 1033 illa:
1465 1002 1588 1037 quare
1605 990 1708 1026 arbi-

206 1060 300 1092 tror,
321 1052 430 1098 quod
452 1052 557 1097 apud
581 1051 704 1091 illum,
722 1050 790 1096 qui
811 1050 900 1084 vult
926 1048 1059 1084 rimari
1086 1047 1205 1087 illam,
1227 1045 1429 1082 subtilitas
1441 1054 1561 1090 super
1573 1043 1708 1079 vacuis

207 1111 378 1145 teratur:
407 1105 478 1140 sed
505 1115 631 1150 usque
660 1114 684 1139 a
708 1102 879 1149 pueritia
906 1100 1104 1148 permansi
1135 1100 1175 1135 in
1205 1100 1284 1135 fide
1313 1099 1535 1135 sententiae
1563 1097 1601 1132 in
1628 1107 1709 1142 qua

207 1159 369 1193 fuerunt
395 1157 561 1203 antiqui,
582 1157 691 1203 quod
717 1156 851 1191 anima
877 1155 1052 1190 hominis
1077 1154 1129 1189 sit
1156 1153 1196 1188 in
1226 1153 1312 1199 ejus
1337 1158 1437 1192 toto,
1459 1157 1500 1186 et
1527 1150 1567 1185 in
1588 1150 1708 1195 hujus

206 1211 316 1246 omni
338 1218 461 1257 parte,
480 1217 521 1246 et
546 1210 604 1245 sic
624 1210 732 1256 quod
753 1216 837 1244 tam
864 1209 905 1243 in
930 1208 1061 1254 capite
1090 1213 1132 1243 et
1157 1206 1196 1241 in
1218 1205 1384 1252 singulis
1405 1205 1503 1250 ejus,
1525 1214 1643 1249 quam
1667 1202 1706 1237 in

205 1275 373 1310 corpore
399 1271 440 1299 et
466 1263 505 1298 in
527 1263 695 1310 singulis
716 1263 824 1309 ejus:
849 1268 890 1297 et
910 1261 1018 1307 quod
1039 1271 1186 1296 vanum
1212 1270 1236 1294 a
1261 1258 1472 1294 neotericis
1499 1257 1705 1292 inventum

208 1317 337 1358 fuerit,
356 1317 566 1363 designare
584 1316 620 1352 ei
641 1316 777 1352 sedem
798 1314 954 1354 alicubi,
973 1321 1014 1350 et
1034 1325 1115 1349 non
1137 1312 1287 1353 ubivis;
1313 1318 1374 1347 est
1394 1321 1554 1357 quoque
1576 1309 1708 1345 anima

206 1371 431 1406 substantia
447 1369 674 1416 spIritualis,
688 1369 738 1404 de
752 1379 831 1414 qua
848 1379 928 1403 non
947 1367 1198 1413 praedicatur
1211 1365 1393 1401 extensio
1411 1374 1485 1400 nec
1503 1364 1624 1403 locus,
1638 1362 1707 1398 sed

208 1428 404 1463 habitatio
421 1434 462 1463 et
484 1427 676 1473 impletio.
727 1425 827 1473 Quis
849 1426 969 1461 etiam
993 1435 1073 1460 non
1096 1423 1285 1470 intelligit
1304 1422 1441 1462 vitam,
1461 1422 1557 1457 dum
1579 1420 1707 1456 nomi-

207 1488 276 1516 nat
293 1480 499 1517 animam?
550 1480 672 1515 Estne
693 1480 778 1515 vita
796 1480 834 1514 in
853 1485 942 1514 toto
964 1484 1006 1514 et
1024 1478 1063 1512 in
1082 1477 1260 1523 qualibet
1282 1482 1394 1523 parte
1406 1474 1446 1511 ?''
1617 1481 1619 1483 ’

281 1534 356 1570 His
374 1532 491 1569 dictis
509 1533 696 1569 favebant
714 1532 828 1567 multi
848 1532 887 1567 in
905 1531 1118 1567 auditorio.

281 1587 379 1622 Post
400 1587 507 1622 hunc
527 1586 701 1622 surrexit
720 1586 899 1632 quintus,
918 1595 965 1620 ac
991 1585 1132 1620 iisdem
1161 1582 1382 1629 insignibus
1407 1586 1583 1621 ornatus,
1604 1590 1626 1615 e
1644 1590 1708 1615 ca·

207 1641 352 1676 thedra
372 1640 500 1675 edidit
521 1640 620 1675 hoc:
646 1639 770 1674 “Non
797 1649 931 1674 moror
952 1638 1084 1673 dicere
1109 1636 1177 1671 ubi
1203 1643 1264 1672 est
1289 1635 1432 1675 anima,
1454 1645 1550 1668 num
1577 1633 1616 1668 in
1637 1633 1708 1668 ali-

207 1703 287 1739 qua
315 1700 438 1739 parte,
459 1693 523 1728 vel
552 1704 646 1728 num
678 1692 808 1727 ubivis
838 1691 878 1726 in
907 1698 1018 1731 toto:
1052 1690 1122 1726 sed
1150 1701 1198 1725 ex
1226 1699 1317 1724 meo
1344 1698 1485 1734 promo
1510 1693 1551 1722 et
1575 1687 1708 1722 condo

206 1746 383 1792 aperiam
415 1753 590 1781 mentem
620 1746 671 1781 de
703 1745 791 1785 hoc,
813 1745 909 1790 quid
939 1744 1073 1779 anima
1101 1749 1142 1778 et
1167 1742 1294 1789 qualis
1325 1741 1403 1777 illa.
1453 1740 1602 1776 Anima
1625 1749 1706 1774 non

206 1798 407 1845 cogitatur
431 1799 480 1834 ab
501 1799 647 1845 aliquo,
670 1798 745 1834 nisi
773 1798 876 1834 sicut
903 1808 1045 1844 purum
1073 1796 1180 1842 quid,
1202 1795 1310 1842 quod
1335 1793 1545 1830 assimilari
1575 1799 1708 1839 potest

205 1851 357 1888 aetheri
383 1859 453 1887 aut
473 1852 552 1887 aeri
578 1858 647 1887 aut
666 1858 800 1891 vento,
823 1851 862 1886 in
889 1861 971 1896 quo
996 1850 1117 1885 vitale
1143 1855 1205 1884 est
1229 1859 1279 1883 ex
1303 1847 1584 1887 rationalitate,
1607 1856 1707 1892 quae

207 1904 362 1940 homini
380 1912 442 1940 est
460 1916 552 1951 prae
573 1905 723 1940 bestiis.
775 1904 1016 1950 Opinionem
1039 1903 1143 1937 hanc
1162 1901 1327 1937 fundavi
1353 1911 1472 1946 super
1492 1899 1579 1939 hoc,
1599 1899 1706 1944 quod

207 1958 329 1993 homo
343 1958 439 1993 dum
452 1958 635 2003 exspirat,
649 1958 805 1993 dicatur
817 1957 949 1992 efflare
962 1968 1030 1992 seu
1041 1956 1226 1992 emittere
1237 1954 1410 1990 animam
1422 1964 1492 1988 seu
1504 1952 1686 1998 spiritum
1700 1963 1708 1991 :

208 2011 301 2047 inde
319 2011 439 2046 etiam
457 2011 590 2046 anima
610 2018 702 2056 post
723 2017 893 2046 mortem
914 2010 1053 2045 vivens
1075 2008 1252 2044 creditur
1271 2018 1358 2043 esse
1377 2007 1468 2042 talis
1490 2006 1648 2045 halitus,
1667 2004 1706 2040 in

205 2074 288 2110 quo
301 2071 364 2100 est
376 2064 460 2099 vita
472 2064 701 2110 cogitativa,
715 2074 817 2109 quae
831 2070 997 2099 vocatur
1010 2062 1143 2098 anima
1158 2073 1166 2102 ;
1191 2061 1289 2107 quid
1303 2060 1410 2096 aliud
1427 2065 1562 2106 potest
1575 2058 1708 2094 anima

206 2116 324 2153 esse?
374 2116 452 2153 Sed
482 2117 577 2163 quia
604 2116 739 2152 audivi
770 2128 818 2152 ex
844 2116 1049 2152 orchestra
1073 2115 1264 2154 dicentes,
1290 2113 1399 2160 quod
1428 2112 1633 2158 problema
1657 2111 1707 2147 de

206 2170 350 2211 anima,
371 2170 466 2216 quid
493 2170 561 2205 illa
580 2176 621 2205 et
641 2170 769 2216 qualis
794 2169 861 2205 illa
885 2175 957 2209 est,
977 2179 1056 2204 non
1084 2168 1137 2204 sit
1157 2178 1277 2214 supra
1298 2165 1556 2206 intellectum,
1574 2165 1644 2200 sed
1667 2164 1706 2198 in

208 2223 277 2259 illo
294 2230 335 2259 et
352 2234 487 2259 coram
506 2224 586 2265 illo,
605 2234 704 2270 rogo
721 2230 762 2259 et
788 2234 929 2270 precor
945 2229 991 2258 ut
1007 2229 1216 2258 aeternum
1240 2221 1319 2256 hoc
1335 2231 1523 2256 arcanum
1542 2229 1614 2254 vos
1632 2217 1706 2264 ipsi

207 2277 432 2323 aperiatis.''

258 2330 307 2365 Et
333 2330 510 2366 seniores
538 2330 576 2365 in
603 2330 809 2365 orchestra
834 2330 1095 2375 inspexerunt
1119 2326 1491 2367 archididascalum,
1512 2324 1581 2370 qui
1608 2324 1707 2359 illud

209 2383 414 2428 problema
443 2390 716 2429 proposuerat,
747 2383 815 2429 qui
845 2393 894 2418 ex
923 2382 1086 2417 nutibus
1108 2380 1314 2416 ·intellexit
1343 2379 1450 2426 quod
1481 2378 1632 2413 vellent
1661 2383 1707 2411 ut

208 2437 470 2472 descenderet
488 2443 530 2472 et
547 2437 731 2478 doceret;
756 2443 798 2471 et
815 2435 995 2471 astutum
1018 2435 1083 2471 ille
1104 2445 1152 2470 ex
1170 2440 1362 2480 suggestu
1381 2432 1600 2471 descendit,
1619 2441 1707 2476 per-

207 2490 392 2525 transivit
413 2490 667 2531 auditorium,
685 2496 727 2525 et
748 2489 948 2536 ingressus
969 2495 1031 2524 est
1051 2488 1295 2527 cathedram,
1314 2493 1354 2522 et
1376 2486 1429 2521 ibi
1451 2483 1707 2531 exporrigens

208 2553 371 2577 manum
386 2542 498 2583 dixit,
512 2548 533 2562 ‘⁶
546 2542 794 2583 Auscultate,
809 2553 979 2588 quaeso:
1005 2541 1094 2587 quis
1108 2551 1189 2576 non
1207 2540 1335 2576 credit
1351 2539 1524 2575 animam
1544 2548 1630 2573 esse
1649 2537 1707 2571 in-

207 2596 348 2631 timam
367 2603 407 2631 et
424 2596 724 2632 subtilissimam
739 2596 952 2632 essentiam
972 2594 1175 2630 hominis?
1201 2600 1242 2629 et
1255 2593 1351 2640 quid
1369 2592 1543 2628 essentIa
1558 2591 1707 2636 absque

208 2649 336 2685 forma
352 2650 459 2685 aliud
473 2661 594 2696 quam
612 2661 683 2685 ens
697 2649 890 2685 rationis?
940 2648 1074 2696 Quare
1091 2648 1224 2683 anima
1240 2654 1302 2683 est
1320 2646 1466 2687 forma;
1492 2645 1562 2680 sed
1577 2643 1706 2690 qualis

208 2701 338 2738 forma
362 2703 538 2738 dicetur:
563 2710 625 2738 est
652 2702 781 2738 forma
805 2702 984 2738 omnium
1017 2701 1164 2737 amoris
1189 2707 1230 2736 et
1256 2699 1436 2736 omnium
1467 2696 1707 2743 sapientiae:

207 2756 345 2791 omnia
370 2756 518 2792 amoris
542 2763 739 2791 vocantur
763 2755 1007 2796 affet‘iiones,
1033 2762 1074 2791 et
1099 2754 1236 2790 omnia
1264 2752 1482 2799 sapientiae
1511 2756 1708 2786 vocantur

209 2809 504 2855 perceptiones:
528 2809 603 2845 hae
623 2820 673 2845 ex
699 2809 776 2844 illis
802 2816 842 2844 et
863 2809 921 2844 sic
946 2820 1036 2844 cum
1060 2808 1136 2843 illis
1157 2807 1308 2843 faciunt
1325 2816 1445 2841 unam
1468 2803 1646 2843 formam,
1666 2803 1705 2838 in

208 2872 288 2908 qua
305 2862 611 2898 innumerabilia
628 2863 667 2897 in
685 2863 755 2898 tali
774 2863 924 2903 ordine,
939 2862 1042 2898 serie
1058 2868 1099 2897 et
1116 2859 1374 2896 cohaerentia
1391 2865 1495 2898 sunt,
1509 2863 1554 2892 ut
1571 2856 1705 2892 vocari

209 2915 366 2960 possint
382 2925 527 2956 unum;
553 2922 594 2950 et
606 2915 740 2951 vocari
760 2922 927 2961 possunt
941 2926 1077 2954 unum,
1091 2914 1184 2960 quia
1201 2923 1280 2948 non
1301 2917 1436 2957 potest
1450 2910 1541 2945 inde
1555 2908 1704 2955 aliquid

208 2966 362 3007 auferri,
384 2978 457 3003 nec
482 2968 531 3003 ad
560 2968 655 3002 illud
681 2968 830 3014 aliquid
852 2968 958 3008 addi,
979 2974 1024 3002 ut
1045 2967 1097 3002 sit
1117 2966 1231 3001 talis:
1261 2965 1357 3010 quid
1379 2963 1510 2998 anima
1532 2962 1706 2997 humana

211 3020 285 3056 nisi
306 3021 398 3056 talis
424 3020 579 3057 forma?
600 3028 746 3057 suntne
772 3021 908 3057 omnia
932 3020 1079 3056 amoris
1104 3026 1145 3056 et
1165 3018 1301 3055 omnia
1326 3015 1543 3062 sapientiae
1571 3025 1706 3051 essen-
