2014 3386
332 321 413 376 362
774 330 1104 366 VOLUPTATES
1137 332 1386 367 INSANIAE

412 452 544 501 4¹74·
578 444 667 501 (X.)
706 445 836 497 Quod
859 460 1019 488 causae
1049 447 1242 489 senticae
1287 461 1370 489 non
1413 449 1571 499 reales,
1604 452 1698 492 sint
1725 464 1837 505 quae

329 522 413 550 non
452 523 508 550 ex
531 508 662 561 justo
691 516 809 559 sunt,
842 510 1027 551 tametsi
1058 524 1114 551 ex
1146 511 1417 564 apparentia
1431 512 1734 566 justi—Hae
1772 528 1834 556 ex

328 573 477 614 causis
494 574 686 614 sonticis
704 574 899 615 realibus
926 587 1062 627 supra
1080 575 1320 616 recensitis
1339 583 1696 629 cognoscuntur,
1718 591 1836 632 quae

328 637 366 677 si
407 650 499 677 non
536 637 622 678 rite
658 637 973 691 explorantur,
1007 652 1229 693 apparere
1261 645 1454 691 possunt
1495 646 1546 681 ut
1581 639 1749 693 justae,
1784 647 1832 683 et

328 705 487 742 tamen
505 700 702 754 injustae
720 707 825 742 sunt
844 715 854 753 ;
887 702 1005 743 sicut
1027 701 1149 756 quod
1171 708 1381 755 tempora
1398 703 1706 745 abstinentiae
1724 711 1831 757 post

328 770 486 817 partus
523 765 742 819 requisita
781 766 888 814 sint,
922 765 1235 818 aegritudines
1279 767 1572 808 transitoriae
1617 781 1830 817 uxorum,

331 827 437 868 inde
469 834 517 869 et
549 841 641 868 non
671 828 777 870 inde
809 829 1049 882 dispendia
1080 828 1286 883 prolifici,
1315 829 1608 883 polygamiae
1639 831 1832 884 permis-

330 904 408 932 sae
441 891 678 941 Israelitis,
711 899 759 934 et
791 892 963 933 similes
995 892 1111 934 aliae
1143 892 1308 934 nullius
1340 893 1508 935 valoris
1539 908 1598 935 ex
1625 893 1832 947 justitia;

328 954 416 996 hae
435 954 715 1008 effinguntur
736 969 763 996 a
784 956 890 996 viris
912 962 1017 1009 post
1036 955 1276 998 contracta
1293 956 1475 1009 frigora,
1492 956 1599 998 dum
1621 957 1832 998 incastae

329 1019 542 1060 libidines
568 1019 923 1073 deprivaverunt
950 1019 1055 1060 illos
1081 1033 1238 1061 amore
1265 1019 1525 1073 conjugiali,
1552 1033 1606 1061 ac
1631 1020 1829 1062 infatua-

329 1088 437 1124 runt
468 1082 574 1124 illos
609 1083 714 1124 idea
745 1082 1056 1124 similitudinis
1088 1082 1182 1136 ejus
1214 1096 1316 1124 cum
1349 1096 1504 1125 amore
1535 1083 1830 1125 scortatorio.

333 1146 410 1197 Hi,
451 1146 558 1189 dum
599 1147 957 1192 concubinatum
997 1148 1188 1197 intrant,
1230 1161 1288 1189 ne
1329 1147 1633 1197 diffamentur,
1671 1161 1832 1190 causas

331 1209 452 1251 tales
476 1211 651 1264 spurias
679 1217 726 1252 et
758 1211 945 1252 fallaces
971 1211 1143 1252 faciunt
1169 1224 1412 1264 germanas
1440 1217 1486 1252 et
1518 1211 1757 1264 genuinas,
1785 1217 1834 1253 ut

330 1273 572 1328 plurimum
595 1275 732 1315 etiam
755 1274 811 1316 de
835 1289 977 1316 uxore
1001 1276 1221 1316 mentitas
1243 1276 1528 1328 inspergunt,
1553 1289 1669 1329 quae
1691 1275 1832 1316 etiam

330 1338 582 1379 secundum
603 1338 805 1379 favorem
831 1352 858 1379 a
883 1338 1055 1379 civibus
1078 1339 1236 1380 amicis
1258 1339 1571 1380 assentiuntur
1592 1344 1640 1380 et
1666 1351 1833 1380 occen-

333 1406 503 1442 tantur.
1756 1453 1758 1456 y

415 1472 546 1518 4¹75·
580 1463 684 1519 (xi.)
722 1464 851 1515 Quod
875 1465 957 1515 illi,
990 1465 1070 1519 qui
1094 1479 1150 1506 ex
1178 1465 1325 1507 causis
1350 1464 1576 1519 legitimis,
1603 1464 1758 1520 justis,
1788 1470 1833 1506 et

332 1528 513 1569 sonticis
544 1528 753 1578 realibus,
780 1529 826 1570 in
856 1528 936 1570 hoc
963 1529 1248 1570 concubinatu
1278 1535 1394 1577 sunt,
1416 1529 1598 1582 possint
1619 1528 1759 1570 simul
1785 1528 1831 1570 in

331 1605 480 1632 amore
491 1591 1102 1646 cony'ugykzlimsa—Dicitur,
1121 1592 1242 1647 quod
1261 1593 1438 1646 possint
1455 1591 1589 1633 simul
1610 1592 1657 1633 in
1673 1605 1830 1634 amore

331 1654 577 1708 conjugiali
602 1670 718 1705 esse,
746 1669 798 1696 ac
826 1656 1103 1710 intelligitur
1127 1656 1249 1710 quod
1277 1656 1455 1710 possint
1481 1655 1600 1697 hunc
1627 1666 1832 1697 amorem

331 1719 618 1760 reconditum
646 1720 765 1773 apud
792 1733 840 1761 se
867 1726 1053 1771 tenere;
1086 1733 1191 1761 nam
1213 1733 1342 1761 amor
1366 1719 1443 1761 ille
1474 1719 1519 1760 in
1545 1717 1763 1772 subjecto,
1785 1719 1831 1759 in

332 1795 422 1836 quo
454 1789 542 1831 est,
571 1796 663 1823 non
696 1784 828 1836 perit,
857 1783 937 1824 sed
969 1784 1176 1837 quiescit.
1239 1782 1375 1836 Quod
1406 1795 1534 1824 amor
1559 1781 1830 1835 conjugialis

314 1840 452 1898 'apud
484 1845 603 1894 illos,
638 1847 712 1900 qui
744 1846 1004 1900 conjugium
1037 1846 1298 1900 praeferunt
1330 1845 1665 1894 concubinam,
1699 1850 1747 1886 et
1782 1845 1828 1886 in

331 1909 451 1950 hunc
479 1924 539 1950 ex
566 1911 712 1950 causis
740 1911 1143 1963 supramemoratis
1165 1911 1355 1958 intrant,
1383 1915 1694 1958 conservetur,
1723 1915 1830 1950 sunt

330 1972 419 2014 hae
450 1987 643 2014 causae:
682 1974 803 2028 quod
834 1974 906 2015 hic
939 1974 1270 2015 concubinatus
1303 1986 1396 2014 non
1427 1978 1655 2026 repugnet
1686 1972 1830 2013 amori

331 2035 606 2089 conjugiali;
640 2037 760 2090 quod
788 2050 879 2077 non
906 2037 964 2078 sit
991 2037 1222 2090 separatio
1248 2037 1306 2077 ab
1336 2049 1421 2087 θος
1453 2036 1575 2087 quod
1602 2036 1662 2076 sit
1689 2035 1828 2075 modo

332 2099 676 2140 circumvelatio
709 2099 828 2152 ejus;
871 2107 918 2141 et
956 2100 1077 2153 quod
1114 2100 1200 2140 hoc
1233 2099 1445 2140 velamen
1477 2099 1706 2140 auferatur
1736 2097 1827 2139 illis

331 2169 436 2217 post
468 2169 676 2204 mortem.
740 2162 875 2216 Quod
911 2162 978 2216 (i.)
1012 2163 1341 2204 concubinatus
1372 2162 1450 2203 ille
1482 2175 1573 2202 non
1599 2167 1828 2215 repugnet

332 2227 475 2267 amori
502 2226 760 2279 conjugiali,
786 2227 988 2280 sequitur
1018 2240 1045 2267 a
1075 2239 1210 2279 supra
1235 2225 1579 2274 demonstratis,
1603 2224 1725 2279 quod
1751 2223 1827 2265 ille

332 2290 679 2339 concubinatus,
699 2290 804 2331 dum
828 2289 878 2331 fit
900 2304 959 2331 ex
983 2290 1131 2330 causis
1153 2289 1388 2342 legitimis,
1403 2288 1550 2342 justis,
1570 2294 1617 2329 et
1641 2287 1828 2329 sonticis

331 2353 543 2403 realibus,
577 2367 668 2394 non
714 2354 773 2394 sit
809 2353 995 2394 illicitus
1029 2352 1091 2406 (n.
1121 2351 1353 2405 467—473).
1417 2350 1498 2406 (ii.)
1547 2350 1682 2404 Quod
1714 2363 1826 2392 con-

333 2418 570 2459 cubinatus
593 2417 669 2458 ille
697 2430 787 2457 non
813 2418 872 2458 sit
899 2416 1128 2470 separatio
1153 2416 1210 2456 ab
1236 2429 1391 2456 amore
1415 2413 1687 2467 conjugiali;
1719 2425 1824 2454 nam

332 2482 515 2535 quando
547 2494 711 2522 causae
744 2480 993 2533 legitimae,
1026 2485 1103 2520 aut
1130 2478 1294 2532 justae,
1323 2484 1402 2519 aut
1438 2478 1644 2519 sonticae
1679 2475 1828 2518 reales

332 2545 640 2592 intercedunt,
661 2545 870 2592 suadent,
890 2544 1096 2596 adigunt,
1117 2555 1244 2582 amor
1266 2541 1532 2594 conjugialis
1549 2554 1650 2582 cum
1668 2539 1826 2593 conju-

332 2609 409 2661 gio
427 2621 518 2648 non
536 2614 781 2660 separatur,
799 2607 878 2648 sed
897 2607 1035 2647 modo
1053 2605 1355 2659 interpolatur
1375 2619 1384 2656 ;
1411 2618 1463 2646 ac
1482 2617 1609 2646 amor
1625 2605 1825 2658 interpo-

333 2671 470 2719 latus,
498 2677 545 2712 et
564 2684 654 2711 non
672 2677 924 2723 separatus,
940 2671 984 2710 in
1002 2668 1205 2722 subjeao
1220 2675 1426 2710 remanet
1443 2681 1452 2709 t
1486 2668 1572 2709 hoc
1591 2667 1736 2709 simile
1754 2673 1827 2710 est

334 2748 436 2776 cum
452 2735 546 2782 illo,
566 2735 639 2788 qui
662 2735 706 2774 in
729 2740 883 2774 amata
900 2731 1130 2774 functione
1148 2739 1233 2781 est,
1250 2739 1296 2773 et
1319 2733 1377 2773 ab
1393 2731 1471 2772 illa
1489 2732 1731 2772 distinetur
1746 2744 1827 2785 per

334 2798 581 2846 consortia,
598 2797 671 2838 vel
687 2810 767 2850 per
780 2796 1055 2851 spectacula,
1071 2796 1146 2837 vel
1164 2809 1244 2849 per
1258 2797 1665 2849 peregrinationes,
1684 2806 1825 2847 usque

334 2874 426 2902 non
445 2861 595 2914 perdit
614 2873 816 2901 amorem
835 2859 1076 2901 functionis
1094 2873 1103 2910 ;
1135 2872 1187 2900 ac
1211 2858 1356 2899 simile
1374 2871 1475 2899 cum
1493 2858 1585 2906 illo,
1605 2858 1679 2912 qui
1699 2861 1824 2897 amat

333 2937 608 2977 generosum
631 2924 798 2971 vinum,
823 2937 977 2977 usque,
1002 2922 1108 2963 dum
1131 2935 1221 2962 non
1245 2922 1396 2962 nobile
1419 2921 1546 2969 bibit,
1571 2933 1662 2961 non
1684 2932 1823 2973 appe-

336 2994 514 3029 tentem
547 2993 732 3040 gustum
765 3000 845 3039 pro
876 2999 1103 3039 generoso
1134 2986 1295 3038 perdit.
1360 2983 1459 3039 (iii.)
1494 2983 1629 3038 Quod
1655 2995 1821 3025 concu-
