2014 3386
559 346 627 379 DE
659 344 838 378 AMORE
869 344 1294 388 CONJUGIAL1.—N.
1328 347 1418 390 132.
1673 348 1753 390 109

254 477 358 508 cum
395 478 484 519 qua
523 478 572 505 se
611 462 849 517 conjungit
887 475 1015 504 amor
1050 461 1333 516 conjugialis,
1366 461 1608 503 videantur
1639 460 1752 503 infra

257 528 321 583 (n.
355 526 580 581 163—165).
1592 534 1595 537 ’
1623 558 1630 570 ,

339 601 462 644 131.
495 589 613 645 (xii.)
646 589 712 631 Et
740 589 846 644 quia
875 589 1052 631 ecclesia
1081 595 1150 630 est
1177 603 1206 631 a
1238 588 1438 637 Domino,
1469 588 1590 642 quod
1617 588 1752 629 etiam

252 669 379 696 amor
401 653 662 709 conjugialis
686 653 749 694 sz't
772 653 829 694 ab
850 653 1134 708 Ipsa—Hoc
1157 653 1262 707 quia
1284 659 1354 694 est
1378 665 1664 706 consequens
1690 666 1750 693 ex

251 716 535 772 supradictis,
574 718 851 770 supersedeo
896 716 1164 758 confirmare
1206 716 1420 770 pluribus.
1490 716 1748 764 Praeterea,

251 781 372 836 quod
390 794 518 822 amor
539 795 645 822 vere
668 780 938 834 conjugialis
961 781 1019 822 sit
1046 794 1073 821 a
1099 780 1312 827 Domino.
1334 786 1566 821 testantur
1588 792 1749 820 omnes

250 844 404 898 angeli
430 844 572 896 caeli:
607 851 654 886 et
681 859 861 899 quoque
887 845 1008 899 quod
1034 844 1111 885 ille
1137 857 1265 885 amor
1291 844 1350 885 sit
1377 843 1626 884 secundum
1653 849 1749 884 sta-

251 915 349 950 tum
395 909 661 962 sapientiae,
700 915 747 950 et
792 915 941 950 status
986 909 1241 962 sapientiae
1278 907 1527 948 secundum
1573 913 1749 947 statum

251 972 474 1014 ecclesiae
516 972 635 1026 apud
675 972 792 1013 illos.
856 971 991 1025 Quod
1031 972 1184 1025 angeli
1225 971 1340 1012 caeli
1382 977 1615 1012 testentur
1654 970 1747 1020 illa,

250 1042 382 1090 patet
419 1050 480 1076 ex
523 1035 897 1077 Memorabilibus
929 1042 1036 1089 post
1068 1036 1235 1090 capita,
1269 1049 1385 1090 quae
1417 1041 1524 1077 sunt
1560 1035 1659 1076 visa
1701 1041 1748 1076 et

249 1099 406 1141 audita
431 1100 476 1140 in
502 1100 674 1141 mundo
699 1099 936 1154 spirituali.

250 1230 373 1274 132.
416 1219 500 1261 His
527 1219 735 1273 adjiciam
762 1219 853 1261 duo
880 1219 1208 1261 Memorabilia.
1271 1219 1467 1260 Primum
1494 1218 1580 1261 hoc
1599 1233 1671 1260 :—

321 1301 537 1349 Quondam
565 1314 655 1338 cum
682 1303 839 1339 duobus
860 1303 1012 1349 angelis
1033 1303 1192 1338 locutus
1218 1313 1327 1343 sum:
1349 1313 1451 1338 unus
1472 1309 1557 1338 erat
1585 1313 1607 1338 e
1637 1302 1748 1338 caelo

249 1355 443 1396 orientali,
455 1356 556 1392 alter
568 1367 590 1392 e
603 1356 715 1392 caelo
730 1356 1001 1396 meridionali:
1023 1356 1091 1402 qui
1102 1367 1193 1391 cum
1209 1362 1471 1402 perceperunt
1482 1356 1590 1402 quod
1605 1367 1749 1391 arcana

248 1409 468 1455 sapientiae
482 1410 531 1445 de
547 1421 681 1445 amore
695 1409 910 1456 conjugiali
925 1410 1149 1450 meditarer,
1165 1410 1364 1451 dicebant,
1378 1414 1397 1427 “
1412 1409 1582 1445 Nostine
1596 1409 1746 1455 aliquid

248 1463 299 1498 de
317 1463 422 1498 ludis
439 1463 658 1508 sapientiae
677 1463 717 1498 in
736 1470 874 1498 nostro
893 1463 1044 1498 mundo
1053 1462 1095 1499 ?''

322 1515 538 1562 Respondi,
557 1516 665 1562 quod
684 1516 875 1552 nondum.

321 1568 371 1604 Et
389 1569 585 1609 dixerunt,
605 1569 739 1604 “Sunt
757 1569 889 1615 plures
902 1569 935 1611 :”
960 1575 1002 1605 et
1019 1569 1127 1615 quod
1147 1568 1202 1604 illi
1220 1568 1288 1615 qui
1302 1575 1439 1605 amant
1452 1579 1546 1604 vera
1563 1579 1611 1604 ex
1629 1568 1747 1604 affec-

247 1621 358 1657 tione
375 1622 582 1668 spirituali,
598 1633 667 1658 seu
678 1633 773 1658 vera
786 1622 879 1668 quia
891 1633 987 1658 vera
1003 1629 1107 1662 sunt,
1123 1629 1164 1658 et
1182 1623 1275 1668 quia
1293 1633 1363 1668 per
1381 1622 1447 1657 illa
1463 1629 1524 1658 est
1538 1621 1746 1667 sapientia.

245 1675 296 1711 ad
323 1675 460 1710 datum
483 1675 641 1722 signum
663 1676 915 1717 conveniant,
937 1686 984 1711 ac
1007 1675 1204 1711 ventilent
1229 1682 1270 1711 et
1294 1675 1537 1711 concludant
1558 1675 1625 1710 illa
1645 1686 1747 1721 quae

247 1727 519 1775 profundioris
538 1727 763 1764 intellectus
782 1735 887 1765 sunt.

320 1781 381 1817 Illi
408 1788 504 1817 tunc
530 1781 827 1828 prehenderunt
848 1793 911 1817 me
938 1793 1069 1823 manu,
1097 1781 1334 1828 inquientes,
1362 1781 1571 1827 “Sequere
1597 1792 1670 1817 nos
1704 1788 1746 1817 et

245 1834 400 1870 videbis
418 1841 459 1870 et
476 1835 635 1876 audies;
662 1835 800 1870 datum
823 1842 885 1871 est
903 1835 1023 1871 hodie
1042 1835 1199 1882 signum
1218 1834 1478 1871 conventus.''

320 1888 506 1924 Ducebar
523 1900 593 1935 per
606 1889 812 1935 planitiem
827 1889 877 1924 ad
895 1889 1060 1930 collem:
1086 1896 1126 1924 et
1144 1900 1236 1924 ecce
1254 1889 1303 1924 ad
1324 1889 1466 1935 pedem
1489 1887 1603 1924 collis
1622 1888 1745 1934 porti-

245 1952 316 1977 cus
337 1953 386 1977 ex
409 1942 559 1988 palmis,
581 1942 838 1978 continuatus
860 1954 986 1989 usque
1007 1943 1056 1978 ad
1084 1943 1171 1988 ejus
1192 1949 1334 1988 caput:
1365 1942 1600 1978 intravimus
1623 1941 1744 1980 illum.

245 2002 286 2030 et
307 1996 582 2037 ascendimus:
609 2002 649 2031 et
672 1995 711 2031 in
733 1996 863 2042 capite
885 2007 954 2031 seu
975 1996 1124 2031 vertice
1146 1995 1260 2031 collis
1276 1995 1386 2031 visus
1407 2002 1468 2031 est
1490 1996 1612 2035 lucus,
1631 1995 1745 2040 cujus

245 2048 405 2084 arbores
422 2060 542 2094 super
555 2049 776 2084 elevatione
795 2049 905 2084 humi
925 2048 1151 2084 formabant
1165 2050 1270 2085 sicut
1282 2049 1497 2088 theatrum.
1515 2048 1618 2083 intra
1636 2048 1743 2094 quod

244 2108 330 2137 erat
351 2102 515 2147 planum
537 2102 682 2148 lapillis
703 2102 811 2138 varie
832 2102 1023 2138 coloratis
1043 2109 1233 2142 stratum:
1259 2102 1409 2137 circum
1432 2102 1530 2136 illud
1555 2101 1595 2136 in
1617 2101 1746 2136 forma

245 2155 440 2200 quadrata
460 2155 593 2201 posita
613 2162 727 2191 erant
752 2155 863 2196 solia,
885 2167 1006 2202 super
1030 2156 1175 2202 quibus
1200 2155 1395 2191 sedebant
1415 2162 1615 2190 amatores
1641 2154 1744 2200 sapi-

243 2207 395 2249 entiae:
416 2214 458 2243 et
472 2208 510 2243 in
526 2208 659 2244 medio
673 2209 820 2244 theatri
834 2215 920 2244 erat
933 2220 1081 2250 mensa,
1095 2219 1215 2255 super
1231 2219 1311 2255 qua
1328 2208 1504 2255 reposita
1517 2207 1592 2243 suit
1606 2207 1745 2243 charta

244 2261 375 2308 sigillo
392 2261 613 2308 obsignata.
1384 2254 1390 2262 ’

317 2314 511 2350 Sedentes
532 2326 652 2361 super
671 2314 781 2350 soliis
804 2315 1028 2350 invitabant
1054 2326 1128 2350 nos
1154 2314 1203 2350 ad
1231 2314 1332 2350 solia
1352 2313 1641 2350 adhuc'vacua.
1694 2314 1743 2349 Et

245 2367 443 2413 respondi,
467 2373 486 2386 ¹⁴
500 2367 578 2403 Hic
599 2367 742 2403 duetus
764 2379 854 2403 sum
875 2379 899 2404 a
920 2369 1076 2404 duobus
1097 2368 1259 2415 angelis,
1283 2375 1327 2403 ut
1347 2368 1506 2404 videam
1527 2374 1569 2403 et
1589 2367 1743 2403 auscul-

244 2427 338 2461 tem,
357 2427 397 2456 et
415 2431 494 2456 non
514 2428 559 2456 ut
577 2421 774 2456 sedeam.”

318 2473 367 2509 Et
380 2481 476 2509 tunc
490 2474 572 2509 bini
589 2474 643 2508 illi
658 2474 788 2520 angeli
808 2474 847 2509 in
863 2474 1039 2509 medium
1055 2474 1161 2520 plani
1176 2474 1226 2509 ad
1245 2484 1423 2509 mensam
1440 2473 1560 2513 ibant,
1575 2479 1616 2508 et
1634 2473 1742 2519 sigil-

245 2525 326 2560 lum
345 2526 507 2562 chartae
525 2527 745 2567 solvebant,
763 2533 804 2562 et
822 2537 955 2562 coram
974 2527 1206 2563 sedentibus
1224 2527 1409 2573 legebant
1426 2537 1570 2562 arcana
1587 2526 1742 2572 sapien-

244 2578 323 2615 tiae
343 2579 504 2615 chartae
527 2579 726 2626 inscripta,
745 2591 846 2626 quae
867 2591 973 2615 nunc
994 2580 1233 2616 ventilarent
1254 2587 1295 2615 et
1315 2581 1569 2619 evolverent:
1594 2579 1743 2624 scripta

244 2631 405 2667 fuerunt
423 2633 472 2668 ab
489 2633 641 2679 angelis
656 2633 762 2668 tertii
777 2633 886 2673 caeli,
901 2640 942 2668 et
960 2644 1078 2679 super
1096 2644 1272 2668 mensam
1289 2633 1473 2668 demissa.
1526 2633 1648 2668 Erant
1666 2632 1742 2666 tria

243 2695 407 2726 arcana:
439 2686 634 2726 Primum,
656 2684 763 2732 Quid
785 2686 918 2732 imago
941 2685 1028 2726 Dei,
1051 2692 1091 2722 et
1112 2686 1207 2732 quid
1230 2686 1451 2722 similitudo
1476 2685 1557 2726 Dei.
1581 2685 1619 2719 in
1641 2695 1741 2730 quas

244 2737 369 2773 homo
389 2744 544 2774 creatus
565 2745 646 2774 est:
673 2739 897 2779 Secundum,
920 2738 1001 2775 Cur
1022 2739 1145 2774 homo
1167 2750 1247 2774 non
1270 2739 1448 2774 nascitur
1470 2738 1507 2772 in
1531 2737 1740 2772 scientiam

244 2790 365 2825 ullius
381 2791 537 2831 amoris,
556 2802 646 2826 cum
666 2798 800 2827 tamen
819 2791 971 2827 bestiae
990 2798 1030 2827 et
1051 2802 1154 2832 aves,
1173 2799 1255 2827 tam
1275 2792 1429 2827 nobiles
1448 2801 1566 2836 quam
1587 2789 1741 2835 ignobi-

245 2842 313 2883 les,
328 2850 546 2878 nascuntur
559 2844 597 2878 in
616 2844 802 2880 scientias
819 2844 999 2880 omnium
1018 2855 1179 2880 suorum
1198 2855 1399 2880 amorum:
1431 2845 1615 2882 Tertium,
1631 2842 1740 2888 Quid

244 2895 442 2941 significat
463 2897 612 2932 “arbor
634 2897 777 2938 vitae,''
798 2905 839 2933 et
864 2898 960 2944 quid
984 2898 1134 2933 “arbor
1153 2897 1343 2934 scientiae
1369 2896 1464 2932 boni
1490 2903 1531 2931 et
1553 2895 1682 2937 mali,”
1699 2902 1741 2931 et

245 2947 341 2994 quid
361 2953 483 2984 “esus
500 2959 547 2984 ex
567 2949 679 2985 illis.”

318 2999 394 3037 His
411 3001 678 3048 subscriptum
697 3009 792 3044 erat,
812 3007 832 3022 ‘⁸
845 3002 1090 3050 Conjungite
1109 3003 1176 3039 illa
1191 3003 1268 3039 tria
1286 3003 1325 3038 in
1345 3013 1463 3038 unam
1483 3002 1736 3044 sententiam,
