2014 3386
317 331 398 384 366
603 358 607 361 -
763 342 1092 377 VOLUPTATES
1123 344 1368 378 INSANIAE

314 454 370 495 de
396 452 538 495 fruftu
563 454 752 505 arboris,
781 456 928 511 deque
954 456 1107 511 aliquo
1132 457 1386 509 esculento,
1414 473 1474 501 ex
1505 459 1605 502 solo
1630 460 1733 502 visu
1757 467 1806 504 et

314 515 454 567 tactu,
482 523 528 559 et
560 531 651 559 non
678 519 734 560 de
765 519 975 561 bonitate
1001 520 1095 573 ejus
1126 535 1186 562 ex
1218 535 1381 575 sapore
1412 529 1459 564 et
1490 524 1708 565 scientia:
1741 524 1807 566 ita

312 579 483 622 faciunt
514 594 674 622 omnes
705 582 779 636 qui
804 583 915 624 nihil
947 583 1004 624 de
1035 584 1228 625 internis
1254 585 1448 626 hominis
1474 586 1634 628 volunt
1660 588 1805 641 perci-

312 656 432 696 pere.
494 644 607 686 Inde
633 652 704 687 est
731 646 866 687 hodie
892 648 1079 688 vesania
1105 647 1312 701 plurium,
1339 650 1460 703 quod
1487 650 1596 691 nihil
1624 652 1731 693 mali
1761 654 1806 694 in

311 706 545 748 adulteriis
571 708 773 758 videant,
797 710 936 751 immo
962 710 1083 764 quod
1111 710 1321 765 conjugia
1346 713 1391 753 in
1416 713 1578 754 eodem
1601 714 1807 758 thalamo

312 783 414 811 cum
445 770 534 811 illis
575 771 870 825 conjungant,
904 773 991 814 hoc
1034 780 1119 823 est,
1152 775 1407 817 consimilia
1436 776 1628 830 saciant3
1675 785 1722 821 et
1761 779 1807 820 id

311 833 543 875 duntaxat
584 841 772 889 propter
807 838 1122 890 apparentiam
1155 838 1461 894 similitudinis
1501 841 1545 881 in
1586 842 1806 884 externis.

312 895 448 949 Quod
489 898 554 938 ita
594 899 667 948 sit,
701 901 901 942 convicit
932 900 1019 942 hoc
1052 902 1367 954 experientiae
1397 902 1806 946 auetoramentum.

311 959 556 1012 Quondam
593 962 651 1003 ab
687 963 863 1016 angelis
904 978 964 1004 ex
1011 964 1119 1006 orbe
1152 965 1395 1019 Europaeo
1427 969 1669 1009 convocati
1701 975 1807 1010 sunt

310 1024 483 1078 aliquot
506 1033 691 1067 centum
718 1041 777 1067 ex
805 1027 1117 1080 pollentibus
1107 1031 1304 1081 mgenio,
1329 1031 1530 1079 eruditis,
1554 1037 1601 1072 et
1627 1032 1806 1084 sapien-

309 1089 431 1129 tibus
461 1089 551 1140 ibi;
589 1096 635 1131 et
668 1092 860 1144 quaesiti
893 1092 949 1133 de
981 1093 1240 1154 discrimine
1273 1093 1469 1147 conjugii
1501 1101 1548 1135 et
1579 1094 1805 1144 adulterii,

309 1158 356 1193 et
387 1154 538 1206 rogati
570 1160 618 1195 ut
651 1154 944 1197 consulerent
970 1156 1171 1197 rationes
1198 1155 1459 1198 intellectus
1485 1158 1579 1209 sui;
1622 1164 1668 1199 et
1700 1165 1806 1212 post

309 1216 713 1266 consultationem,
738 1231 897 1259 omnes
920 1226 1101 1272 praeter
1124 1221 1298 1270 decem,
1317 1221 1665 1274 responderunt,
1685 1222 1807 1275 quod

309 1278 457 1319 solum
489 1278 566 1320 lex
592 1280 783 1321 forensis
808 1281 944 1323 faciat
970 1282 1228 1332 discrimen,
1257 1291 1444 1336 propter
1469 1284 1652 1338 aliquod
1678 1298 1805 1326 emo-

309 1341 576 1392 lumentum,
602 1345 722 1397 quod
749 1345 930 1398 quidem
954 1352 1108 1399 potest
1135 1347 1250 1396 sciri,
1276 1348 1356 1388 sed
1383 1361 1522 1402 usque
1545 1361 1805 1389 accommo-

309 1405 406 1446 dari
450 1419 531 1459 per
566 1408 855 1460 prudentiam
896 1409 1092 1451 civilem.
1155 1401 1332 1452 Deinde
1369 1411 1641 1465 interrogati
1685 1417 1804 1461 sunt,

309 1481 416 1509 num
449 1469 619 1524 aliquid
652 1471 760 1512 boni
791 1473 980 1514 videant
1011 1474 1056 1514 in
1089 1473 1312 1527 conjugio,
1342 1481 1389 1515 et
1420 1474 1588 1528 aliquid
1623 1475 1730 1516 mali
1760 1476 1806 1516 in

309 1532 563 1584 adulterio;
596 1534 849 1577 retulerunt
872 1537 993 1590 quod
1017 1551 1108 1578 non
1131 1538 1298 1592 aliquid
1321 1539 1543 1580 rationale
1566 1538 1735 1579 malum
1758 1544 1806 1580 et

309 1595 504 1638 bonum:
547 1598 756 1651 quaesiti,
774 1612 879 1640 num
897 1599 1067 1654 aliquid
1094 1602 1286 1655 peccati,
1311 1602 1541 1650 dixerunt,
1564 1601 1805 1643 “Ubinam

307 1660 382 1702 id?
414 1668 546 1703 estne
571 1661 737 1703 faetum
766 1663 911 1704 simile
926 1662 963 1703 ?''
1014 1661 1091 1704 Ad
1118 1663 1231 1705 haec
1255 1677 1489 1717 responsa,
1509 1663 1808 1717 obstupesce-

307 1725 419 1766 bant
439 1725 607 1779 angeli,
632 1732 678 1767 et
702 1726 1046 1776 exclamabant,
1068 1725 1194 1776 “Oh,
1222 1727 1368 1781 qualis
1390 1734 1437 1769 et
1459 1734 1630 1782 quanta
1655 1726 1807 1768 obesi-

310 1795 382 1828 tas
409 1789 615 1830 saeculi.’'
675 1788 848 1843 Quibus
871 1791 1052 1840 auditis,
1078 1792 1309 1832 centuriae
1335 1792 1592 1844 sapientum
1619 1804 1668 1831 se
1694 1802 1806 1831 con-

309 1857 562 1900 verterunt,
597 1859 644 1893 et
688 1853 1007 1895 cachinnando
1038 1855 1158 1895 inter
1202 1868 1250 1895 se
1297 1855 1528 1902 dixerunt,
1560 1853 1686 1894 “Est
1716 1851 1805 1894 hoc

310 1914 542 1956 obesitas?
598 1915 718 1956 Num
733 1917 883 1970 aliqua
901 1918 1124 1970 sapientia
1139 1917 1302 1958 dabilis
1318 1918 1390 1966 sit,
1408 1930 1520 1970 quae
1535 1914 1804 1966 convictriX,

310 1978 431 2030 quod
454 1991 607 2019 amare
629 1993 817 2020 uxorem
841 1980 1028 2021 alterius
1050 1987 1276 2022 mereatur
1293 1980 1634 2021 damnationem
1657 1986 1807 2021 aeter-

311 2054 416 2081 nam
431 2040 471 2082 ?''
531 2039 666 2093 Quod
700 2048 852 2083 autem
879 2043 1151 2084 adulterium
1189 2044 1247 2085 sit
1281 2043 1448 2084 malum
1475 2042 1724 2096 spirituale,
1752 2055 1806 2084 ac

310 2103 415 2145 inde
438 2103 608 2145 malum
632 2105 820 2154 morale,
841 2119 892 2147 ac
916 2106 1085 2147 malum
1109 2106 1255 2155 civile,
1279 2119 1331 2147 ac
1354 2120 1379 2147 e
1401 2106 1627 2147 diametro
1645 2111 1808 2147 contra

311 2167 584 2221 sapientiam
602 2168 806 2218 rationis,
827 2175 922 2209 tum
946 2170 1066 2223 quod
1089 2183 1216 2210 amor
1238 2169 1447 2210 adulterii
1470 2170 1528 2211 sit
1551 2184 1610 2210 ex
1633 2169 1808 2210 inferno

311 2237 357 2271 et
389 2231 446 2271 ad
478 2230 588 2271 illud
614 2232 786 2281 redeat,
813 2238 861 2273 et
893 2233 1013 2286 quod
1041 2246 1168 2274 amor
1194 2232 1390 2286 conjugii
1422 2233 1479 2273 sit
1512 2247 1571 2274 ex
1600 2232 1729 2274 caelo
1759 2238 1808 2274 et

311 2294 368 2334 ad
391 2294 478 2335 hoc
497 2295 670 2344 redeat,
690 2296 733 2336 in
753 2297 897 2349 primo
915 2297 1065 2350 capite
1088 2296 1216 2350 hujus
1235 2297 1394 2345 Partis,
1416 2296 1485 2337 De
1505 2295 1807 2350 Oppositione

311 2356 498 2399 Amoris
530 2360 789 2400 scortatorii
821 2365 868 2401 et
909 2359 1096 2401 Amoris
1128 2359 1408 2413 conjugialis,
1441 2361 1807 2401 demonstratum

311 2427 395 2462 est.
457 2421 546 2463 Sed
578 2423 683 2476 quia
713 2423 866 2464 omnia
896 2424 1018 2465 mala
1048 2424 1163 2465 sicut
1196 2424 1348 2464 omnia
1373 2425 1493 2465 bona
1521 2423 1807 2465 latitudinem

312 2490 358 2525 et
399 2484 690 2527 altitudinem
717 2487 980 2535 sortiuntur,
1009 2500 1060 2528 ac
1101 2487 1351 2528 secundum
1380 2487 1669 2528 latitudinem
1701 2492 1807 2527 sunt

311 2547 399 2588 illis
417 2561 600 2601 genera,
620 2557 666 2591 et
689 2551 938 2591 secundum
957 2550 1246 2592 altitudinem
1270 2557 1374 2592 sunt
1398 2551 1485 2591 illis
1502 2550 1683 2604 gradus,
1703 2549 1807 2590 ideo

312 2617 361 2652 ut
388 2612 612 2654 adulteria
638 2614 787 2667 quoad
811 2620 1048 2668 utramque
1074 2614 1406 2655 dimensionem
1428 2619 1689 2662 noscantur,
1714 2612 1806 2653 dis-

311 2682 556 2729 pescentur
586 2677 662 2717 illa
694 2678 885 2731 primum
928 2678 971 2719 in
1013 2691 1093 2718 sua
1123 2691 1308 2731 genera,
1341 2684 1388 2719 et
1424 2683 1587 2731 postea
1625 2676 1670 2717 in
1701 2689 1807 2717 suos

311 2739 509 2792 gradus;
550 2740 671 2794 quod
700 2741 778 2783 fiet
804 2742 848 2782 in
875 2741 959 2783 hac
986 2742 1100 2783 serie
1118 2755 1188 2782 :—

551 2845 606 2890 (i.)
644 2846 759 2892 Quod
770 2848 853 2881 tria
863 2858 1012 2893 genera
1031 2847 1315 2882 adulteriorum
1332 2849 1422 2887 sint,
1439 2846 1613 2892 simplex,
1631 2845 1807 2891 duplica-

737 2898 830 2933 tum,
849 2899 886 2928 et
903 2895 1161 2940 triplicatum.

537 2939 608 2984 (ii.)
645 2940 761 2986 Quod
769 2938 1007 2975 adulterium
1018 2941 1181 2986 simplex
1193 2942 1245 2975 sit
1256 2942 1345 2975 viri
1354 2940 1507 2976 caelibis
1517 2951 1601 2975 cum
1617 2950 1736 2974 uxore
1747 2938 1806 2974 al-

739 2989 870 3029 terius,
885 2993 955 3023 aut
960 2988 1141 3035 feminae
1154 2989 1343 3033 innuptae
1358 2998 1445 3023 cum
1459 2988 1602 3022 marito
1614 2986 1787 3022 alterius.
