2014 3386
339 378 362 407 2
371 367 421 418 58
804 376 1046 409 DELICIAE
1077 375 1397 408 SAPIENTIAE·

338 497 379 526 et
397 496 489 536 post
506 490 580 526 hos
595 490 754 536 reliqui;
780 496 821 526 et
838 501 928 526 curn
944 490 1090 537 egressi
1104 496 1208 531 sunt.
1224 490 1465 526 secedebant
1478 491 1527 526 ad
1545 491 1670 527 latera
1683 491 1831 527 circum

339 544 515 584 domum,
537 543 604 578 ubi
626 551 740 578 erant
759 545 985 579 ambulacra
1006 542 1288 579 circumcinfta
1306 544 1498 585 arbustis;
1532 550 1574 579 et
1595 544 1649 579 ibi
1669 555 1834 591 congre-

338 597 421 643 gati
440 596 675 632 dividebant
693 607 734 632 se
753 596 792 631 in
807 596 970 643 exiguas
987 603 1150 637 turmas,
1168 596 1339 632 totidem
1357 597 1560 632 consortia
1575 597 1767 643 juvenum
1784 598 1834 634 de

338 650 455 685 rebus
489 649 709 695 sapientiae
734 649 1085 690 confabulantium,
1113 649 1153 684 in
1179 660 1347 696 quorum
1373 650 1598 696 unoquovis
1622 656 1708 686 erat
1732 661 1835 686 unus

339 702 497 749 sapiens
515 713 564 738 ex
582 702 797 738 orchestra.

413 755 488 791 His
514 766 535 791 e
557 755 778 790 diversorio
804 765 828 790 a
853 766 917 790 me
937 754 1044 795 visis,
1062 753 1189 790 faetus
1207 765 1293 790 sum
1320 755 1359 790 in
1386 755 1539 801 spiritu,
1557 766 1603 791 ac
1629 755 1669 790 in
1695 755 1834 802 spiritu

339 807 444 843 exivi
463 808 513 843 ad
529 808 627 848 illos,
643 814 683 843 et
700 807 848 844 accessi
869 808 919 843 ad
937 808 1305 849 archididascalum,
1320 808 1388 854 qui
1410 819 1537 854 nuper
1557 808 1764 855 problema
1784 809 1834 843 de

338 861 473 896 anima
490 867 762 907 proposuerat.

414 914 492 950 Hic
513 925 605 949 cum
627 925 691 949 me
711 914 832 954 vidit„
842 913 953 954 dixit,
973 912 1104 960 “Quis
1121 913 1194 949 es?
1221 913 1385 949 miratus
1403 925 1490 949 sum
1511 925 1602 949 cum
1623 913 1707 949 vidi
1727 920 1769 949 te
1795 913 1834 948 in

339 966 404 1002 via
433 967 703 1008 accedentem,
726 968 833 1014 quod
861 977 967 1002 nunc
997 966 1182 1002 incideris
1213 967 1253 1001 in
1283 965 1541 1012 conspec‘tum
1564 978 1708 1007 meum,
1731 977 1837 1001 nunc

298 1066 300 1069 v
339 1019 532 1055 excideris
550 1030 600 1055 ex
618 1020 697 1061 illo,
716 1031 786 1055 seu
805 1020 913 1066 quod
939 1030 1046 1055 nunc
1064 1019 1161 1054 mihi
1182 1020 1289 1055 visus
1310 1020 1374 1060 sis,
1393 1026 1434 1054 et
1454 1019 1588 1055 subito
1609 1031 1689 1055 non
1707 1019 1837 1059 visus:

339 1079 446 1108 certe
465 1083 546 1108 non
567 1084 610 1109 es
632 1072 672 1108 in
694 1071 801 1108 statu
818 1073 925 1108 vitae
943 1072 1219 1108 nostratium.”

413 1126 478 1161 Ad
509 1126 609 1161 haec
637 1125 846 1162 subridens
868 1126 1067 1172 respondi,
1090 1125 1215 1161 “Non
1246 1137 1334 1161 sum
1355 1124 1478 1166 ludio,
1500 1136 1573 1161 nec
1592 1131 1837 1164 vertumnus,

341 1179 411 1214 sed
433 1190 521 1214 sum
543 1179 730 1219 alternus,
750 1190 856 1215 nunc
879 1178 919 1214 in
941 1179 1029 1214 luce
1046 1185 1190 1219 vestra,
1209 1185 1249 1214 et
1271 1189 1377 1214 nunc
1399 1178 1438 1213 in
1460 1179 1600 1213 umbra
1616 1185 1760 1219 vestra,
1784 1179 1838 1213 ita

341 1232 572 1278 peregrinus
590 1239 631 1267 et
649 1243 809 1278 quoque
827 1230 1049 1278 indigena.''

413 1285 479 1319 Ad
506 1285 605 1320 haec
629 1285 966 1320 archididascalus
990 1284 1146 1331 aspexit
1171 1295 1245 1325 me,
1267 1290 1308 1320 et
1333 1284 1445 1325 dixit,
1468 1289 1488 1302 ‘¹
1502 1283 1694 1331 Loqueris
1709 1283 1839 1319 aliena

340 1344 381 1373 et
400 1337 520 1379 mira;
547 1338 612 1373 dic
633 1337 731 1372 mihi
749 1338 838 1384 quis
855 1337 934 1373 es.''

416 1391 466 1426 Et
484 1390 577 1432 dixi,
598 1395 619 1410 “
634 1390 730 1426 Sum
753 1391 792 1426 in
815 1390 965 1426 mundo
988 1390 1027 1425 in
1049 1401 1129 1436 quo
1147 1400 1219 1426 vos
1238 1389 1379 1430 fuistis,
1402 1396 1444 1425 et
1464 1401 1485 1426 e
1506 1401 1586 1436 quo
1606 1401 1676 1426 vos
1696 1389 1839 1426 exivis-

341 1443 405 1484 tis,
420 1443 488 1490 qui
506 1450 672 1479 vocatur
686 1444 860 1478 mundus
875 1443 1077 1484 naturalis,
1093 1450 1133 1479 et
1151 1454 1310 1489 quoque
1324 1454 1410 1478 sum
1433 1443 1471 1478 in
1492 1443 1643 1478 mundo
1662 1443 1700 1478 in
1719 1453 1837 1489 quem

345 1508 417 1533 vos
442 1497 619 1538 venistis,
638 1503 679 1532 et
705 1496 744 1532 in
769 1507 850 1543 quo
876 1496 984 1536 estis,
1002 1496 1070 1542 qui
1091 1503 1262 1532 vocatur
1283 1496 1455 1531 mundus
1476 1496 1713 1542 spiritualis:
1747 1495 1840 1531 inde

344 1557 405 1585 est
423 1550 531 1596 quod
550 1550 625 1586 sim
647 1549 687 1584 in
708 1555 816 1585 statu
835 1549 1015 1589 naturali,
1035 1556 1076 1585 et
1100 1549 1217 1585 simul
1239 1549 1278 1584 in
1300 1556 1409 1584 statu
1429 1549 1644 1595 spirituali3
1671 1549 1710 1584 in
1731 1555 1838 1585 statu

345 1603 512 1638 naturali
531 1614 622 1638 cum
642 1603 872 1638 hominibus
890 1603 1053 1642 telluris,
1072 1609 1113 1638 et
1131 1602 1170 1637 in
1189 1608 1297 1638 statu
1315 1602 1510 1647 spirituali
1528 1613 1619 1638 cum
1637 1602 1774 1643 vobis:
1799 1609 1840 1638 et

341 1656 507 1702 quando
530 1656 569 1691 in
590 1662 698 1691 statu
717 1655 888 1691 naturali
907 1667 1006 1696 sum,
1026 1666 1106 1691 non
1124 1655 1266 1691 videor
1282 1655 1407 1696 vobis,
1426 1662 1468 1690 at
1488 1655 1649 1701 quando
1671 1655 1710 1690 in
1732 1661 1839 1691 statu

341 1709 553 1755 spirituali,
574 1709 734 1750 videor;
767 1708 875 1755 quod
897 1709 988 1744 talis
1013 1708 1099 1749 sim,
1122 1708 1261 1744 datum
1288 1714 1349 1744 est
1374 1719 1397 1743 a
1419 1707 1608 1744 Domino.
1657 1707 1760 1749 Tibi,
1779 1708 1841 1743 vir

344 1762 551 1803 illustrate,
570 1769 711 1797 notum
738 1768 801 1797 est
823 1762 930 1807 quod
951 1761 1073 1796 homo
1092 1761 1230 1796 mundi
1249 1761 1439 1796 naturalis
1458 1772 1539 1796 non
1556 1761 1693 1797 videat
1710 1761 1839 1797 homi·

345 1826 435 1850 nem
462 1815 602 1850 mundi
629 1814 856 1860 spiritualis,
883 1825 957 1850 nec
982 1814 1182 1856 vicissim;
1215 1826 1337 1860 quare
1363 1825 1455 1849 cum
1483 1814 1628 1850 immisi
1655 1813 1837 1860 spiritum

345 1879 478 1903 meum
499 1868 536 1903 in
557 1879 712 1913 corpus,
728 1879 809 1903 non
827 1868 900 1903 tibi
915 1868 1022 1903 visus
1037 1878 1146 1903 sum:
1171 1868 1241 1903 sed
1255 1879 1346 1902 cum
1362 1867 1475 1903 emisi
1495 1867 1605 1902 illum
1624 1878 1646 1903 e
1663 1877 1839 1913 corpore,

345 1921 453 1956 visus
471 1932 572 1956 sum.
623 1920 805 1956 Docuisti
823 1920 943 1956 etiam
967 1921 1006 1955 in
1028 1921 1124 1956 ludo
1145 1920 1411 1967 gymnasiaco,
1430 1921 1537 1966 quod
1554 1930 1628 1956 vos
1649 1919 1736 1956 sitis
1756 1919 1841 1955 ani-

346 1984 443 2014 mae,
466 1980 506 2009 et
536 1974 643 2019 quod
669 1973 825 2008 animae
845 1973 1009 2008 videant
1029 1973 1191 2014 animas,
1212 1973 1306 2019 quia
1331 1979 1424 2008 sunt
1450 1972 1601 2008 formae
1623 1972 1841 2014 humanae;

345 2033 387 2062 et
408 2026 527 2067 nosti,
550 2026 658 2072 quod
682 2037 762 2061 non
783 2025 963 2062 videritis
982 2037 1055 2061 vos
1081 2037 1150 2061 seu
1177 2026 1330 2061 animas
1350 2032 1501 2061 vestras
1527 2025 1566 2060 in
1593 2025 1736 2061 vestris
1756 2036 1843 2061 cor-

344 2078 519 2125 poribus,
538 2089 628 2113 cum
650 2077 780 2113 fuistis
803 2078 842 2112 in
865 2078 1016 2113 mundo
1038 2077 1233 2118 naturali:
1258 2084 1299 2112 at
1320 2077 1398 2113 hoc
1418 2077 1553 2113 existit
1574 2083 1738 2124 propter
1762 2077 1840 2113 dis-

345 2131 495 2167 crimen
514 2131 621 2177 quod
640 2138 701 2166 est
719 2131 822 2166 inter
839 2130 1043 2176 spirituale
1061 2137 1102 2166 et
1120 2130 1338 2166 naturale.”

420 2183 491 2220 Ille
521 2195 612 2219 cum
643 2184 798 2219 audivit
825 2184 1038 2219 discrimen
1069 2184 1172 2219 inter
1200 2183 1405 2229 spirituale
1438 2189 1479 2219 et
1512 2184 1703 2224 naturale,
1729 2183 1841 2223 dixit,

346 2236 485 2285 “Quid
507 2236 749 2273 discrimen?
779 2243 892 2272 estne
918 2237 957 2272 id
979 2237 1082 2272 sicut
1104 2236 1208 2272 inter
1229 2248 1370 2283 purum
1393 2237 1519 2283 magis
1539 2243 1580 2272 et
1601 2235 1758 2272 minus?
1788 2237 1843 2272 ita

343 2291 440 2338 quid
459 2290 664 2337 spirituale
683 2290 756 2326 nisi
776 2290 912 2336 purius
930 2291 1110 2325 naturale
1125 2289 1164 2326 ?’¹

419 2343 467 2379 Et
489 2343 686 2389 respondi,
711 2348 731 2362 “
745 2343 969 2379 Discrimen
991 2353 1071 2378 non
1094 2342 1174 2377 tale
1195 2348 1266 2382 est,
1288 2342 1358 2377 sed
1385 2348 1447 2378 est
1473 2342 1588 2388 quale
1610 2342 1714 2378 inter
1735 2342 1842 2388 prius

344 2403 385 2433 et
411 2397 620 2443 posterius,
644 2396 748 2432 inter
771 2406 873 2443 quae
901 2396 1004 2431 ratio
1025 2395 1138 2431 finita
1163 2406 1243 2430 non
1270 2395 1411 2436 datur;
1445 2402 1506 2431 est
1532 2395 1637 2431 enim
1664 2395 1773 2442 prius
1802 2395 1840 2430 in

345 2450 570 2497 posteriori,
586 2456 632 2485 ut
649 2460 769 2485 causa
787 2449 826 2484 in
841 2458 914 2485 suo
928 2448 1083 2489 effefiu,
1096 2459 1142 2483 ac
1160 2448 1357 2494 posterius
1370 2455 1432 2484 est
1449 2459 1497 2484 ex
1516 2448 1646 2494 priori,
1664 2455 1710 2484 ut
1724 2447 1842 2484 effec-

344 2510 409 2539 tus
427 2514 477 2538 ex
494 2514 567 2538 sua
584 2514 722 2544 causa;
750 2503 842 2538 inde
857 2508 918 2538 est
934 2502 1042 2548 quod
1061 2512 1184 2536 unum
1204 2512 1285 2536 non
1303 2508 1493 2547 appareat
1510 2501 1661 2537 alteri.”

417 2555 482 2591 Ad
502 2556 601 2591 haec
619 2556 720 2591 dixit
738 2555 1085 2593 archididascalus.
1106 2559 1126 2572 ·‘
1140 2554 1358 2590 Meditatus
1376 2561 1417 2589 et
1436 2555 1660 2590 ruminatus
1681 2565 1769 2590 sum
1791 2554 1841 2589 de

345 2609 422 2645 hoc
439 2609 678 2648 discrimine,
698 2609 767 2644 sed
787 2609 865 2643 huc
883 2618 1008 2654 usque
1027 2607 1066 2642 in
1083 2617 1251 2647 vanum;
1277 2607 1430 2642 utinam
1452 2608 1490 2642 id
1510 2606 1760 2653 percepero.”

420 2662 470 2697 Et
489 2661 582 2701 dixi,
599 2666 618 2679 “
634 2661 724 2697 Non
745 2662 868 2696 modo
881 2659 1096 2696 discrimen
1116 2660 1219 2695 inter
1236 2660 1443 2705 spirituale
1462 2667 1502 2696 et
1522 2660 1702 2695 naturale
1717 2659 1842 2706 perci-

347 2716 440 2763 pies,
459 2715 529 2751 sed
548 2715 669 2750 etiam
681 2714 871 2751 videbis.''
907 2714 957 2750 Et
970 2721 1066 2750 tunc
1084 2713 1164 2749 dixi
1180 2713 1299 2749 haec:
1325 2719 1346 2732 ‘⁴
1359 2714 1419 2748 Tu
1434 2725 1476 2749 es
1498 2714 1536 2749 in
1558 2720 1664 2749 statu
1683 2713 1841 2760 spiritu-

346 2769 397 2805 ali
417 2769 511 2804 dum
530 2768 634 2814 apud
653 2774 756 2808 tuos,
769 2774 811 2803 at
828 2767 867 2802 in
889 2774 994 2803 statu
1016 2766 1183 2801 naturali
1201 2767 1305 2812 apud
1328 2778 1412 2808 me;
1437 2766 1610 2812 loqueris
1623 2766 1729 2802 enim
1747 2777 1838 2802 cum

346 2822 427 2858 tuis
444 2821 580 2867 lingua
597 2820 801 2866 spirituali,
820 2831 923 2866 quae
940 2826 1000 2855 est
1020 2819 1244 2855 communis
1264 2819 1374 2855 omni
1395 2819 1548 2865 spiritui
1567 2825 1609 2855 et
1628 2819 1782 2866 angelo,
1800 2826 1842 2854 at

347 2886 437 2910 cum
451 2885 514 2910 me
527 2873 700 2919 loqueris
714 2873 848 2919 lingua
860 2872 1184 2912 meavernacu1a;
1206 2883 1295 2907 nam
1311 2872 1441 2907 omnis
1454 2872 1614 2918 spiritus
1625 2878 1665 2908 et
1677 2872 1841 2918 angelus

348 2929 518 2973 loquens
535 2937 625 2962 cum
644 2926 807 2961 homine
824 2925 1004 2972 loquitur
1020 2925 1107 2971 ejus
1120 2924 1295 2970 linguam
1315 2925 1526 2970 propriam,
1546 2925 1600 2960 ita
1617 2935 1705 2959 cum
1726 2924 1841 2960 Gallo

349 2980 552 3020 Gallicam,
571 2990 662 3014 cum
689 2979 823 3025 Anglo
848 2978 1069 3025 Anglicam,
1088 2988 1178 3012 cum
1206 2977 1358 3012 Graeco
1375 2977 1576 3017 Graecam,
1591 2988 1682 3013 cum
1710 2977 1840 3012 Arabe

350 3033 573 3074 Arabicam,
592 3038 632 3068 et
649 3032 707 3068 sic
724 3042 865 3078 porro:
890 3037 935 3067 ut
956 3031 1089 3077 itaque
1108 3030 1208 3066 scias
1226 3030 1437 3065 discrimen
1459 3029 1560 3065 inter
1581 3029 1781 3076 spirituale
1802 3037 1841 3065 et
