2014 3386
518 337 584 369 DE
617 335 797 369 AMORE
829 333 1310 368 SCORTATOR1o.—-N.
1343 334 1435 377 509.
1645 324 1727 376 389

227 466 275 494 se
301 451 420 506 apud
452 451 556 493 illos
582 451 656 505 qui
682 451 727 491 in
754 449 1069 491 adolescentia
1100 448 1366 489 relaxarunt
1393 445 1573 488 vincula
1599 445 1728 499 pudi-

226 516 375 564 citiae,
403 521 450 556 et
477 515 639 569 quibus
665 514 796 567 copia
822 514 1111 555 meretricum
1138 525 1230 553 non
1257 511 1414 560 defuit,
1442 510 1661 564 imprimis
1692 509 1729 550 si

227 592 310 620 nec
343 578 580 632 opulentia
605 577 900 631 impendendi
925 583 1167 631 quaestus:
1200 575 1319 616 hane
1346 575 1582 616 libidinem
1608 574 1728 614 inse-

225 648 329 683 runt
351 648 397 683 et
420 642 667 683 irradicant
689 641 774 681 sibi
796 653 877 694 per
897 640 1180 681 inordinatas
1203 645 1251 680 et
1273 638 1529 679 illimitatas
1552 643 1728 678 scorta-

224 707 387 755 tiones,
412 712 459 747 et
486 718 566 759 per
591 705 901 758 cogitationes
927 703 1091 745 nullius
1113 702 1298 757 pudoris
1324 702 1380 743 de
1407 714 1561 742 amore
1587 714 1728 742 sexus

223 769 438 818 feminini,
471 775 520 810 et
559 782 639 822 per
675 767 1047 810 confirmationes
1087 766 1209 821 quod
1241 766 1468 807 adulteria
1509 778 1599 806 non
1636 765 1727 805 sint

224 833 357 882 mala,
382 839 430 874 et
453 845 635 885 prorsus
657 845 748 872 non
771 837 976 885 peccata.
1039 830 1168 872 Haec
1191 829 1334 871 libido
1355 829 1475 883 apud
1498 828 1600 869 illos
1623 841 1726 881 pro-

223 896 477 950 grediendo
503 895 682 945 crescit,
710 909 851 949 usque
877 900 926 936 ut
955 894 1146 936 feminas
1171 894 1316 936 totius
1342 893 1498 934 mundi
1524 893 1725 946 cupiant,

222 973 275 1001 ac
308 967 358 1002 ut
388 959 533 1000 velint
559 966 748 1009 turmas,
776 972 828 1000 ac
861 972 996 1000 unam
1030 970 1197 1000 novam
1224 957 1432 999 cottidie.
1495 955 1726 1010 Quoniam

222 1023 337 1064 haec
360 1023 501 1064 libido
523 1022 644 1076 ejicit
667 1036 715 1064 se
733 1036 794 1063 ex
815 1034 972 1063 amore
994 1035 1132 1063 sexus
1150 1021 1379 1063 communi
1397 1021 1536 1062 cuivis
1554 1019 1726 1061 homini

222 1086 514 1140 implantato,
539 1092 587 1128 et
610 1099 793 1140 prorsus
819 1099 880 1126 ex
902 1098 1056 1126 amore
1078 1085 1207 1125 unius
1233 1098 1258 1126 e
1284 1098 1399 1125 sexu
1421 1083 1495 1138 qui
1518 1089 1588 1124 est
1614 1096 1724 1138 con-

217 1149 412 1204 jugialis‚
432 1163 484 1191 ac
511 1149 652 1203 injicit
677 1163 725 1191 se
751 1149 796 1191 in
818 1148 970 1190 cordis
992 1149 1225 1190 exteriora
1247 1154 1296 1189 ut
1322 1147 1536 1188 delicium
1559 1146 1725 1188 amoris

222 1219 484 1267 separatum
510 1214 568 1254 ab
593 1212 697 1261 illis,
725 1218 774 1254 et
799 1218 955 1254 tamen
982 1226 1042 1253 ex
1068 1211 1171 1261 illis,
1195 1211 1299 1252 ideo
1321 1211 1588 1252 irradicatur
1609 1211 1724 1252 cuti-

223 1276 336 1318 culis
367 1283 463 1318 tam
495 1277 691 1330 penituS,
719 1282 770 1317 ut
801 1282 1046 1329 postquam
1079 1274 1383 1328 elanguerunt
1415 1275 1547 1324 vires,
1575 1287 1723 1315 rema-

222 1347 330 1381 neat
362 1341 406 1381 in
434 1338 573 1381 tactu.
636 1339 699 1380 Hi
725 1339 853 1380 nihili
878 1339 1048 1380 faciunt
1075 1338 1326 1389 adulteria;
1364 1352 1501 1392 quare
1533 1338 1590 1379 de
1622 1344 1725 1379 toto

222 1417 337 1445 sexu
369 1403 584 1444 feminino
615 1403 827 1456 cogitant
858 1402 975 1443 sicut
1022 1402 1078 1443 de
1118 1401 1349 1443 communi
1380 1407 1549 1450 scorto,
1582 1407 1630 1442 et
1667 1402 1724 1443 de

222 1466 434 1520 conjugio
466 1467 582 1508 sicut
614 1466 672 1507 de
705 1466 935 1507 communi
961 1466 1269 1515 merefflcatu,
1304 1472 1352 1506 et
1389 1466 1451 1506 sic
1484 1465 1722 1518 impudici-

221 1531 332 1571 tiam
355 1531 614 1571 immiscent
636 1530 896 1583 pudicitiae,
920 1536 967 1571 et
989 1543 1049 1571 ex
1073 1530 1222 1570 mixto
1244 1530 1488 1570 insaniunt.
1550 1528 1625 1569 Ex
1652 1529 1722 1569 his

221 1600 351 1646 patet
378 1594 484 1648 quid
512 1607 592 1647 per
617 1593 852 1635 libidinem
877 1593 1152 1634 varietatum
1183 1592 1256 1634 hic
1287 1592 1572 1646 intelligitur,
1602 1592 1723 1646 quod

221 1656 364 1698 libido
390 1657 684 1698 scortationis
711 1670 892 1710 prorsus
918 1655 1155 1698 dissoluta.

304 1719 444 1773 508.
477 1719 562 1774 (ii.)
599 1719 728 1771 Quod
746 1719 882 1762 libido
905 1719 989 1761 illa
1013 1719 1075 1761 sit
1098 1733 1225 1761 amor
1253 1726 1296 1761 et
1324 1719 1464 1761 simul
1472 1719 1723 1772 fastidium

215 1790 303 1837 pro
327 1783 598 1825 sexu.-Est
620 1783 708 1825 illis
731 1797 858 1825 amor
883 1796 965 1837 pro
987 1797 1101 1824 sexu
1124 1784 1228 1837 quia
1253 1797 1313 1824 ex
1340 1797 1455 1824 sexu
1477 1790 1547 1824 est
1574 1783 1721 1823 varie-

220 1853 306 1896 tas,
334 1852 381 1887 et
413 1853 483 1888 est
510 1846 741 1890 fastidium
768 1861 850 1901 pro
875 1860 990 1888 sexu
1012 1847 1114 1901 quia
1141 1853 1246 1900 post
1273 1846 1472 1888 libamen
1499 1846 1719 1900 rejiciunt,

220 1922 272 1950 ac
305 1909 603 1951 libidinantur
632 1910 691 1951 ad
722 1910 861 1951 alias:
901 1910 1102 1951 obscena
1132 1909 1244 1951 haec
1277 1909 1419 1951 libido
1450 1916 1631 1951 aestuat
1662 1910 1720 1951 ad

219 1973 432 2014 feminam
474 1986 656 2022 novam,
689 1979 736 2015 et
776 1979 882 2028 post
909 1980 1086 2014 aestum
1126 1973 1329 2027 frigescit
1369 1973 1427 2014 ad
1467 1972 1620 2023 illam3
1666 1986 1720 2014 ac

219 2036 358 2090 frigus
397 2043 469 2079 est
507 2037 751 2078 fastidium.
813 2035 948 2090 Quod
975 2036 1118 2078 libido
1149 2037 1227 2078 illa
1258 2037 1318 2078 sit
1348 2050 1475 2078 amor
1506 2043 1553 2078 et
1587 2036 1720 2077 simul

219 2100 454 2141 fastidium
495 2114 576 2154 pro
616 2114 747 2150 sexu,
775 2100 992 2142 illustrari
1033 2107 1190 2154 potest
1223 2101 1314 2141 ita:
1363 2114 1482 2154 pone
1522 2114 1550 2141 a
1590 2107 1720 2153 parte

219 2163 402 2205 sinistra
433 2163 670 2205 cohortem
711 2178 771 2205 ex
813 2163 966 2205 libatis
1005 2164 1063 2204 ab
1101 2163 1202 2213 illis,
1235 2170 1282 2205 et
1322 2178 1349 2205 a
1390 2171 1519 2217 parte
1551 2164 1721 2204 dextra

220 2227 458 2268 cohortem
481 2241 540 2269 ex
564 2241 654 2269 non
673 2228 841 2276 libatis,
862 2241 1029 2269 numne
1047 2227 1164 2269 hanc
1182 2229 1440 2281 aspicerent
1463 2242 1522 2268 ex
1547 2241 1716 2276 amore,

219 2289 344 2331 illam
384 2297 538 2332 autem
578 2305 638 2332 ex
677 2291 891 2333 fastidio?
937 2298 984 2334 et
1024 2297 1181 2333 tamen
1213 2298 1402 2345 utraque
1443 2291 1607 2332 cohors
1647 2299 1719 2333 est

219 2366 370 2394 sexuS.

302 2427 442 2471 509.
486 2415 583 2471 (iii.)
629 2416 759 2469 Quod
783 2417 920 2460 libido
949 2418 1030 2460 illa
1054 2425 1248 2471 prorsus
1279 2417 1497 2459 adnihilet
1525 2432 1719 2459 amorem

217 2480 506 2536 conjugialem
535 2482 662 2534 apud
685 2495 745 2532 se,
778 2489 850 2524 est
881 2483 985 2536 quia
1017 2482 1157 2523 libido
1188 2482 1267 2523 illa
1297 2483 1441 2523 amori
1473 2481 1716 2535 conjugiali

219 2557 400 2598 prorsus
425 2545 639 2598 opposita
663 2551 748 2594 est,
775 2558 827 2587 ac
859 2546 924 2587 ita
949 2546 1162 2599 opposita
1187 2552 1236 2586 ut
1269 2559 1360 2586 non
1387 2546 1525 2586 modo
1548 2546 1716 2586 discin-

219 2607 301 2648 dat
323 2606 464 2657 illum,
493 2608 574 2649 sed
606 2609 732 2662 quasi
763 2609 1014 2651 commolat
1046 2609 1172 2650 illum
1212 2609 1256 2649 in
1289 2609 1536 2662 pulverem,
1565 2614 1611 2649 et
1651 2609 1714 2649 sic

218 2670 468 2712 adnihilet:
521 2684 625 2712 nam
657 2685 785 2714 amor
820 2672 1087 2726 conjugialis
1127 2679 1198 2714 est
1238 2673 1296 2714 ad
1333 2685 1469 2726 unam
1511 2686 1535 2713 e
1572 2685 1713 2723 sexu3

218 2734 358 2776 libido
380 2740 532 2776 autem
559 2734 638 2776 illa
660 2748 750 2776 non
775 2743 976 2779 moratur
993 2736 1112 2789 apud
1141 2749 1291 2785 unam,
1316 2736 1395 2777 sed
1422 2741 1528 2789 post
1554 2735 1714 2776 horam

219 2803 297 2839 aut
325 2798 445 2838 diem
472 2798 724 2839 intenditur
748 2799 911 2852 frigore
938 2800 1054 2840 sicut
1086 2805 1214 2840 aestu
1241 2800 1361 2852 prius
1403 2812 1483 2852 pro
1520 2798 1623 2849 illa;
1666 2805 1713 2841 et

217 2860 320 2914 quia
345 2860 483 2913 frigus
508 2867 580 2902 est
606 2861 849 2911 fastidium,
876 2862 964 2903 hoc
991 2876 1071 2915 per
1097 2861 1489 2903 cohabitationem
1516 2868 1563 2903 et
1587 2875 1713 2903 com-

218 2924 519 2965 morationem
554 2922 760 2966 coactam
798 2933 1094 2967 coacervatur
1127 2939 1267 2979 usque
1305 2926 1362 2966 ad
1404 2938 1632 2974 nauseam,
1664 2931 1711 2967 et

219 2987 280 3028 sic
316 3000 443 3028 amor
474 2986 741 3041 conjugialis
772 2990 1052 3030 consumitur
1091 2988 1135 3029 in
1172 2994 1354 3030 tantum
1384 2995 1433 3030 ut
1474 2988 1586 3029 nihil
1618 2987 1711 3042 ejus
