2014 3386
414 317 434 324 ,-

615 330 683 363 DE
714 329 893 363 AMORE
924 330 1348 374 CONJUG1AL1.—N.
1375 334 1468 378 355.
1699 328 1777 369 281

287 442 347 480 ori
365 454 420 484 se,
434 449 476 479 et
494 443 620 479 locuti
640 454 690 479 ex
710 444 954 491 argumentis
971 456 1074 492 quae
1093 445 1201 481 intus
1218 445 1403 482 foverant
1427 458 1500 493 pro
1522 447 1786 495 intelligentia

287 496 458 543 propria.
510 496 571 532 Eo
588 504 795 533 momento
808 498 994 544 apparuit
1011 499 1128 534 arbor
1140 499 1246 534 circa
1264 499 1370 534 viam
1385 511 1393 541 ;
1418 506 1460 535 et
1473 501 1681 536 dicebatur
1695 502 1783 542 illis,

284 554 305 568 “
322 550 392 586 Est
409 551 527 586 arbor
543 550 735 586 scientiae
748 552 845 587 boni
860 559 901 587 et
919 552 1033 594 mali:
1054 559 1192 588 cavete
1206 553 1321 588 vobis
1339 564 1389 589 ne
1407 553 1535 589 edatis
1550 554 1599 589 ab
1615 554 1725 596 illa;’'
1742 563 1784 590 at

286 614 412 649 usque
444 610 525 639 tres
563 603 620 639 illi
654 604 838 640 infatuati
869 605 1027 651 propria
1060 605 1326 652 intelligentia
1354 613 1537 642 arserunt
1562 607 1783 653 cupiditate

282 657 431 692 edendi
443 667 492 692 ex
511 657 587 697 illa,
599 664 641 692 et
654 658 842 693 dicebant
857 658 961 694 inter
970 670 1022 699 se,
1038 664 1058 677 ‘⁴
1072 658 1154 696 Cur
1167 670 1248 694 non
1261 659 1277 695 ?
1301 660 1423 695 Estne
1435 661 1564 696 bonus
1582 660 1732 697 fruetus
1743 661 1783 697 ?’'

285 709 336 744 Et
356 717 613 746 accesserunt
637 717 680 746 et
705 711 885 747 ederunt.
936 711 1130 747 Actutum
1155 718 1263 753 tunc,
1282 719 1363 748 tres
1391 713 1458 753 illi,
1477 713 1571 758 quia
1597 713 1636 748 in
1662 714 1782 749 simili

283 762 362 798 fide
380 762 553 803 fuerunt,
572 763 690 799 amici
707 764 842 800 cordis
860 764 953 800 facti
971 771 1074 805 sunt,
1093 771 1134 800 et
1150 764 1257 800 viam
1275 765 1459 811 propriae
1481 766 1782 812 intelligentiae,

280 826 383 861 quae
402 815 442 850 in
457 815 654 851 infernum
668 818 854 858 tetendit,
868 817 987 853 simul
1007 818 1228 860 iniverunt:
1254 819 1325 854 sed
1340 829 1464 865 usque
1483 819 1557 856 hos
1570 819 1652 855 vidi
1667 820 1783 855 redu-

279 878 345 904 ces
364 869 468 910 inde,
487 869 579 914 quia
597 870 777 904 nondum
795 877 909 906 erant
930 870 1163 917 praeparati.

278 958 412 1004 355.
442 948 657 991 Alterum
685 950 983 993 Memorabile
1001 965 1073 992 2—-

350 1026 566 1074 Quondam
592 1040 683 1064 cum
705 1030 890 1075 prospexi
918 1029 957 1065 in
982 1030 1174 1066 mundum
1196 1030 1420 1076 spirituum,
1438 1031 1522 1066 vidi
1544 1031 1583 1066 in
1605 1032 1779 1078 quodam

279 1088 394 1128 prato
404 1082 512 1118 viros
528 1082 692 1118 indutos
703 1085 885 1119 vestibus
898 1083 1094 1120 similibus
1107 1085 1251 1131 quibus
1265 1085 1448 1121 homines
1463 1086 1619 1127 mundi;
1637 1097 1686 1121 ex
1699 1097 1780 1132 quo

277 1134 462 1181 cognovi,
480 1136 589 1181 quod
609 1147 735 1181 nuper
751 1148 773 1172 e
791 1137 942 1172 mundo
959 1137 1205 1174 advenerint.
1255 1138 1419 1175 Accessi
1438 1139 1487 1173 ad
1508 1139 1608 1178 illos,
1627 1145 1667 1174 et
1684 1140 1779 1175 steti

277 1188 327 1223 ad
349 1187 530 1229 latussut
550 1190 815 1224 auscultarem
833 1190 929 1236 quid
949 1190 1052 1226 inter
1072 1201 1114 1226 se
1135 1191 1403 1237 loquerentur.
1424 1192 1708 1237 Loquebantur
1728 1193 1778 1228 de

277 1241 411 1282 caelo;
436 1248 477 1276 et
497 1253 600 1277 unus
619 1242 723 1277 inter
741 1242 840 1284 illos,
859 1243 927 1289 qui
948 1243 1099 1289 aliquid
1118 1243 1169 1279 de
1187 1245 1297 1279 caelo
1317 1245 1439 1285 novit,
1459 1245 1570 1286 dixit,
1589 1246 1698 1291 quod
1722 1246 1776 1281 ibi
1814 1268 1816 1270 v

277 1294 357 1329 sint
376 1294 581 1335 mirabilia,
600 1305 702 1341 quae
729 1307 924 1341 nusquam
950 1297 1000 1331 ab
1026 1297 1160 1342 aliquo
1178 1298 1286 1332 credi
1308 1304 1488 1343 possunt,
1507 1298 1583 1334 nisi
1608 1299 1777 1339 viderit:

276 1353 321 1382 ut
345 1348 456 1393 quod
482 1347 563 1383 sint
589 1348 697 1383 horti
719 1348 965 1394 paradisiaci,
984 1349 1131 1395 palatia
1156 1350 1367 1396 magnifica
1392 1351 1622 1387 constructa
1647 1352 1775 1387 archi-

274 1398 476 1435 tectonice
503 1401 597 1446 quia
621 1402 670 1436 ab
698 1401 783 1447 ipsa
811 1408 907 1442 arte,
932 1402 1186 1448 splendentia
1212 1403 1316 1438 sicut
1341 1414 1390 1438 ex
1416 1415 1526 1445 auro,
1553 1411 1647 1440 ante
1672 1416 1774 1450 quae

274 1453 486 1488 columnae
511 1464 559 1489 ex
584 1461 761 1501 argento,
788 1465 910 1500 super
933 1455 1077 1501 quibus
1102 1455 1254 1491 formae
1279 1457 1470 1492 caelestes
1499 1468 1549 1492 ex
1577 1457 1776 1503 lapidibus

277 1506 484 1552 pretiosis:
510 1513 549 1542 et
571 1518 731 1554 quoque
752 1508 896 1544 domus
918 1519 966 1543 ex
985 1509 1141 1554 jaspide
1162 1516 1203 1544 et
1224 1509 1423 1555 sapphiro,
1446 1517 1539 1546 ante
1560 1522 1663 1556 quas
1683 1521 1774 1556 por-

273 1558 379 1594 ticus
396 1560 555 1606 augusti
578 1571 648 1606 per
666 1572 767 1607 quos
786 1561 936 1596 intrant
953 1561 1106 1607 angeli:
1135 1573 1182 1597 ac
1204 1562 1311 1598 intus
1338 1563 1377 1597 in
1404 1563 1590 1599 domibus
1611 1564 1774 1599 decora-

275 1618 422 1653 menta,
439 1623 543 1658 quae
562 1624 692 1659 neque
709 1620 805 1654 arte,
819 1625 947 1660 neque
964 1625 1075 1655 voce,
1090 1615 1258 1660 exprimi
1278 1622 1456 1661 possunt.
1499 1615 1650 1662 “Quod
1666 1617 1774 1662 ipsos

271 1665 437 1711 angelos
450 1665 606 1706 attinet,
621 1672 715 1701 sunt
727 1678 776 1702 ex
794 1673 964 1713 utroque
978 1678 1095 1708 sexu:
1120 1674 1215 1703 sunt
1230 1668 1396 1714 juvenes
1410 1675 1450 1703 et
1468 1669 1611 1710 mariti,
1626 1676 1666 1704 et
1680 1676 1775 1704 sunt

272 1717 448 1763 virgines
468 1725 510 1753 et
531 1730 694 1761 uxores:
720 1720 895 1766 virgines
915 1726 997 1755 tam
1019 1721 1220 1766 pulchrae.
1240 1727 1284 1756 ut
1306 1732 1386 1756 non
1405 1722 1522 1757 detur
1539 1721 1663 1757 instar
1682 1722 1773 1757 talis

273 1771 581 1817 pulchritudinis
604 1772 643 1807 in
666 1773 838 1814 mundo;
870 1779 912 1809 at
938 1784 1083 1809 uxores
1101 1774 1232 1808 adhuc
1253 1774 1510 1820 pulchriores,
1530 1785 1631 1821 quae
1651 1786 1772 1821 appa·

274 1831 363 1859 rent
380 1824 484 1859 sicut
501 1825 696 1871 genuinae
715 1826 864 1872 effigies
881 1827 1028 1862 amoris
1046 1827 1249 1868 caelestis:
1275 1838 1322 1862 ac
1343 1827 1475 1862 mariti
1494 1827 1649 1863 illarum
1667 1828 1772 1863 sicut

271 1876 421 1924 effigies
438 1878 656 1924 sapientiae
674 1879 877 1920 caelestis:
903 1886 944 1915 et
963 1890 1103 1915 omnes
1122 1879 1163 1914 hi
1181 1887 1275 1915 sunt
1292 1880 1568 1916 adolescentes
1585 1881 1771 1927 juvenes:

271 1936 313 1965 et
338 1931 446 1976 quod
468 1931 555 1976 plus
581 1938 653 1972 est,
676 1942 756 1967 non
778 1932 903 1968 scitur
927 1932 981 1968 ibi
1006 1933 1102 1979 quid
1124 1933 1226 1968 alius
1247 1944 1360 1968 amor
1380 1945 1497 1969 sexus
1518 1945 1637 1980 quam
1659 1944 1773 1969 amor

271 1983 529 2030 conjugialis:
562 1991 603 2020 et
629 1985 738 2031 quod
766 1985 946 2022 miraturi
974 1986 1083 2027 estis,
1109 1993 1171 2022 est
1201 1986 1353 2022 maritis
1383 1993 1576 2033 perpetua
1601 1986 1771 2023 facultas

272 2036 523 2072 deliciandi.''

343 2089 497 2125 Novitii
524 2090 578 2126 illi
599 2090 772 2136 spiritus,
790 2102 881 2126 curn
900 2091 1141 2127 audiverunt
1162 2092 1270 2138 quod
1294 2103 1373 2128 non
1395 2092 1495 2128 alius
1516 2103 1630 2128 amor
1649 2103 1768 2128 sexus

272 2141 323 2177 ibi
342 2149 448 2178 esset
464 2154 583 2190 quam
601 2154 715 2179 amor
730 2145 977 2192 conjugialis,
996 2151 1037 2180 et
1053 2145 1161 2191 quod
1182 2146 1258 2180 illis
1277 2153 1469 2191 perpetua
1486 2145 1653 2181 facultas
1671 2146 1770 2180 deli-

270 2194 401 2230 ciandi
427 2203 544 2237 esset,
566 2196 739 2232 riserunt
765 2197 870 2232 inter
895 2209 948 2238 se,
970 2205 1010 2233 et
1036 2197 1235 2238 dixerunt,
1259 2198 1482 2244 “Loqueris
1509 2199 1768 2239 incredibilia,

269 2248 360 2283 talis
379 2247 548 2284 facultas
566 2260 647 2285 non
666 2250 808 2285 dabilis
826 2257 898 2291 est,
916 2262 1052 2286 narras
1071 2250 1174 2286 forte
1192 2250 1380 2287 fabulas.’'

341 2300 420 2337 Sed
442 2308 540 2337 tunc
557 2302 719 2348 quidam
741 2304 904 2350 angelus
926 2314 947 2339 e
973 2304 1084 2339 caelo
1104 2304 1311 2350 inopinato
1329 2304 1441 2340 stetit
1463 2304 1502 2339 in
1525 2303 1658 2339 medio
1681 2304 1768 2339 illo-

269 2364 367 2394 rum,
384 2360 426 2389 et
446 2355 558 2396 dixit,
573 2356 757 2392 “Audite
777 2367 849 2397 me,
862 2367 1033 2402 quaeso:
1059 2368 1147 2392 sum
1164 2358 1328 2403 angelus
1346 2357 1456 2398 caeli,
1472 2364 1512 2392 et
1529 2367 1621 2392 cum
1640 2367 1765 2392 uxore

270 2417 359 2442 mea
374 2407 454 2442 vixi
477 2419 582 2443 nunc
600 2409 708 2444 mille
726 2409 852 2450 annis,
871 2416 911 2444 et
933 2421 1002 2455 per
1024 2410 1112 2446 illos
1135 2410 1174 2445 in
1195 2410 1316 2446 simili
1338 2410 1435 2445 flore
1449 2410 1602 2450 aetatis,
1623 2409 1662 2444 in
1684 2420 1767 2455 quo

269 2470 342 2496 vos
367 2471 430 2495 me
455 2460 521 2496 hic
537 2461 703 2503 videtis;
732 2469 794 2498 est
820 2463 917 2498 mihi
944 2463 1022 2498 hoc
1048 2474 1098 2499 ex
1126 2474 1261 2499 amore
1283 2463 1498 2509 conjugiali
1524 2474 1614 2498 cum
1643 2473 1765 2496 uxore

270 2523 375 2549 mea:
400 2520 440 2549 et
466 2525 626 2560 possum
646 2525 883 2556 asseverare,
901 2516 1008 2562 quod
1032 2516 1129 2551 mihi
1152 2523 1343 2562 perpetua
1368 2516 1435 2551 illa
1459 2515 1626 2551 facultas
1645 2514 1766 2550 suerit

269 2572 310 2601 et
326 2565 400 2608 sit:
424 2574 465 2602 et
482 2568 576 2614 quia
591 2568 766 2614 percipio
779 2569 887 2616 quod
901 2580 973 2605 vos
991 2570 1162 2605 credatis
1181 2570 1258 2605 hoc
1272 2581 1351 2605 non
1367 2570 1499 2605 dabile
1513 2580 1609 2609 esse,
1626 2569 1768 2614 loquar

269 2619 320 2655 de
353 2619 428 2656 hac
461 2632 503 2656 re
536 2631 626 2656 cum
652 2622 766 2658 vobis
798 2633 848 2659 ex
881 2623 1100 2659 rationibus
1126 2624 1348 2659 secundum
1375 2624 1503 2658 lucem
1539 2620 1766 2657 intellectus

269 2673 404 2709 vestri.
455 2673 545 2710 Non
572 2675 683 2710 scitis
703 2675 853 2722 aliquid
876 2676 926 2711 de
948 2682 1056 2711 statu
1083 2676 1287 2722 primaevo
1315 2676 1499 2716 hominis,
1521 2675 1589 2721 qui
1611 2686 1634 2709 a
1651 2674 1766 2709 vobis

230 2729 232 2734 '
270 2732 438 2761 vocatur
462 2734 592 2763 status
621 2727 882 2775 integritatis;
916 2729 956 2764 in
985 2729 1054 2764 illo
1081 2736 1189 2765 statu
1215 2729 1377 2765 fuerunt
1406 2729 1542 2764 omnia
1570 2726 1762 2763 interiora

270 2783 418 2819 mentis
430 2790 567 2829 aperta
584 2794 708 2829 usque
726 2783 776 2818 ad
797 2782 1026 2823 Dominum,
1042 2789 1083 2818 et
1101 2783 1193 2818 inde
1213 2783 1279 2818 illa
1297 2783 1335 2818 in
1355 2782 1544 2828 conjugio
1558 2780 1704 2815 amoris
1722 2786 1765 2814 et

268 2835 496 2881 sapientiae,
514 2847 584 2872 seu
603 2836 697 2871 boni
718 2842 759 2871 et
784 2836 888 2877 veri:
918 2842 959 2871 et
984 2836 1079 2882 quia
1095 2837 1244 2871 bonum
1263 2836 1410 2870 amoris
1436 2842 1477 2870 et
1502 2844 1639 2869 verum
1658 2832 1763 2877 sapi-

269 2888 400 2924 entiae
416 2899 458 2924 se
482 2895 675 2935 perpetuo
696 2895 843 2930 amant,
861 2895 902 2925 et
927 2896 1122 2934 perpetuo
1139 2889 1281 2924 volunt
1299 2888 1400 2923 uniri
1417 2899 1425 2927 ;
1451 2894 1491 2922 et
1509 2897 1596 2921 cum
1625 2891 1765 2930 aperta

270 2946 363 2975 sunt
396 2940 585 2976 interiora
617 2941 772 2981 mentis,
804 2941 868 2976 ille
901 2941 1138 2987 conjugialis
1171 2941 1397 2986 spiritualis
1425 2950 1538 2974 amor
1566 2949 1657 2973 cum
1687 2947 1762 2972 suo

270 2990 500 3039 [fiper-petuo
518 2993 606 3030 nisu
620 2994 742 3030 libere
759 2994 911 3036 defluit,
923 3001 964 3030 et
982 2994 1086 3030 sistit
1105 2993 1212 3029 illam
1231 2993 1473 3029 facultatem.
1525 2991 1615 3037 Ipsa
1627 2989 1762 3026 anima
