2014 3386
320 347 403 391 170
782 346 1025 380 DELICIAE
1057 346 1360 381 SAPIENTIAE

388 460 596 502 Dixerunt,
611 461 718 508 quod
733 461 855 497 etiam
869 461 1000 502 hodie,
1016 468 1057 497 et
1070 473 1231 508 quoque
1245 462 1354 509 quod
1369 462 1596 509 expanserit
1608 462 1709 505 alas:
1732 467 1753 483 ‘⁴
1763 473 1815 500 ex

314 524 395 561 qua
413 514 594 561 augurati
616 525 752 550 sumus
773 515 1037 560 praesentiam
1058 521 1179 556 tuam.
1197 526 1242 551 ac
1263 515 1586 552 sollicitationem
1611 517 1662 552 de
1686 517 1814 563 aperi·

313 568 420 603 endo
437 568 570 603 adhuc
587 578 710 602 unum
729 578 915 603 arcanum
935 568 1081 603 amoris
1098 568 1368 615 conjugialis.”
1591 587 1593 589 v

388 620 439 656 Et
459 620 648 666 quaesivi,
668 620 781 657 “Cur
798 620 930 656 dicitis
946 632 1082 663 unum,
1101 627 1142 657 et
1161 627 1296 657 tamen
1318 621 1397 657 huc
1416 621 1508 657 veni
1528 621 1578 657 ad
1604 621 1811 658 sciendum
1833 627 1835 629 ’

340 673 426 708 lura
439 673 480 710 ?''

314 684 340 720 p
386 727 436 762 Et
450 725 751 772 responderunt,
767 731 788 745 “
801 726 903 762 Sunt
920 737 1073 767 arcana,
1087 733 1128 762 et
1145 726 1339 773 quaedam
1358 727 1558 763 excedunt
1574 727 1811 774 sapientiam

311 786 482 815 vestram
516 780 556 814 in
586 786 756 820 tanturn,
780 786 826 815 ut
854 779 1261 820 intellefiuswestrae
1291 780 1549 826 cogitationis
1576 791 1656 816 non
1685 780 1812 827 possit

313 832 379 868 illa
399 843 560 878 capere:
594 833 821 878 gloriamini
843 844 963 879 super
982 844 1056 868 nos
1081 844 1131 868 ex
1154 839 1288 868 vestra
1312 833 1516 879 sapientia,
1535 834 1604 869 sed
1631 844 1704 869 nos
1727 844 1810 868 non

311 885 529 932 gloriamur
549 897 669 931 super
689 897 761 921 vos
783 897 832 921 ex
853 892 1000 926 nostra,
1022 892 1063 921 et
1088 892 1224 921 tamen
1246 893 1385 921 nostra
1404 886 1556 922 eminet
1575 897 1695 932 super
1718 897 1809 922 ves·-

311 946 423 979 tram,
438 938 531 984 quia
545 938 666 974 intrat
680 939 958 974 inclinationes
972 946 1012 974 et
1026 938 1257 974 affectiones
1274 945 1436 980 vestras,
1448 950 1494 974 ac
1506 939 1627 980 videt,
1639 939 1810 985 percipit

309 997 350 1027 et
368 992 491 1027 sentit
506 992 614 1027 illas:
638 1003 712 1027 vos
733 1003 896 1038 prorsus
915 992 1013 1027 nihil
1031 992 1142 1027 scitis
1160 992 1210 1027 de
1229 991 1554 1028 inclinationibus
1571 999 1613 1028 et
1630 991 1809 1028 affectio-

309 1045 426 1080 nibus
443 1045 590 1080 amoris
601 1045 733 1086 vestri,
752 1051 793 1081 et
810 1052 945 1080 tamen
968 1045 1058 1080 illae
1075 1051 1179 1086 sunt,
1194 1055 1243 1080 ex
1261 1045 1404 1091 quibus
1417 1051 1458 1080 et
1472 1045 1694 1080 secundum
1709 1056 1808 1091 quas

310 1097 535 1133 intelleetus
553 1105 686 1133 vester
702 1098 865 1145 cogitat,
885 1098 1052 1144 proinde
1073 1109 1122 1133 ex
1143 1098 1287 1144 quibus
1313 1104 1354 1133 et
1380 1098 1600 1133 secundum
1618 1109 1716 1144 quas
1733 1109 1807 1134 vos

308 1151 405 1186 estis
431 1151 651 1197 sapientes;
681 1158 723 1187 et
747 1158 882 1187 tamen
908 1162 1052 1187 uxores
1073 1158 1155 1186 tam
1179 1152 1302 1197 probe
1323 1150 1456 1186 sciunt
1474 1151 1561 1187 illas
1588 1151 1628 1187 in
1654 1151 1808 1187 maritis

308 1204 401 1245 suis,
429 1211 473 1240 ut
499 1205 663 1240 videant
691 1205 777 1240 illas
805 1205 844 1239 in
872 1203 1047 1240 faciebus
1069 1204 1239 1245 illorum,
1263 1211 1304 1239 et
1330 1204 1495 1239 audiant
1510 1204 1596 1240 illas
1623 1215 1673 1240 ex
1697 1204 1808 1240 sonis

307 1258 488 1304 loquelae
509 1258 589 1293 oris
612 1258 781 1298 illorum,
801 1258 924 1293 immo
946 1258 1110 1303 palpent
1131 1257 1217 1293 illas
1239 1268 1359 1303 super
1377 1256 1615 1303 peftoribus‚
1633 1257 1807 1293 brachiis

306 1317 347 1346 et
364 1311 477 1358 genis
497 1311 653 1346 illorum
669 1322 676 1346 :
702 1318 743 1346 at
761 1322 835 1346 nos
852 1321 902 1346 ex
918 1311 1004 1346 zelo
1018 1310 1165 1346 amoris
1185 1321 1256 1356 pro
1273 1317 1407 1346 vestra
1420 1310 1611 1346 felicitate
1629 1316 1670 1346 et
1686 1310 1805 1346 simul

306 1371 453 1404 nostra,
476 1364 770 1399 dissimulamus
791 1364 895 1399 sicut
917 1375 997 1399 non
1020 1364 1190 1399 sciamus
1213 1363 1311 1404 illas,
1331 1370 1372 1399 et
1392 1370 1527 1398 tamen
1551 1363 1806 1400 moderamur

307 1417 393 1452 illas
418 1424 500 1452 tam
528 1417 755 1463 prudenter,
781 1424 826 1452 ut
856 1417 1046 1463 quicquid
1073 1423 1133 1452 est
1158 1417 1320 1457 lubitus,
1348 1416 1482 1462 placiti
1514 1422 1555 1451 et
1584 1416 1806 1452 voluntatis

306 1471 539 1506 maritorum
559 1476 799 1510 nostrorum,
819 1480 1031 1516 sequamur
1049 1469 1320 1516 permittendo
1340 1476 1382 1505 et
1399 1469 1600 1516 patiendo,
1614 1475 1656 1505 et
1672 1469 1802 1505 solum

305 1523 504 1559 fleRendo
523 1524 619 1558 dum
640 1523 835 1569 possibile,
854 1530 895 1558 at
913 1534 1107 1569 nusquam
1126 1522 1344 1569 cogendo.¹'

375 1576 576 1623 Quaesivi,
599 1576 753 1612 “Unde
772 1576 888 1611 vobis
919 1576 985 1611 illa
1013 1576 1209 1621 sapientia
1219 1575 1261 1611 ?''

378 1630 700 1675 Responderunt,
721 1635 740 1647 “
755 1630 826 1664 Est
843 1640 893 1664 ex
910 1629 1113 1664 creatione
1131 1635 1172 1664 et
1191 1628 1283 1664 inde
1301 1628 1510 1664 nativitate
1528 1627 1645 1663 nobis
1662 1627 1801 1663 insita:

304 1683 436 1718 mariti
463 1683 590 1718 nostri
617 1683 842 1718 assimilant
864 1682 972 1717 illam
999 1681 1216 1722 instinftui,
1238 1692 1311 1717 nos
1336 1688 1470 1716 autem
1497 1681 1667 1716 dicimus
1693 1680 1802 1716 illam

302 1747 389 1771 esse
407 1746 455 1771 ex
475 1735 622 1771 Divina
637 1735 899 1781 providentia,
915 1741 960 1770 ut
975 1735 1050 1770 viri
1069 1746 1139 1781 per
1155 1745 1300 1770 uxores
1314 1745 1406 1770 suas
1420 1735 1637 1769 reddantur
1654 1733 1803 1769 felices.

302 1788 543 1824 Audivimus
561 1799 611 1823 ex
633 1788 786 1823 maritis
808 1788 965 1829 nostris,
984 1788 1092 1834 quod
1117 1787 1313 1823 Dominus
1330 1787 1428 1822 velit
1446 1794 1490 1822 ut
1508 1787 1630 1822 homo
1648 1797 1802 1822 mascu-

303 1841 364 1877 lus
389 1852 438 1876 ex
463 1842 589 1877 libero
610 1842 830 1877 secundum
853 1837 1049 1876 rationem
1073 1847 1176 1887 agat,
1198 1847 1238 1876 et
1263 1841 1372 1886 quod
1399 1840 1490 1875 ideo
1511 1840 1679 1875 liberum
1700 1839 1798 1884 ejus,

302 1895 411 1941 quod
430 1893 585 1940 spediat
600 1894 878 1929 inclinationes
897 1901 938 1929 et
955 1893 1198 1933 affedtiones,
1220 1893 1310 1938 Ipse
1330 1892 1528 1928 Dominus
1549 1893 1599 1928 ab
1621 1891 1798 1933 interiori

302 1948 541 1987 moderetur,
561 1954 601 1982 et
619 1947 726 1993 quod
746 1958 815 1992 per
828 1957 991 1982 uxorem
1007 1947 1093 1992 ejus
1110 1947 1159 1981 ab
1177 1946 1376 1986 exteriori,
1395 1952 1435 1980 et
1453 1945 1560 1991 quod
1578 1945 1635 1980 sic
1652 1944 1799 1980 formet

299 2000 427 2036 virum
448 2011 538 2035 cum
561 2001 647 2045 ejus
669 2011 792 2035 uxore
820 2000 858 2034 in
881 2000 1067 2045 angelum
1086 1999 1205 2039 caeli:
1239 2009 1285 2034 ac
1311 2004 1516 2044 praeterea
1532 2009 1644 2033 amor
1669 2004 1799 2033 mutat

299 2065 411 2089 suam
433 2053 657 2093 essentiam,
677 2059 718 2088 et
744 2063 823 2088 non
847 2052 892 2087 fit
918 2053 982 2087 ille
1003 2063 1124 2092 amor,
1147 2052 1179 2087 si
1206 2051 1384 2098 cogitur:
1411 2051 1479 2086 sed
1503 2051 1602 2086 haec
1622 2050 1798 2097 apertius

299 2107 497 2147 dicemus;
524 2117 597 2141 nos
616 2117 823 2140 movemur
840 2106 890 2140 ad
911 2106 1019 2145 illud,
1038 2105 1116 2140 hoc
1133 2111 1204 2144 est.
1223 2105 1273 2140 ad
1293 2104 1544 2150 prudentiam
1563 2103 1796 2139 moderandi

299 2159 579 2194 inclinationes
596 2165 636 2194 et
650 2157 882 2194 affeffiiiones
898 2158 1130 2193 maritorum
1146 2164 1386 2197 nostrorum,
1400 2157 1512 2197 adeo,
1523 2163 1572 2206 ⁴ut
1586 2156 1798 2191 videantur

298 2212 372 2248 sibi
391 2224 440 2247 ex
457 2212 582 2247 libero
594 2212 812 2247 secundum
830 2211 1026 2246 rationem
1045 2222 1156 2246 suam
1175 2221 1302 2256 agere,
1317 2221 1366 2245 ex
1383 2221 1512 2250 causa,
1528 2209 1621 2255 quia
1634 2208 1797 2244 delicia-

299 2276 387 2300 mur
405 2276 453 2300 ex
471 2276 606 2300 amore
625 2265 795 2304 illorum,
813 2271 855 2299 et
877 2275 955 2300 non
977 2265 1065 2309 plus
1083 2274 1262 2299 amamus
1280 2274 1398 2308 quam
1418 2269 1463 2297 ut
1485 2263 1539 2297 illi
1558 2263 1797 2298 delicientur

297 2329 346 2354 ex
368 2318 515 2354 nostris
535 2317 699 2359 deliciis,
721 2328 822 2364 quae
844 2317 877 2353 si
898 2317 1094 2353 vilescunt
1113 2316 1219 2363 apud
1246 2316 1345 2356 illos,
1360 2316 1481 2351 etiam
1503 2316 1609 2362 apud
1631 2326 1705 2351 nos
1726 2315 1796 2352 he-

297 2372 476 2407 bescunt.

371 2424 446 2459 His
460 2423 587 2464 diftis,
603 2423 766 2459 intravit
780 2434 860 2458 una
877 2434 925 2458 ex
939 2422 1130 2458 uxoribus
1149 2421 1186 2456 in
1205 2421 1436 2461 thalamum,
1451 2427 1492 2456 et
1509 2419 1667 2456 rediens
1681 2420 1793 2461 dixit.

297 2476 525 2512 “Columba
547 2487 635 2511 mea
655 2477 788 2511 adhuc
809 2477 939 2511 vibrat
960 2476 1053 2516 alas,
1075 2475 1181 2521 quod
1205 2474 1363 2520 signum
1385 2481 1457 2514 est,
1479 2481 1524 2509 ut
1549 2474 1661 2520 plura
1681 2473 1793 2509 dete-

294 2529 471 2575 gamus.¹’
525 2529 574 2564 Et
596 2529 793 2569 dixerunt,
813 2528 1154 2564 “observavimus
1171 2528 1411 2562 mutationes
1431 2526 1732 2562 inclinationum
1749 2531 1792 2561 et

295 2580 551 2618 affeffionum
570 2582 746 2617 virorum
765 2582 904 2621 varias.
925 2588 970 2616 ut
988 2581 1095 2627 quod
1114 2580 1163 2615 ad
1182 2590 1325 2615 uxores
1343 2579 1523 2625 frigeant.
1542 2579 1637 2614 dum
1659 2578 1790 2614 mariti

295 2636 475 2681 cogitant
492 2646 595 2670 vana
611 2642 751 2670 contra
771 2635 989 2670 Dominum
1009 2641 1049 2669 et
1066 2633 1295 2673 ecclesiam:
1321 2633 1428 2678 quod
1446 2632 1616 2678 frigeant
1633 2632 1730 2667 dum
1751 2631 1791 2667 in

294 2688 398 2723 fastu
417 2694 510 2723 sunt
528 2698 577 2723 ex
596 2688 754 2732 propria
769 2687 1052 2733 intelligentia;
1073 2686 1180 2732 quod
1197 2685 1366 2731 frigeant
1381 2686 1476 2719 dum
1497 2684 1680 2720 mulieres
1697 2684 1791 2720 alie·

295 2752 367 2775 nas
388 2739 570 2786 spectant
591 2751 639 2775 ex
661 2740 1006 2785 concupiscentia:
1033 2739 1141 2785 quod
1161 2738 1330 2784 frigeant
1348 2738 1442 2772 dum
1461 2738 1722 2773 advertuntur
1741 2737 1791 2772 ab

294 2794 484 2828 uxoribus
506 2794 556 2828 de
577 2803 731 2832 amore:
758 2800 916 2838 praeter
937 2793 1069 2838 plura:
1103 2798 1144 2826 et
1169 2791 1276 2836 quod
1299 2790 1470 2836 frigeant
1491 2790 1636 2836 frigore
1656 2789 1790 2825 vario:

295 2847 372 2881 hoc
390 2845 744 2881 animadvertimus
762 2857 810 2880 ex
830 2844 1069 2880 retractione
1086 2854 1226 2879 sensus
1244 2854 1293 2878 ex
1310 2843 1446 2883 oeulis,
1462 2843 1622 2878 auribus
1642 2848 1683 2878 et
1702 2853 1789 2877 cor·

295 2910 390 2946 pore
413 2899 568 2933 illorum
595 2899 644 2933 ad
673 2899 935 2943 praesentiam
966 2904 1193 2933 nostrorum
1221 2907 1422 2931 sensuum.
1475 2895 1533 2930 Ex
1566 2894 1628 2930 his
1653 2893 1789 2940 paucis

293 2952 428 2987 videre
451 2958 575 2997 potes,
597 2951 705 2996 quod
735 2961 808 2986 nos
836 2952 927 2996 prae
953 2950 1049 2986 viris
1078 2949 1259 2988 sciamus,
1282 2959 1376 2982 num
1406 2948 1482 2982 illis
1513 2948 1613 2982 bene
1639 2947 1703 2987 sit,
1723 2946 1787 2981 vel

295 3016 390 3040 num
410 3004 530 3046 male;
556 3003 588 3039 si
606 3003 752 3050 frigent
770 3003 821 3038 ad
839 3014 983 3038 uxores
1001 3009 1062 3038 est
1081 3001 1155 3037 illis
1175 3001 1287 3041 male,
1303 3007 1343 3036 at
1364 3001 1397 3036 si
1416 3000 1547 3035 calent
1567 2999 1618 3035 ad
1640 3009 1787 3035 uxores
