2014 3386
562 325 630 359 DE
660 324 841 359 AMORE
872 323 1296 367 coNJUG1AL1.——N.
1326 314 1418 368 143.
1659 326 1739 368 119

240 441 378 483 variis
403 439 644 482 coloribus.
706 437 842 493 Quod
874 437 1068 492 sphaera
1099 436 1313 479 lasciviae
1345 437 1550 479 exundet
1578 451 1637 479 ex
1668 438 1736 479 in-

241 505 395 553 castis,
415 509 546 558 patet
571 517 632 544 ex
654 503 840 543 statutis
863 502 983 556 apud
1005 501 1121 542 filios
1145 501 1341 550 Israelis,
1361 500 1482 555 quod
1504 501 1738 542 immunda

240 574 397 610 essent
437 567 590 608 omnia
621 573 668 608 et
705 565 899 619 singula,
933 579 1047 619 quae
1087 564 1312 619 inquinati
1342 578 1369 605 a
1399 564 1568 605 talibus
1599 577 1737 605 manu

240 631 379 672 modo
405 636 665 684 tangerent.
727 629 803 671 Ex
829 629 899 670 his
925 628 1136 670 concludi
1162 634 1333 682 potest,
1361 628 1482 682 quod
1509 627 1654 668 simile
1676 628 1737 669 sit

239 708 342 735 cum
368 695 523 742 castis,
551 693 781 742 videlicet,
811 693 931 746 quod
963 692 1083 746 apud
1114 692 1199 733 hos
1231 697 1361 732 casta
1387 692 1478 732 sint
1504 690 1657 732 omnia
1688 697 1736 732 et

238 757 419 810 singula
436 758 493 798 ab
507 757 679 798 intimis
697 757 754 797 ad
773 756 934 797 ultima
952 770 961 807 ;
986 762 1032 797 et
1048 755 1168 809 quod
1186 755 1377 798 castitas
1397 755 1562 795 amoris
1580 753 1735 807 conju-

238 821 371 873 gialis
384 821 470 862 hoc
485 821 640 862 faciat:
665 820 769 861 inde
785 826 872 868 est,
885 819 1004 873 quod
1020 820 1065 860 in
1081 819 1250 859 mundo
1264 819 1453 867 dicatur,
1467 818 1587 871 quod
1604 830 1735 858 mun·

237 884 307 925 dis
329 885 482 926 omnia
504 884 674 925 munda
697 884 802 933 sint,
828 890 874 924 et
897 883 1018 936 quod
1039 883 1285 923 immundis
1308 882 1461 922 omnia
1483 874 1731 922 immunda.

322 957 445 1001 141.
489 946 572 1002 (ii.)
610 945 739 997 Quod
768 953 938 987 castum
968 945 1092 986 modo
1118 945 1405 998 praedicetur
1434 945 1487 985 de
1517 944 1735 999 conjugiis

236 1011 566 1064 monogamz'cis,
595 1024 671 1051 seu
692 1010 822 1050 unius
844 1009 942 1050 viri
957 1023 1052 1050 cum
1073 1023 1161 1049 una
1182 1007 1528 1061 uxoren—Quod
1555 1015 1734 1049 castum

238 1075 528 1128 praedicetur
559 1074 615 1115 de
647 1073 735 1114 illis
767 1073 892 1122 solis,
920 1079 992 1114 est
1019 1073 1123 1126 quia
1154 1085 1282 1113 amor
1314 1072 1582 1125 conjugialis
1614 1072 1733 1126 apud

235 1138 340 1180 illos
367 1152 458 1179 non
486 1138 658 1179 residet
684 1138 729 1178 in
756 1136 951 1178 naturali
977 1136 1176 1183 homine,
1205 1136 1286 1177 sed
1312 1137 1453 1178 intrat
1479 1137 1524 1177 in
1551 1138 1733 1190 spiritu-

235 1202 370 1251 alem,
398 1208 445 1243 et
477 1201 734 1242 successive
765 1201 910 1254 aperit
940 1200 1023 1241 sibi
1055 1200 1175 1240 viam
1202 1200 1260 1240 ad
1292 1200 1438 1253 ipsum
1473 1200 1732 1253 conjugium

235 1265 485 1319 spirituale,
514 1265 636 1318 quod
668 1270 740 1305 est
771 1264 879 1304 boni
911 1269 958 1304 et
990 1264 1098 1312 veri,
1127 1263 1249 1316 quod
1282 1269 1352 1305 est
1382 1264 1512 1317 origo
1543 1264 1650 1317 ejus,
1684 1271 1732 1306 et

235 1342 285 1370 se
317 1341 419 1369 cum
455 1327 536 1368 illo
571 1326 838 1380 conjungit;
875 1327 1017 1368 intrat
1052 1327 1172 1368 enim
1209 1326 1286 1368 ille
1323 1340 1452 1368 amor
1483 1328 1731 1369 secundum

234 1392 521 1432 incrementa
547 1391 813 1444 sapientiae,
840 1396 887 1431 et
912 1390 1025 1431 haec
1053 1391 1303 1431 secundum
1329 1390 1731 1444 implantationem

235 1453 460 1496 ecclesiae
491 1468 518 1494 a
550 1454 763 1502 Domino,
792 1459 841 1494 ut
874 1454 994 1506 prius
1026 1453 1183 1494 multis
1214 1460 1451 1494 ostensum
1479 1460 1564 1495 est.
1627 1454 1730 1496 Hoc

236 1531 328 1558 non
369 1523 526 1572 potest
566 1516 659 1557 fieri
699 1516 820 1570 apud
860 1516 1150 1570 polygamOS,
1183 1517 1397 1570 quoniam
1437 1517 1483 1558 hi
1523 1518 1731 1560 dividunt

233 1593 438 1622 amorem
462 1579 780 1633 conjugialem,
801 1585 848 1621 et
871 1579 943 1621 hic
966 1593 1094 1620 amor
1115 1580 1285 1621 divisus
1307 1594 1399 1621 non
1421 1580 1638 1622 absimilis
1660 1588 1731 1623 est

234 1645 377 1685 amori
409 1657 562 1692 sexus,
596 1643 670 1697 qui
706 1643 751 1683 in
782 1657 830 1683 se
863 1649 934 1683 est
966 1642 1214 1693 naturalis;
1259 1643 1340 1684 sed
1373 1643 1430 1684 de
1461 1643 1549 1685 hoc
1581 1644 1733 1699 aliqua

234 1707 376 1761 digna
400 1707 671 1748 videbuntur
695 1707 740 1747 in
767 1701 1076 1747 t'ransafflone
1102 1706 1158 1747 de
1185 1706 1466 1759 Polygamia.

319 1780 444 1825 142.
489 1769 588 1824 (iii.)
625 1769 754 1820 Quod
769 1769 1017 1823 conjugz’ale
1036 1768 1347 1813 Christianum
1368 1770 1635 1812 solummodo
1656 1771 1729 1813 de-

233 1840 311 1876 tur
338 1839 522 1882 castum,
556 1839 627 1874 est
659 1833 763 1887 quia
802 1845 930 1873 amor
965 1846 1071 1873 vere
1111 1833 1381 1886 conjugialis
1419 1834 1553 1875 simili
1594 1849 1730 1888 passu

231 1897 361 1938 vadit
386 1897 506 1950 apud
531 1896 780 1944 hominem,
806 1896 851 1937 in
878 1909 968 1949 quo
1000 1902 1151 1937 status
1183 1896 1406 1938 ecclesiae
1438 1898 1558 1950 apud
1585 1898 1727 1947 illum,

232 1967 280 2002 et
303 1960 407 2014 quia
432 1959 508 2001 ille
535 1965 606 2000 est
632 1973 658 2000 a
681 1959 880 2000 Domino
906 1958 975 2013 (ut
998 1959 1044 1999 in
1067 1958 1378 2001 transaffione
1404 1961 1727 2013 praecedente,

232 2037 276 2064 n.
308 2033 399 2075 130,
433 2033 524 2075 131,
553 2028 600 2063 et
632 2022 752 2071 alibi,
781 2028 1018 2063 ostensum
1045 2021 1138 2077 est)
1162 2036 1171 2073 ;
1205 2028 1302 2063 tum
1329 2024 1433 2077 quia
1457 2023 1653 2065 ecclesia
1684 2025 1729 2066 in

233 2087 442 2140 genuinis
473 2086 563 2126 suis
594 2086 711 2127 veris
743 2092 815 2127 est
847 2086 891 2127 in
924 2085 1097 2134 Verbo,
1131 2092 1178 2126 et
1216 2085 1439 2127 Dominus
1472 2087 1532 2128 ibi
1564 2088 1608 2128 in
1640 2088 1729 2129 illis

232 2162 449 2204 praesens
475 2155 572 2190 est:
605 2163 666 2190 ex
696 2148 765 2189 his
791 2149 1007 2202 sequitur,
1036 2149 1158 2202 quod
1190 2162 1282 2190 non
1314 2150 1448 2191 detur
1473 2150 1728 2203 conjugiale

232 2219 425 2261 castum,
459 2225 593 2266 quam
626 2212 670 2252 in
703 2211 964 2253 Christiano
996 2212 1119 2261 orbe,
1151 2218 1199 2254 et
1231 2213 1353 2266 quod
1385 2214 1422 2254 si
1454 2227 1544 2254 non
1578 2214 1726 2263 datur,

232 2290 374 2330 usque
406 2276 464 2317 sit
496 2275 676 2316 dabile:
715 2289 795 2328 per
826 2275 1083 2329 conjugiale
1116 2275 1425 2317 Christianum
1457 2276 1730 2330 intelligitur

233 2335 493 2392 conjugium
520 2339 648 2379 unius
674 2339 756 2379 viri
782 2351 885 2379 cum
912 2351 1000 2379 una
1025 2352 1183 2380 uxore.
1245 2338 1380 2391 Quod
1407 2339 1494 2380 hoc
1523 2339 1727 2393 conjugi-

232 2402 305 2443 ale
331 2403 476 2456 possit
503 2401 597 2443 fieri
624 2402 809 2443 insitum
837 2401 1121 2451 Christianis,
1150 2408 1197 2443 et
1228 2402 1505 2443 hereditario
1532 2404 1657 2457 sequi
1682 2404 1727 2444 in

233 2465 385 2519 proles
410 2479 437 2505 a
468 2465 734 2518 parentibus
759 2465 833 2518 qui
865 2466 910 2506 in
942 2478 1096 2506 amore
1122 2479 1228 2506 vere
1261 2465 1504 2518 conjugiali
1531 2472 1651 2515 sunt,
1679 2472 1726 2507 et

232 2528 355 2582 quod
381 2542 442 2569 ex
467 2527 547 2568 illo
573 2534 878 2569 connascatur
900 2534 947 2569 et
973 2528 1166 2569 facultas
1193 2534 1239 2570 et
1264 2529 1499 2569 inclinatio
1526 2529 1583 2569 ad
1606 2530 1726 2581 sapi-

233 2591 401 2632 endum
427 2590 506 2632 illa
531 2604 647 2644 quae
679 2591 902 2632 eeclesiae
929 2597 976 2632 et
1004 2591 1118 2632 caeli
1151 2598 1271 2640 sunt,
1291 2593 1335 2643 in
1363 2606 1443 2633 suo
1470 2591 1574 2633 loco
1599 2593 1726 2632 vide·

232 2654 362 2695 bitur.
413 2653 548 2707 Quod
568 2653 827 2702 Christiani,
847 2655 884 2695 si
907 2654 1059 2708 plures
1078 2669 1246 2696 uxores
1269 2655 1458 2703 ducunt,
1479 2668 1569 2695 non
1589 2655 1727 2696 modo

233 2716 508 2758 adulterium
530 2716 750 2765 naturale,
770 2717 850 2758 sed
874 2718 1013 2758 etiam
1036 2717 1308 2759 adulterium
1331 2718 1579 2770 spirituale,
1600 2730 1726 2759 com-

233 2780 439 2830 mittant,
466 2780 511 2820 in
537 2778 847 2821 transaGtione
873 2780 930 2822 de
958 2780 1224 2834 Polygamia
1250 2781 1653 2822 demonstrabitur.

318 2850 447 2895 143.
489 2840 588 2896 (iv.)
625 2841 753 2892 Quod
769 2857 895 2884 amor
914 2858 1016 2884 vere
1034 2844 1298 2898 conjugz‘alz's
1319 2845 1381 2885 sit
1401 2844 1502 2896 ipsa
1522 2843 1722 2893 castitas,

233 2909 339 2944 sunt
368 2903 454 2944 hae
481 2917 644 2946 causae
664 2905 816 2959 t—(I.)
852 2905 968 2959 Quia
999 2907 1076 2948 illa
1102 2914 1172 2948 est
1205 2921 1230 2948 a
1258 2908 1470 2954 Domino,
1499 2913 1545 2947 et
1573 2920 1723 2948 corre-

234 2966 432 3018 spondet
457 2967 667 3021 conjugio
691 2968 874 3010 Domini
901 2976 947 3011 et
971 2969 1206 3012 ecclesiae.
1270 2969 1350 3024 (2.)
1386 2970 1502 3022 Quia
1525 2984 1584 3011 ex
1611 2983 1722 3012 con·
