2014 3386
533 337 598 371 DE
629 336 808 370 AMORE
839 337 1319 371 SCORTA'r0R10.—N.
1341 341 1438 384 479.
1648 332 1730 386 367

449 451 533 496 (iii.)
571 451 686 497 Quod
705 451 945 487 adulterium
967 451 1212 507 duplicatum
1236 453 1290 486 sit
1306 454 1453 487 mariti
1465 463 1550 487 cum
1568 452 1733 489 alterius

661 509 791 539 uxore,
808 509 874 533 seu
889 499 1072 534 vicissim.

449 544 531 590 (iv.)
570 545 683 590 Quod
694 545 933 580 adulterium
950 546 1198 591 triplicatum
1215 547 1268 580 sit
1287 557 1372 580 cum
1389 548 1696 592 consanguineis.

464 593 530 636 (v.)
568 592 682 638 Quod
690 596 859 637 quatuor
862 593 1020 638 gradus
1032 593 1314 627 adulteriorum
1327 594 1416 632 sint,
1425 594 1629 628 secundum
1643 605 1735 639 quos

650 639 762 684 fiunt
778 639 936 674 illorum
946 640 1269 685 praedicationes,
1288 640 1578 685 inculpationes,
1596 645 1633 676 et
1643 644 1735 687 post

660 690 818 720 mortem
835 687 1121 732 imputationes.

454 732 535 778 (vi.)
574 733 688 779 Quod
699 733 896 768 adulteria
907 734 1043 779 pri‘mz
1046 733 1214 779 gradus,
1232 734 1314 768 sint
1332 733 1529 768 adulteria
1547 736 1735 781 ignoran-

661 781 751 820 tiae,
765 791 863 825 quae
868 781 979 825 fiunt
991 780 1038 815 ab
1053 780 1136 815 illis
1147 781 1220 825 qui
1232 781 1398 815 nondum
1413 781 1478 815 vel
1490 792 1563 815 non
1572 784 1736 827 possunt

662 827 852 862 consulere
867 827 1105 867 intellectum,
1122 832 1159 862 et
1179 828 1270 862 inde
1286 828 1460 862 inhibere
1475 829 1559 864 zlla.

439 873 536 918 (vii.)
575 874 688 919 Quod
703 874 901 909 adulteria
919 875 965 909 ab
981 874 1165 920 ltisfatta
1182 876 1264 909 sint
1281 876 1410 910 mitta.

425 921 547 966 (viii.)·
574 921 688 967 Quod
695 921 892 956 adulteria
902 922 1062 956 secundi
1065 921 1232 968 gradus,
1244 923 1326 956 sint
1337 922 1533 956 adulteria
1546 922 1734 963 libidinis,

661 979 760 1013 quae
773 968 884 1012 fiunt
911 969 958 1003 ab
983 968 1063 1003 illis
1087 970 1160 1013 qui
1184 969 1336 1014 quidem
1360 971 1522 1014 possunt
1545 970 1737 1004 consulere

662 1015 902 1055 intellec‘tum,
927 1016 996 1050 sed
1015 1018 1180 1061 propter
1203 1018 1461 1062 contingentes
1490 1028 1628 1051 causas
1655 1017 1737 1052 illis

663 1063 863 1096 momentis
879 1073 952 1097 non
962 1065 1134 1108 possunt.

454 1109 537 1154 (ix.)
573 1109 688 1155 Quod
707 1109 906 1164 adulteria
940 1109 987 1144 ab
1015 1109 1079 1165 his
1091 1109 1208 1165 sac'z'a
1234 1110 1493 1155 z'mputatoria
1518 1112 1609 1150 sint,
1635 1111 1738 1146 sicut

468 1204 536 1248 (x.)
573 1156 1320 1250 Quossoatssztlltzgftialletsszcti‘zf{gierytzslllzlse{siff}
1333 1159 1545 1239 ZZZZJZ.
1556 1206 1735 1244 rationis,

662 1261 761 1295 quae
769 1251 879 1295 fiunt
903 1251 950 1285 ab
975 1251 1056 1285 illis
1080 1252 1152 1295 qui
1174 1251 1364 1286 intellet't'u
1381 1252 1613 1297 confirmant
1637 1252 1742 1297 quod

664 1308 739 1332 non
757 1297 861 1331 mala
873 1299 1031 1342 peccati
1045 1300 1138 1333 sint.

451 1344 535 1390 (xi.)
572 1344 685 1390 Quod
693 1345 893 1379 adulteria
905 1345 953 1379 ab
965 1345 1146 1391 bisfacta
1152 1347 1306 1390 gravia
1319 1346 1411 1386 sint,
1423 1357 1470 1380 ac
1481 1347 1735 1392 imputentur,

663 1392 870 1426 secundum
886 1392 1203 1436 confirmationes·

435 1438 534 1483 (xii.)
570 1437 685 1484 Quod
690 1438 886 1473 adulteria
901 1440 1040 1483 quarti
1040 1439 1198 1484 gradus
1207 1440 1288 1473 sint
1299 1438 1496 1474 adulteria
1511 1440 1736 1480 voluntatis,

663 1496 762 1530 quae
767 1486 878 1530 fiunt
894 1486 942 1520 ab
958 1486 1039 1520 illis
1049 1487 1122 1530 qui
1124 1486 1292 1532 faciunt
1308 1486 1379 1520 illa
1398 1487 1508 1521 licita
1525 1491 1561 1521 et
1569 1487 1736 1532 placita,

665 1543 732 1567 nec
742 1534 853 1567 tanti
866 1536 911 1567 ut
927 1537 1124 1567 mereatur
1137 1533 1182 1567 de
1198 1533 1281 1567 illis
1292 1534 1485 1568 consulere
1497 1534 1736 1570 intellet‘tum.

425 1578 539 1624 (xiii.)
576 1578 691 1625 Quod
706 1579 904 1614 adulteria
930 1591 979 1614 ex
1002 1580 1066 1614 leis
1078 1580 1195 1626 falla
1217 1582 1389 1614 maxime
1399 1583 1554 1626 gravia
1579 1582 1670 1621 sint,
1692 1592 1738 1616 ac

665 1628 910 1672 imputentur
926 1627 1007 1661 illis
1023 1630 1068 1661 ut
1083 1626 1189 1661 mala
1197 1628 1403 1672 propositi,
1417 1638 1464 1662 ac
1480 1628 1677 1662 insideant
1694 1632 1738 1662 ut

665 1677 808 1709 reatus.

429 1719 537 1765 (xiV.)
575 1720 688 1766 Quod
695 1721 893 1755 adulteria
902 1721 1018 1755 tertii
1023 1724 1060 1755 et
1067 1721 1208 1766 quarti
1208 1720 1366 1766 gradus
1374 1722 1455 1755 sint
1464 1721 1569 1755 mala
1574 1723 1736 1767 peccati,

666 1771 856 1813 quantum
877 1771 912 1802 et
943 1768 1056 1813 quale
1069 1768 1285 1808 Jntellellus
1302 1772 1339 1802 et
1358 1768 1573 1803 voluntatis
1593 1771 1636 1803 in
1658 1769 1739 1803 illis

666 1818 730 1855 est,
748 1817 831 1849 sive
846 1815 934 1849 aliu
943 1815 1063 1860 fiant,
1081 1826 1163 1849 szve
1179 1815 1266 1849 al't'u
1283 1826 1357 1849 non
1364 1816 1484 1860 fiant

442 1861 538 1906 (xv.)
575 1861 689 1908 Quod
700 1862 898 1896 adulteria
916 1873 964 1896 ex
972 1861 1169 1907 proposito
1185 1862 1408 1902 voluntatis,
1423 1866 1459 1897 et
1476 1862 1674 1897 adulteria
1691 1873 1739 1897 ex

664 1909 953 1954 confirmatione
969 1909 1187 1949 z‘ntelleaus,
1201 1909 1370 1944 reddant
1385 1909 1555 1944 homines
1572 1914 1738 1945 natura-

664 1956 725 1996 les,
745 1956 945 1996 sensuales,
964 1959 1000 1990 et
1018 1959 1222 2001 corporeos.

433 2002 542 2048 (xvi.)
578 2003 693 2049 Quod
704 2004 747 2038 in
761 2006 926 2044 tantum,
940 2007 986 2038 ut
995 2003 1149 2038 tandem
1162 2004 1292 2038 omnia
1306 2003 1480 2038 ecclesiae
1491 2006 1527 2038 et
1538 2003 1740 2050 relzgrionzs

667 2061 692 2084 a
709 2061 748 2085 se
764 2061 808 2085 re
819 2051 963 2086 'iz-iant.

358 2128 359 2131 ,
415 2097 539 2143 (xvii.)
576 2097 690 2143 Quod
693 2062 830 2179 ltameiz
843 2109 959 2143 usque
970 2097 1245 2133 rationalitate
1259 2096 1433 2132 humana
1443 2097 1627 2143 polleant,
1638 2099 1740 2133 sicut

666 2156 690 2179 a
708 2157 752 2180 tt.

401 2191 540 2237 (xviii.)
577 2191 656 2227 Sed
675 2191 779 2237 quod
797 2191 1071 2226 rationalitate
1094 2191 1165 2226 illa
1191 2194 1358 2226 utantur
1381 2191 1473 2226 dum
1500 2192 1544 2226 in
1569 2193 1740 2227 externis

664 2242 764 2280 sunt,
781 2239 850 2274 sed
858 2239 1072 2273 abutantur
1089 2239 1179 2273 dum
1198 2240 1241 2273 in
1257 2240 1340 2273 suis
1356 2240 1533 2274 internis.

245 2339 459 2395 Sequitur
483 2352 602 2381 nunc
627 2338 788 2381 horum
815 2339 1086 2392 explicatio.

329 2412 462 2458 4¹79.
495 2402 561 2457 (i.)
598 2402 727 2454 Quod
746 2403 838 2444 tria
862 2417 1032 2457 genera
1056 2402 1380 2444 adulteriorum
1405 2401 1508 2452 sint,
1533 2401 1737 2455 simplex,

246 2466 531 2520 duplicatum,
577 2471 620 2506 et
665 2465 1207 2518 trzplicatum.-—Creator
1251 2466 1446 2506 universi
1492 2465 1644 2505 omnia
1692 2471 1739 2506 et

246 2529 425 2583 singula
455 2542 568 2582 quae
600 2529 786 2578 creavit,
819 2529 1033 2570 distinxit
1074 2529 1118 2569 in
1159 2541 1342 2581 genera,
1376 2533 1423 2569 et
1454 2527 1739 2581 unumquod-

246 2593 314 2633 vis
354 2605 500 2646 genus
544 2591 589 2632 in
630 2592 820 2646 species,
864 2597 910 2633 et
954 2591 1300 2645 unamquamvis
1342 2591 1539 2644 speciem
1582 2589 1738 2631 discri-

248 2655 452 2704 minavit,
496 2660 544 2696 et
590 2655 794 2708 quamvis
839 2655 1272 2696 discriminationem
1315 2653 1536 2701 similiter,
1579 2659 1626 2694 et
1676 2652 1738 2693 sic

249 2731 412 2772 porro;
444 2724 631 2771 propter
652 2716 801 2767 finem,
825 2723 874 2759 ut
900 2718 1073 2759 existat
1097 2717 1250 2770 imago
1272 2716 1430 2757 infiniti
1453 2717 1495 2756 in
1520 2721 1741 2769 perpetua

247 2781 521 2835 qualitatum
547 2781 795 2822 varietate:
833 2782 898 2822 ita
929 2780 1121 2822 Creator
1151 2780 1345 2820 universi
1378 2779 1589 2820 distinxit
1620 2778 1741 2819 bona

248 2851 297 2886 et
337 2844 516 2886 illorum
548 2858 668 2893 vera,
706 2857 758 2885 ac
799 2844 1006 2885 similiter
1037 2842 1157 2884 mala
1194 2849 1240 2884 et
1277 2842 1437 2884 horum
1468 2841 1583 2882 falsa
1613 2847 1739 2894 post-

250 2922 384 2963 quam
411 2914 578 2950 exorta
609 2914 726 2949 sunt.
788 2906 923 2961 Quod
955 2908 997 2948 in
1031 2920 1214 2960 genera,
1243 2906 1417 2959 species
1448 2918 1499 2946 ac
1533 2904 1740 2946 differen-

250 2972 353 3023 tias,
385 2972 649 3014 distinxerit
673 2971 832 3012 'omnia
862 2977 910 3012 et
941 2969 1118 3024 singula
1148 2970 1191 3010 in
1224 2969 1395 3010 mundo
1425 2967 1660 3020 spirituali,
1693 2973 1741 3010 et
