2014 3386
281 370 338 413 94
744 368 988 403 DELICIAE
1019 368 1325 402 SAPIENTIAE

278 493 392 519 amor
420 493 538 519 sexus
568 482 622 519 sit
639 481 914 524 [¹1i11imitatus,
941 483 1231 525 interminatus,
1257 484 1426 525 solutus,
1453 483 1713 531 promiscuus,
1739 490 1780 521 et

276 546 413 582 vagus,
431 543 473 572 at
493 547 607 572 amor
623 537 860 583 conjugialis
881 537 1087 577 limitatus,
1106 537 1407 578 determinatus,
1425 537 1675 578 constrictus,
1695 548 1781 574 cer·

276 595 343 624 tus
362 596 403 624 et
420 596 631 630 constans;
657 596 699 625 et
716 591 825 636 quod
851 590 918 626 hic
942 600 1056 626 amor
1073 590 1164 626 ideo
1180 601 1213 626 ·a
1237 590 1451 636 prudentia
1468 591 1688 637 sapientiae
1707 591 1782 627 hu-

277 653 418 678 manae
431 642 608 678 sancitus
626 649 666 678 et
680 643 960 678 constabilitus
977 643 1039 684 sit,
1055 643 1151 689 quia
1166 643 1314 690 alioqui
1334 654 1415 679 non
1434 643 1538 679 foret
1554 643 1779 690 imperium,

276 706 357 730 non
385 706 568 742 regnum,
590 706 670 731 non
699 696 933 742 respublica,
955 696 1080 731 immo
1108 707 1188 732 non
1216 696 1397 737 societas,
1420 697 1490 732 sed
1519 696 1704 733 homines
1734 704 1778 733 ut

274 754 458 784 catervae
479 755 520 784 et
540 755 723 784 catervae
744 756 986 795 vagarentur
1006 749 1045 784 in
1071 749 1223 795 campis
1247 756 1290 785 et
1314 749 1424 785 silvis
1449 760 1540 784 cum
1567 750 1710 786 scortis
1736 757 1778 786 et

274 800 435 837 feminis
456 801 590 847 raptis,
610 812 656 836 ac
677 801 861 848 fugerent
883 812 906 837 a
927 802 1022 838 sede
1044 802 1083 837 in
1111 803 1247 838 sedem
1268 802 1319 837 ad
1341 802 1574 838 evitandum
1593 809 1778 839 cruentas

274 855 428 896 caedes,
447 855 687 891 violationes
705 862 746 891 et
764 856 934 902 rapinas,
953 867 1023 902 per
1039 867 1138 902 quas
1159 857 1388 892 universum
1409 867 1536 903 genus
1554 857 1773 892 humanum

274 908 536 954 exstIrpatum
556 909 652 944 iret:
677 909 755 944 hoc
774 915 955 944 nostrum
975 909 1170 955 judicium
1189 916 1250 945 est
1271 910 1321 945 de
1342 909 1496 956 origine
1514 909 1662 945 amoris
1679 920 1775 945 con-

270 961 442 1008 jugialis.
493 961 550 997 At
569 962 761 997 virtutem
787 973 857 997 seu
886 962 1109 1008 potentiam
1135 963 1280 998 amoris
1305 962 1545 1009 conjugialis
1566 963 1775 999 educimus

273 1025 323 1049 ex
340 1014 512 1049 sanitate
527 1015 706 1060 corporis
723 1015 916 1050 continue
935 1022 1138 1061 perstante
1156 1026 1180 1051 a
1197 1022 1313 1061 partu
1333 1016 1384 1051 ad
1403 1015 1602 1051 senectam
1617 1027 1625 1057 ς
1651 1016 1776 1051 homo

272 1066 379 1102 enim
410 1068 601 1103 continue
632 1078 771 1113 sospes
804 1074 845 1103 et
875 1068 1008 1103 stabili
1038 1068 1191 1114 potitus
1219 1069 1450 1104 valetudine
1480 1080 1561 1104 non
1592 1069 1776 1104 deficitur

270 1120 430 1166 vigore;
456 1121 542 1166 ejus
562 1120 694 1160 fibrae,
714 1121 835 1162 nervi,
855 1121 1035 1161 musculi,
1053 1127 1324 1162 cremasteres,
1344 1132 1425 1157 non
1446 1128 1691 1167 torpescunt,
1714 1133 1775 1158 re-

270 1173 464 1214 laxantur,
486 1180 527 1208 et
552 1173 804 1215 flaccescunt,
831 1174 900 1209 sed
930 1181 1168 1219 permanent
1194 1174 1234 1209 in
1261 1175 1404 1210 robore
1429 1174 1572 1210 virium
1593 1185 1775 1210 suarum:

269 1226 438 1262 valete.”
490 1226 564 1262 His
583 1227 808 1272 subscripta
825 1234 887 1262 est
905 1227 1040 1262 littera
1058 1232 1077 1245 ‘⁸
1089 1227 1161 1262 A.”

342 1280 462 1316 108.
499 1280 646 1325 Quinto
666 1280 805 1315 eduxit
825 1280 1003 1315 chartam
1025 1290 1074 1315 ex
1095 1291 1206 1321 urna,
1220 1291 1270 1316 ex
1287 1291 1367 1326 qua
1383 1280 1482 1326 legit
1499 1279 1609 1316 haec.
1654 1285 1676 1299 ‘¹
1689 1279 1774 1317 Nos

270 1333 482 1378 populares
503 1333 553 1367 ad
574 1339 752 1368 nostram
772 1344 950 1368 mensam
969 1344 1018 1369 ex
1040 1333 1235 1368 mentium
1255 1340 1480 1369 nostrarum
1500 1333 1772 1370 rationalitate

270 1385 516 1431 inspeximus
539 1385 578 1420 in
600 1385 795 1432 originem
817 1386 966 1421 amoris
990 1386 1240 1432 conjugialis‚
1258 1397 1304 1421 ac
1327 1386 1366 1421 in
1388 1386 1584 1432 originem
1610 1386 1772 1423 virtutis

270 1449 340 1473 seu
359 1438 563 1484 potentiae
581 1439 686 1484 ejus:
713 1445 754 1473 et
772 1439 966 1485 originem
985 1439 1132 1475 amoris
1149 1439 1386 1486 conjugialis
1402 1450 1481 1474 non
1496 1439 1614 1474 aliam
1629 1450 1677 1474 ex
1694 1440 1770 1475 cir-

269 1490 509 1537 cumspectis
529 1491 749 1527 rationibus
766 1491 940 1527 vidimus
958 1498 1000 1527 et
1020 1492 1355 1532 confirmavimus,
1374 1503 1492 1538 quarn
1511 1492 1620 1538 quod
1638 1493 1769 1529 omnis

269 1545 393 1579 homo
411 1555 460 1580 ex
478 1544 685 1580 fomitibus
703 1552 744 1580 et
766 1545 857 1580 inde
881 1545 1152 1580 incitamentis
1171 1545 1210 1579 in
1233 1545 1354 1591 adyto
1373 1545 1517 1580 mentis
1534 1552 1575 1580 et
1592 1546 1770 1591 corporis

268 1598 355 1643 ejus
374 1598 587 1633 occultatis
606 1604 698 1643 post
715 1598 844 1633 varias
862 1598 1071 1633 oculorum
1088 1598 1175 1643 ejus
1194 1598 1379 1633 libidines
1397 1598 1560 1633 tandem
1578 1599 1629 1633 ad
1648 1609 1768 1633 unam

267 1662 290 1686 e
313 1662 409 1686 sexu
436 1650 624 1686 feminam
652 1651 835 1686 intendat
857 1658 1032 1686 mentem
1054 1658 1095 1686 et
1116 1651 1297 1692 acelinet,
1315 1662 1441 1697 usque
1462 1652 1558 1686 dum
1584 1651 1634 1699 ad
1661 1651 1768 1686 illam

268 1703 428 1750 penitus
443 1703 656 1739 incalescat
672 1715 680 1739 :
705 1705 755 1739 ab
774 1704 850 1739 hoc
868 1711 1050 1749 tempore
1064 1704 1172 1739 calor
1184 1704 1270 1749 ejus
1289 1715 1313 1739 a
1329 1704 1490 1739 flamma
1508 1703 1546 1738 in
1566 1704 1767 1739 flammam

266 1757 360 1798 abit,
379 1768 506 1803 usque
525 1757 620 1792 dum
640 1757 684 1792 fit
703 1757 932 1792 incendium
948 1769 956 1796 ;
983 1757 1022 1791 in
1041 1757 1118 1791 hoc
1136 1764 1244 1791 statu
1263 1757 1418 1792 exsulat
1435 1757 1560 1792 libido
1578 1767 1706 1798 sexus,
1724 1763 1766 1792 et

267 1821 339 1856 pro
357 1810 522 1845 libidine
545 1809 589 1844 fit
610 1820 723 1845 amor
743 1809 1003 1856 conjugialis;
1028 1810 1262 1844 adolescens
1283 1820 1453 1855 sponsus
1475 1810 1514 1844 in
1537 1809 1613 1845 hoc
1632 1809 1768 1845 incen-

267 1863 335 1898 dio
353 1874 434 1898 non
453 1863 528 1898 scit
546 1863 662 1898 aliter
678 1873 796 1908 quam
815 1862 924 1908 quod
945 1863 1073 1897 virtus
1090 1873 1160 1898 seu
1183 1862 1365 1908 potentia
1386 1862 1489 1897 illius
1507 1862 1653 1898 amoris
1672 1873 1767 1898 nus—

266 1927 385 1962 quam
408 1915 585 1951 desitura
604 1915 667 1956 sit,
686 1922 793 1950 caret
819 1915 924 1950 enirn
951 1915 1195 1961 experientia
1211 1921 1253 1950 et
1279 1915 1372 1950 inde
1393 1915 1560 1950 scientia
1580 1915 1630 1950 de
1656 1922 1764 1951 statu

266 1967 445 2004 defeetus
458 1969 614 2009 virium,
629 1975 669 2003 et
683 1968 780 2003 tunc
794 1967 1071 2014 frigescentiae
1085 1968 1232 2003 amoris
1247 1974 1338 2014 post
1351 1968 1513 2003 delicias
1526 1980 1534 2009 ;
1555 1975 1616 2003 est
1631 1969 1766 2015 itaque

265 2022 378 2068 origo
395 2022 543 2057 amoris
557 2021 793 2068 conjugialis
811 2032 859 2056 ex
879 2022 1008 2067 primo
1028 2021 1097 2056 illo
1110 2027 1204 2056 ante
1222 2021 1381 2067 nuptias
1394 2022 1547 2062 ardore,
1562 2028 1603 2056 et
1621 2032 1670 2057 ex
1687 2022 1765 2058 hoc

263 2075 390 2110 virtus
412 2085 481 2110 seu
504 2075 686 2120 potentia
706 2074 815 2120 ejus:
841 2081 883 2109 at
904 2074 1002 2109 haec
1024 2080 1115 2120 post
1135 2074 1295 2120 nuptias
1316 2073 1422 2110 faces
1443 2085 1533 2110 suas
1556 2081 1696 2115 mutat,
1718 2085 1765 2110 ac

265 2128 461 2163 decrescit
481 2134 522 2163 et
543 2127 739 2168 increscit,
758 2127 828 2162 sed
850 2137 977 2173 usque
999 2133 1151 2173 perstat
1171 2138 1262 2162 cum
1284 2127 1417 2162 stabili
1440 2127 1674 2168 mutatione,
1693 2138 1763 2163 seu

265 2180 538 2216 decrescentia
555 2187 595 2215 et
613 2180 878 2216 increscentia
898 2191 1023 2226 usque
1044 2181 1094 2215 ad
1117 2180 1284 2221 senium,
1305 2191 1376 2226 per
1396 2181 1695 2217 moderationes
1714 2191 1763 2217 ex

265 2234 488 2280 prudentia,
507 2240 548 2268 et
570 2244 640 2279 per
656 2233 943 2268 refrenationes
960 2233 1170 2268 libidinum
1189 2234 1482 2279 erumpentium
1501 2245 1550 2269 ex
1566 2235 1764 2280 specubus

265 2287 411 2323 mentis
430 2287 609 2322 nondum
625 2286 862 2327 defaecatis;
889 2286 1014 2322 libido
1028 2286 1134 2322 enirn
1149 2287 1277 2322 anteit
1290 2287 1526 2332 sapientiam
1541 2297 1549 2322 :
1575 2287 1653 2322 hoc
1671 2297 1763 2322 nos-

263 2346 369 2375 trum
387 2340 581 2386 judicium
601 2347 662 2375 est
680 2341 730 2375 de
748 2340 901 2387 origine
919 2347 959 2375 et
981 2339 1276 2385 perseverantia
1292 2340 1452 2375 virtutis
1469 2351 1539 2375 seu
1558 2340 1762 2386 potentiae

263 2393 535 2439 conjugialis.''
587 2392 662 2427 His
680 2393 904 2438 subscripta
921 2399 982 2428 est
1001 2392 1135 2428 littera
1152 2397 1172 2411 ‘⁸
1188 2392 1256 2428 P.'’

334 2454 459 2491 109.
494 2446 608 2480 Sexto
625 2446 764 2481 eduxit
781 2446 972 2486 chartam,
991 2456 1041 2480 ex
1058 2456 1137 2491 qua
1153 2445 1251 2491 legit
1268 2445 1389 2481 haec:
1415 2450 1436 2464 “
1450 2444 1533 2480 Nos
1551 2445 1762 2491 populares

262 2510 311 2535 ex
330 2506 469 2534 nostro
486 2498 674 2534 sodalitio
692 2499 1045 2544 circumspeximus
1063 2509 1203 2534 causas
1224 2498 1389 2544 originis
1410 2498 1556 2533 amoris
1578 2498 1760 2545 conjugi-

263 2553 345 2593 alis,
365 2558 404 2587 et
422 2551 698 2587 consensimus
721 2552 761 2586 in
783 2553 893 2592 duas,
912 2562 1079 2597 quarum
1102 2562 1182 2586 una
1202 2557 1263 2587 est
1282 2552 1390 2597 justa
1409 2550 1595 2586 educatio
1616 2551 1761 2586 libero-

263 2616 362 2646 rum,
389 2611 430 2640 et
456 2605 582 2639 altera
606 2604 795 2639 distincta
821 2604 1021 2650 possessio
1047 2604 1339 2643 hereditatum:
1374 2603 1661 2649 assumpsimus
1687 2603 1759 2639 has

263 2659 373 2698 duas,
392 2658 486 2703 quia
509 2657 715 2692 collimant
741 2664 781 2692 et
807 2656 990 2703 speClant
1015 2657 1066 2692 ad
1091 2668 1215 2692 unum
1241 2667 1417 2702 scopum,
1436 2656 1503 2702 qui
1525 2663 1586 2691 est
1607 2657 1757 2691 bonum

263 2711 487 2757 publicum;
513 2717 554 2745 et
572 2710 649 2745 hoc
667 2710 881 2750 obtinetur,
901 2710 994 2755 quia
1016 2709 1188 2745 infantes
1209 2720 1258 2745 ex
1275 2720 1410 2744 amore
1428 2709 1643 2755 conjugiali
1662 2719 1759 2744 con—

262 2764 368 2810 cepti
387 2770 427 2799 et
445 2763 526 2798 nati
546 2762 646 2798 fiunt
664 2763 811 2808 proprii
829 2769 871 2798 et
888 2763 1078 2809 germani,
1093 2769 1134 2798 et
1152 2762 1193 2797 hi
1211 2773 1261 2798 ex
1278 2772 1412 2797 amore
1430 2768 1564 2808 storge
1582 2762 1758 2798 exaltato

263 2828 333 2863 per
349 2816 457 2863 quod
480 2816 560 2851 sint
577 2826 626 2851 ex
646 2816 827 2861 legitimo
845 2822 1068 2855 stemmate,
1087 2815 1311 2850 educantur
1327 2814 1366 2849 in
1388 2814 1556 2850 heredes
1577 2815 1757 2850 omnium

264 2870 559 2916 possessionum
578 2875 659 2904 tarn
678 2868 942 2914 spiritualium
957 2879 1077 2914 quarn
1093 2867 1332 2902 naturalium
1347 2878 1509 2903 suorum
1525 2874 1758 2913 parentum:

262 2923 371 2968 quod
393 2933 513 2968 super
531 2923 638 2968 justa
657 2921 896 2957 educatione
915 2921 1140 2961 liberorum,
1162 2927 1204 2955 et
1229 2930 1348 2966 super
1368 2919 1557 2955 distincta
1581 2931 1758 2966 possses-

263 2977 374 3011 sione
389 2976 668 3014 hereditatum,
683 2974 875 3009 fundetur
887 2975 1037 3009 bonum
1056 2973 1270 3019 publicum,
1284 2973 1395 3008 videt
1413 2973 1526 3009 ratio.
1563 2973 1633 3008 Est
1645 2983 1758 3008 amor

264 3039 390 3070 sexus,
410 3036 450 3065 et
476 3035 538 3065 est
563 3039 675 3064 arnor
701 3025 959 3074 conjugialis:
985 3026 1050 3062 hic
1076 3036 1190 3062 amor
1213 3032 1379 3072 apparet
1402 3025 1508 3062 sicut
1535 3037 1638 3062 unus
1663 3035 1754 3062 cum
