2014 3386
313 329 393 371 166
773 337 1016 371 DEL1c1AE
1047 338 1351 371 SAPIENTIAE

308 454 430 509 quod
462 447 549 495 hoc
582 468 642 496 ex
675 449 921 507 conjugiali
948 454 1021 503 sit,
1049 459 1120 495 est
1152 454 1256 507 quia
1281 466 1409 495 amor
1434 450 1703 507 conjugialis
1735 454 1804 495 est'

306 517 664 559 fundamentalis
689 519 891 559 omnium
917 530 1138 567 amorum,
1167 524 1216 559 ut
1243 528 1377 571 supra
1405 515 1468 571 (n.
1493 516 1586 571 65),
1610 517 1802 558 demon·-

310 586 506 623 stratum
533 587 618 622 est.

395 652 525 697 204.
568 643 704 697 Quod
737 643 889 698 proles
921 649 1058 685 natae
1096 643 1155 684 ab
1194 643 1282 684 illis
1313 644 1386 698 qui
1427 643 1471 684 in
1509 656 1665 684 amore
1696 656 1803 684 vere

306 706 552 761 conjugiali
570 713 688 756 sunt,
709 707 896 748 trahant
919 707 1241 748 inclinationes
1259 713 1306 748 et
1328 706 1588 755 facultates,
1613 707 1649 746 si
1671 704 1800 754 filius,

307 772 367 814 ab
397 771 738 825 percipiendum
769 770 848 811 illa
878 784 994 824 quae
1026 771 1280 823 sapientiae
1311 776 1432 819 sunt,
1461 776 1507 811 et
1545 770 1581 810 si
1612 769 1718 819 filia,
1745 769 1804 810 ad

310 834 556 877 amandum
587 833 666 874 illa
697 847 813 888 quae
840 834 1067 887 sapientia
1093 834 1246 882 docet,
1275 839 1346 874 est
1377 847 1528 882 causa,
1557 834 1661 887 quia
1691 846 1802 874 con-

301 896 473 951 jugiale
499 898 606 938 boni
632 903 679 938 et
710 898 804 938 veri
835 911 862 938 a
893 898 1124 938 creatione
1150 897 1474 950 implantatum
1501 903 1574 938 est
1607 896 1806 949 cujusvis.

309 963 501 1010 animae,
535 968 582 1002 et
623 974 803 1015 quoque
835 961 1180 1014 insequentibus
1221 960 1279 1001 ab
1317 961 1498 1011 anima;
1545 973 1650 1001 nam
1683 959 1803 1014 quod

305 1023 565 1078 conjugiale
590 1024 702 1065 illud
729 1023 918 1078 impleat
946 1024 1204 1065 universum
1231 1037 1257 1064 a
1289 1024 1442 1076 primis
1468 1023 1526 1063 ad
1553 1023 1727 1072 ultima,
1755 1029 1807 1064 et·

306 1088 365 1129 ab
388 1088 573 1129 homine
595 1101 735 1141 usque
758 1088 816 1128 ad
839 1101 1055 1136 vermem,
1075 1088 1196 1141 prius
1219 1093 1454 1127 ostensum
1477 1092 1547 1126 est
1567 1100 1576 1136 ;
1609 1092 1656 1127 et
1683 1086 1804 1140 quod

306 1152 498 1194 facultas
521 1151 579 1193 ad
605 1151 899 1205 aperiendum
923 1151 1133 1192 inferiora
1156 1150 1324 1191 mentis
1347 1163 1486 1203 usque
1509 1148 1566 1190 ad
1589 1148 1804 1202 conjunc-

307 1216 483 1258 tionem
509 1228 611 1256 cum
637 1214 731 1268 ejus
758 1215 1074 1268 superioribus,
1103 1227 1218 1268 quae
1245 1219 1351 1254 sunt
1383 1213 1426 1253 in
1454 1212 1554 1253 luce
1580 1218 1627 1253 et
1653 1212 1804 1254 calore

308 1279 437 1328 caeli,
462 1279 600 1320 cuivis
623 1278 796 1319 homini
819 1292 845 1318 a
867 1278 1105 1323 creatione,
1123 1277 1269 1318 indita
1291 1277 1364 1325 sit,
1385 1276 1505 1329 prius
1528 1276 1666 1316 etiam
1688 1275 1804 1317 indi-

309 1349 464 1385 catum
491 1348 592 1392 est;
624 1341 731 1382 inde
758 1347 902 1394 patet,
927 1340 1048 1395 quod
1075 1339 1291 1381 habilitas
1318 1346 1364 1380 et
1389 1339 1583 1380 facilitas
1609 1339 1666 1379 ad
1694 1352 1805 1380 con-

303 1406 586 1461 jungendum
609 1405 779 1445 bonum
802 1418 924 1453 vero,
949 1410 996 1445 et
1018 1417 1173 1445 verum
1196 1404 1332 1452 bono,
1352 1404 1416 1443 ita
1438 1403 1495 1443 ad
1521 1403 1803 1456 sapiendum,

307 1470 396 1512 illis
421 1470 495 1524 qui
522 1484 546 1511 e
576 1468 659 1510 tali
685 1468 897 1521 conjugio
919 1468 1013 1508 nati
1039 1474 1158 1515 sunt,
1184 1481 1290 1520 prae
1313 1466 1494 1520 reliquis
1517 1480 1542 1506 a
1565 1466 1806 1508 nativitate

307 1533 578 1575 inheredata
616 1533 703 1584 sit;
749 1537 1086 1585 consequenter
1122 1531 1262 1571 etiam
1300 1530 1358 1571 ad
1395 1530 1688 1571 imbuendum
1728 1529 1806 1571 illa

308 1611 424 1651 quae
443 1596 664 1637 ecclesiae
686 1601 732 1636 et
757 1595 871 1636 caeli
890 1600 996 1635 sunt
1017 1608 1026 1645 ;
1063 1594 1183 1648 quod
1208 1607 1309 1634 cum
1331 1593 1400 1634 his
1423 1606 1551 1634 amor
1569 1592 1804 1646 conjugia-

308 1660 363 1701 lis
387 1658 656 1713 conjunctus
679 1660 752 1708 sit,
778 1672 912 1712 supra
935 1658 1101 1712 pluries
1125 1657 1468 1698 manifestatum
1491 1662 1575 1697 est.
1635 1656 1710 1697 Ex
1736 1655 1806 1697 his

308 1736 463 1766 coram
490 1724 666 1765 ratione
699 1723 934 1764 evidenter
963 1727 1095 1774 patet
1126 1720 1239 1769 finis,
1268 1727 1454 1773 propter
1485 1732 1618 1773 quem
1650 1718 1805 1772 conju-

308 1789 385 1842 gia
424 1788 592 1829 amoris
624 1800 730 1827 vere
762 1785 1031 1838 conjugialis
1071 1798 1098 1825 a
1139 1782 1587 1824 Dominoocreatore
1625 1782 1806 1836 provisa.

308 1858 432 1901 sunt,
461 1858 507 1893 et
534 1851 681 1892 adhuc
709 1850 1018 1904 providentur.

393 1923 526 1968 205.
567 1913 737 1954 Audivi
760 1913 817 1953 ab
842 1912 1034 1965 angelis,
1059 1911 1179 1965 quod
1207 1910 1285 1959 illi,
1310 1910 1384 1964 qui
1410 1910 1453 1950 in
1480 1909 1805 1963 antiquissimis

309 1978 433 2020 aevis
466 1978 694 2024 vixerant,
727 1976 864 2017 hodie
904 1976 949 2016 in
990 1975 1127 2016 caelis
1160 1975 1318 2014 vivant
1349 1973 1511 2014 domus
1542 1979 1590 2013 et
1622 1973 1800 2021 domus,

310 2041 507 2082 familiae
531 2047 577 2081 et
600 2039 811 2087 familiae,
836 2052 887 2079 ac
911 2044 1077 2091 gentes
1100 2044 1145 2077 et
1169 2043 1348 2089 gentes,
1369 2035 1578 2076 similiter
1604 2042 1652 2076 ut
1675 2036 1804 2076 vixe-

309 2110 413 2146 rant
439 2105 483 2145 in
511 2104 655 2151 terris,
684 2108 729 2143 et
754 2101 875 2155 quod
901 2102 980 2141 vix
1006 2101 1167 2154 aliquis
1198 2113 1224 2140 a
1256 2100 1394 2140 domo
1420 2099 1566 2149 desit;
1607 2105 1655 2140 et
1682 2098 1804 2152 quod

314 2181 451 2209 causa
483 2167 556 2215 sit,
590 2166 693 2220 quia
725 2165 844 2218 apud
876 2164 980 2205 illos
1012 2164 1093 2204 fuit
1126 2175 1253 2204 amor
1283 2176 1388 2203 vere
1420 2161 1716 2215 conjugialis;
1758 2167 1806 2204 et

310 2231 432 2285 quod
464 2230 570 2271 inde
607 2228 758 2283 proles
790 2227 1150 2269 hereditaverint
1183 2225 1504 2266 inclinationes
1545 2225 1603 2266 ad
1645 2224 1800 2278 conju—

311 2294 432 2348 giale
458 2294 565 2334 boni
597 2299 643 2334 et
675 2293 783 2340 veri,
813 2305 864 2332 ac
897 2290 1017 2344 quod
1044 2289 1230 2330 interius
1262 2295 1309 2329 et
1341 2289 1528 2329 interius
1560 2289 1604 2329 in
1637 2287 1747 2328 illud
1778 2301 1805 2328 a

311 2357 576 2411 parentibus
599 2370 678 2409 per
700 2355 998 2396 educationes
1015 2352 1146 2393 facile
1165 2352 1329 2392 initiati
1353 2352 1458 2399 sint,
1487 2357 1532 2392 et
1557 2351 1661 2392 dein
1687 2351 1804 2391 sicut

311 2434 338 2462 a
370 2421 640 2473 semetipsis,
675 2432 776 2460 cum
809 2419 876 2459 sui
903 2417 1056 2471 judicii
1086 2414 1191 2457 saffi
1223 2421 1344 2464 sunt,
1372 2429 1398 2456 a
1431 2415 1631 2456 Domino
1662 2415 1805 2455 intro-

312 2482 435 2525 ducti
462 2484 566 2524 sint.

397 2546 533 2587 206.
568 2545 732 2599 (xviii.)
764 2544 892 2595 Quod
903 2545 968 2585 ita
972 2544 1077 2598 fiat,
1093 2542 1197 2596 quia
1214 2542 1365 2583 anima
1376 2541 1522 2594 prolis
1537 2548 1604 2582 est
1619 2556 1647 2582 a
1658 2547 1804 2594 patre,

313 2623 363 2651 ac
387 2609 574 2650 z‘nduz‘tz'o
598 2610 688 2663 ejus
720 2624 747 2650 a
772 2606 1123 2660 matra—Quod
1146 2606 1297 2646 anima
1322 2606 1380 2645 sit
1407 2619 1432 2645 a
1459 2611 1598 2658 patre,
1627 2618 1653 2644 a
1679 2602 1805 2644 nullo

314 2674 520 2727 sapiente
546 2673 589 2712 in
617 2672 800 2712 dubium
827 2677 1045 2721 vocatur;
1078 2669 1355 2722 conspicitur
1381 2669 1520 2708 etiam
1547 2668 1633 2708 hoc
1660 2667 1805 2707 mani-

314 2736 427 2777 feste
451 2749 509 2776 ex
532 2735 707 2783 animis,
732 2741 778 2775 et
802 2742 979 2788 qu‘oque
1001 2746 1061 2774 ex
1087 2732 1299 2779 faciebus,
1323 2744 1438 2784 quae
1462 2738 1566 2771 sunt
1591 2731 1688 2783 typi
1710 2729 1806 2770 ani-

316 2811 507 2847 morum,
541 2799 584 2839 in
617 2798 979 2852 posteritatibus,
1012 2809 1126 2850 quae
1163 2809 1190 2836 a
1230 2795 1432 2848 patribus
1463 2794 1730 2835 familiarum
1761 2793 1807 2833 in

312 2862 436 2915 justa
463 2862 576 2903 serie
598 2861 851 2915 procedunt
873 2874 882 2911 ;
915 2860 1033 2901 redit
1056 2859 1176 2900 enim
1199 2864 1330 2911 pater
1355 2858 1471 2898 sicut
1498 2858 1542 2897 in
1574 2855 1737 2909 effigie,
1771 2855 1808 2896 si

318 2938 409 2965 non
441 2926 486 2966 in
513 2924 626 2974 filiis,
655 2937 793 2977 usque
825 2924 869 2964 in
897 2922 1138 2977 nepotibus
1170 2926 1217 2961 et
1250 2920 1602 2974 pronepotibus-»3
1643 2925 1690 2960 et
1722 2918 1809 2959 hoc

317 2987 369 3030 fit
410 3002 470 3029 ex
510 3000 659 3037 causa,
687 2987 790 3040 quia
829 2987 979 3028 anima
1011 2985 1118 3026 facit
1155 2983 1364 3025 intimum
1396 2983 1605 3033 hominis,
1632 2987 1679 3023 et
1719 2980 1807 3023 hoc
