2014 3386
617 332 683 366 m:
715 331 895 365 AMORE
925 313 1351 375 CONJUGIAL1.—N.
1377 332 1447 376 79.
1722 332 1774 376 75

279 451 376 481 tunc
393 444 570 491 quaesivi
589 444 741 485 obvios,
760 455 861 490 quos
881 443 1044 485 offendi,
1064 448 1084 462 “
1098 443 1203 479 Num
1223 443 1392 490 potestis
1409 442 1556 483 videre,
1575 442 1668 489 quia
1690 453 1778 478 cae-

279 499 362 534 lum
379 509 498 544 super
514 498 628 533 vobis
649 508 730 532 non
748 503 913 543 apparet
924 497 964 533 ?''
1594 534 1597 538 Α
1724 496 1728 500 ”

353 551 404 586 Et
433 551 735 596 responderunt,
767 555 787 568 ‘⁸
800 549 909 597 Quid
943 549 1020 586 hoc
1053 549 1162 596 quod
1193 548 1379 595 quaeris?
1440 548 1628 584 Vidimus
1659 548 1777 588 clare,

275 604 527 640 ambulamus
547 603 586 638 in
606 604 723 649 plena
739 603 864 638 luce.''
1051 615 1054 618 ·

351 656 427 694 His
452 656 599 691 auditis
620 656 723 691 dixit
744 655 841 690 mihi
862 655 1040 702 angelus,
1063 655 1300 690 “Tenebrae
1322 660 1417 690 sunt
1443 654 1520 689 illis
1545 653 1624 694 lux,
1642 659 1684 689 et
1709 653 1778 688 lux

278 709 354 745 illis
372 716 467 752 sunt
483 710 684 750 tenebrae,
699 709 802 745 sicut
820 716 880 744 est
897 708 1039 744 avibus
1054 707 1195 748 noctis,
1210 706 1394 754 spe&ant
1408 707 1514 742 enim
1529 707 1717 742 deorsum
1736 713 1778 742 et

279 773 357 797 non
378 762 571 798 sursum.”

352 814 592 850 Intravimus
611 814 650 849 in
669 825 779 850 casas
797 814 863 849 hic
881 820 922 849 et
941 813 1004 855 ibi,
1023 820 1064 849 et
1084 813 1258 849 vidimus
1279 813 1319 848 in
1338 813 1520 859 qualibet
1536 812 1666 847 virum
1685 823 1776 847 cum

277 878 349 903 sua
374 868 552 908 muliere,
574 874 615 903 et
644 867 915 913 quaesivimus
945 878 1040 902 num
1061 867 1200 902 vivant
1226 866 1291 903 hic
1320 877 1460 902 omnes
1486 866 1526 900 in
1556 876 1628 901 sua
1653 866 1778 900 domo

277 931 368 955 cum
387 931 467 955 una
485 921 576 956 sola*
586 931 721 956 uxore.

350 973 400 1008 Et
418 974 710 1019 responderunt
723 973 773 1008 ad
792 972 892 1008 haec
909 983 999 1008 curn
1015 972 1144 1013 sibilo,
1159 976 1181 991 “
1193 971 1300 1019 Quid
1319 983 1409 1007 cum
1428 982 1508 1006 una
1525 970 1612 1006 sola
1624 969 1776 1006 uxore?

277 1025 359 1062 Cur
383 1037 462 1061 non
489 1026 691 1072 quaeritis,
711 1037 806 1060 num
832 1036 924 1061 cum
953 1036 1034 1060 una
1058 1026 1144 1061 sola
1170 1024 1405 1060 meretrice?
1440 1024 1547 1071 Quid
1574 1035 1675 1059 uxor
1700 1023 1776 1058 nisi

278 1078 494 1114 meretrix?
518 1079 576 1114 Ex
594 1079 740 1114 nostris
754 1078 909 1125 legibus
928 1089 1008 1114 non
1027 1078 1120 1114 licet
1137 1089 1227 1113 cum
1247 1078 1435 1124 pluribus,
1451 1088 1569 1123 quam
1587 1088 1677 1112 cum
1697 1087 1778 1111 una

276 1132 362 1167 sola
379 1131 538 1172 femina,
557 1131 780 1173 moechari3
806 1139 848 1166 at
865 1142 992 1177 usque
1011 1131 1127 1166 nobis
1145 1142 1225 1166 non
1244 1137 1306 1166 est
1325 1131 1582 1166 inhonestum
1601 1137 1641 1165 et
1663 1129 1774 1164 inde-

275 1195 414 1222 corum
430 1195 519 1220 cum
535 1185 723 1230 pluribus,
738 1185 808 1220 sed
827 1191 940 1219 extra
953 1184 1115 1219 domum
1130 1195 1138 1225 ;
1164 1184 1381 1230 gloriamur
1398 1184 1447 1218 de
1466 1183 1543 1218 hoc
1558 1183 1663 1218 inter
1681 1193 1776 1223 nos:

275 1237 333 1273 sic
353 1238 573 1283 gaudemus
591 1237 762 1277 licentia,
781 1243 822 1272 et
843 1237 929 1283 ejus
949 1237 1168 1282 voluptate,
1188 1237 1276 1282 plus
1294 1247 1414 1282 quam
1433 1236 1645 1282 polygami.
1695 1235 1777 1271 Cur

276 1290 482 1336 pluralitas
503 1301 672 1326 uxorum
698 1290 814 1325 nobis
836 1296 1014 1336 negatur,
1037 1297 1077 1325 et
1102 1297 1237 1325 tamen
1262 1300 1454 1325 concessa
1479 1289 1566 1328 fuit,
1588 1295 1628 1324 et
1654 1288 1775 1324 hodie

275 1343 512 1379 conceditur
533 1343 571 1378 in
593 1343 780 1378 universo
798 1350 991 1378 terrarum
1011 1343 1108 1378 orbe
1126 1342 1274 1378 circum
1293 1342 1397 1377 circa
1415 1341 1516 1377 nos?
1566 1341 1673 1388 Quid
1692 1341 1777 1376 vita

275 1407 366 1431 cum
388 1407 469 1431 una
489 1396 574 1431 sola
594 1395 753 1436 femina,
773 1396 848 1431 nisi
870 1396 1080 1442 captivitas
1105 1402 1145 1431 et
1177 1395 1463 1430 incarceratio?
1515 1394 1594 1430 Sed
1616 1405 1688 1429 nos
1710 1394 1776 1429 hic

275 1449 432 1484 obicem
458 1449 578 1495 hujus
603 1449 772 1484 carceris
797 1449 1056 1495 effringimus,
1078 1455 1119 1483 et
1145 1459 1219 1484 nos
1245 1448 1436 1494 eripimus
1462 1459 1484 1483 e
1510 1448 1712 1487 servitute,
1734 1453 1775 1482 et

275 1501 614 1542 manumittimus;
640 1501 728 1547 quis
742 1508 950 1536 succenset
964 1501 1134 1547 captivo,
1149 1501 1217 1547 qui
1235 1512 1278 1537 se
1293 1501 1470 1536 vindicat
1483 1512 1573 1536 cum
1589 1507 1721 1546 potest
1733 1499 1774 1535 ?'’

347 1555 411 1589 Ad
432 1555 531 1590 haec
549 1554 839 1600 respondimus,
858 1558 879 1572 ⁴‘
894 1554 1096 1600 Loqueris,
1115 1554 1253 1594 amice,
1269 1554 1372 1589 sicut
1391 1565 1531 1599 expers
1550 1553 1774 1599 religionis;

274 1607 362 1653 quis
383 1608 515 1653 aliqua
534 1608 687 1642 ratione
706 1607 882 1642 imbutus
901 1618 981 1642 non
1003 1607 1078 1642 scit
1100 1607 1207 1653 quod
1229 1607 1423 1642 adulteria
1444 1607 1525 1642 sint
1547 1606 1714 1652 profana
1734 1612 1775 1641 et

276 1660 492 1699 infernalia,
511 1666 552 1695 et
577 1660 687 1706 quod
708 1660 895 1706 conjugia
911 1660 992 1695 sint
1009 1659 1145 1696 sancta
1165 1667 1206 1695 et
1227 1659 1440 1695 caelestia?
1491 1659 1645 1695 Suntne
1663 1659 1774 1694 adul-

273 1713 374 1748 teria
394 1713 499 1758 apud
522 1712 704 1748 diabolos
731 1713 770 1748 in
794 1713 960 1753 inferno,
984 1719 1025 1748 et
1050 1713 1238 1759 conjugia
1257 1713 1363 1759 apud
1385 1713 1548 1759 angelos
1571 1712 1609 1747 in
1632 1711 1773 1747 caelo?

275 1765 477 1812 Legistine
507 1773 664 1801 sextum
695 1774 953 1811 praeceptum
989 1766 1168 1812 decalogi
1184 1765 1200 1801 ?
1236 1773 1277 1802 et
1306 1766 1412 1811 apud
1450 1766 1632 1806 Paulum,
1663 1764 1772 1811 quod

272 1819 443 1855 adulteri
462 1830 713 1865 nequaquam
736 1819 889 1864 possint
906 1819 1042 1854 venire
1061 1819 1100 1853 in
1119 1819 1273 1854 caelum
1287 1819 1328 1855 ?’'

344 1873 409 1908 Ad
428 1873 526 1907 haec
546 1872 691 1918 hospes
710 1872 796 1906 risit
813 1878 903 1907 toto
917 1871 1092 1918 pectore,
1108 1879 1148 1907 et
1165 1872 1321 1918 aspexit
1339 1883 1402 1907 rne
1420 1871 1523 1907 sieut
1537 1871 1772 1918 simplicem,

273 1931 314 1961 et
332 1936 456 1972 paene
474 1925 578 1960 sicut
597 1925 794 1960 insanum.

345 1979 401 2014 At
420 1978 526 2013 illico
539 1985 636 2013 tunc
649 1978 820 2013 accurrit
834 1977 998 2012 nuntius
1016 1988 1064 2013 ex
1083 1977 1254 2023 primore
1269 1978 1389 2015 urbis.
1404 1984 1444 2012 et
1463 1978 1574 2018 dixit,
1590 1982 1611 1996 ‘¹
1626 1978 1772 2013 Adduc

272 2031 389 2066 binos
407 2031 581 2066 advenas
604 2030 643 2065 in
662 2029 804 2071 forum,
824 2037 864 2066 et
885 2030 918 2066 si
941 2041 1021 2065 non
1039 2031 1192 2071 volunt,
1213 2031 1302 2066 illos
1320 2031 1433 2066 trahe
1453 2031 1568 2071 illuc:
1594 2031 1771 2066 vidimus

274 2084 362 2119 illos
382 2084 420 2119 in
440 2084 579 2118 umbra
598 2083 709 2123 lucis,
725 2083 978 2118 intraverunt
997 2084 1036 2118 in
1054 2084 1227 2125 occulto,
1246 2091 1340 2119 sunt
1358 2084 1668 2129 exploratores.'’

347 2137 396 2172 Et
415 2137 515 2172 dixit
534 2136 630 2171 mihi
651 2137 827 2182 angelus,
847 2141 867 2154 ⁴‘
881 2135 998 2183 Quod
1018 2137 1092 2172 visi
1115 2137 1238 2172 simus
1265 2137 1303 2172 in
1332 2138 1483 2178 umbra,
1503 2145 1562 2172 est
1588 2137 1681 2183 quia
1701 2137 1770 2172 lux

273 2189 383 2229 caeli,
403 2189 442 2224 in
461 2201 540 2235 qua
557 2189 715 2230 fuimus,
729 2196 791 2224 est
810 2189 887 2224 illis
902 2190 1052 2230 umbra,
1067 2201 1114 2224 ac
1131 2191 1271 2225 umbra
1285 2189 1427 2225 inferni
1445 2197 1506 2225 est
1526 2190 1601 2225 illis
1620 2191 1704 2230 lux:
1731 2199 1772 2225 et

273 2243 351 2277 hoc
369 2242 423 2282 fit,
439 2243 532 2288 quia
550 2242 649 2277 nihil
669 2249 856 2288 reputant
870 2249 1090 2288 peccatum,
1107 2254 1157 2278 ne
1174 2243 1335 2289 quidem
1352 2243 1603 2282 adulterium,
1619 2250 1659 2278 et
1679 2244 1772 2279 inde

271 2297 411 2332 vident
432 2296 574 2332 falsum
597 2297 713 2342 plane
735 2295 839 2331 sicut
856 2307 1005 2336 verum,
1027 2307 1074 2332 ac
1101 2296 1242 2332 falsum
1265 2297 1372 2332 lucet
1399 2297 1437 2332 in
1462 2297 1616 2332 inferno
1637 2308 1770 2332 coram

273 2351 431 2391 samnis,
450 2361 496 2386 ac
513 2361 651 2386 verum
667 2356 771 2385 atrat
785 2350 924 2386 oculos
943 2350 1099 2386 illorum
1119 2351 1222 2386 sicut
1240 2352 1379 2386 umbra
1397 2350 1561 2386 nofiis.”

347 2405 397 2440 Et
426 2405 599 2439 diximus
626 2404 676 2439 ad
703 2403 899 2444 nuntium,
930 2409 948 2423 “
965 2404 1057 2440 Νοη
1079 2405 1318 2451 urgebimur,
1341 2405 1471 2440 minus
1492 2405 1706 2445 trahemur,
1730 2404 1769 2439 in

274 2456 414 2496 forum,
433 2458 500 2493 sed
521 2465 664 2503 sponte
683 2458 828 2493 ibimus
846 2458 1017 2494 tecum.''
1371 2469 1375 2473 ·

345 2510 406 2545 Ac
432 2510 599 2546 ivimus:
625 2518 666 2546 et
683 2521 775 2546 ecce
794 2511 847 2545 ibi
867 2511 992 2545 multa
1009 2511 1135 2550 turba,
1154 2521 1175 2545 e
1197 2522 1276 2556 qua
1293 2511 1499 2546 exiverunt
1518 2510 1637 2556 aliqui
1653 2510 1771 2556 legis-

274 2563 402 2608 periti,
417 2570 458 2598 et
479 2564 594 2598 nobis
613 2563 652 2598 in
674 2574 810 2599 aurem
832 2564 1029 2604 dixerunt,
1050 2569 1069 2582 ‘⁸
1085 2563 1232 2599 Cavete
1253 2563 1367 2599 vobis
1389 2575 1438 2598 ne
1459 2564 1608 2609 aliquid
1632 2564 1769 2609 loqua-

275 2616 370 2650 mini
392 2623 531 2652 contra
549 2617 793 2662 religionem,
814 2617 1016 2663 regiminis
1034 2617 1214 2657 formam,
1233 2624 1274 2652 et
1292 2618 1419 2652 bonos
1438 2618 1604 2652 mores.''

347 2668 397 2703 Et
414 2670 765 2715 respondebamus,
785 2669 910 2704 “Non
931 2670 1150 2716 loquemur,
1170 2670 1240 2705 sed
1264 2681 1335 2715 pro
1354 2670 1430 2706 illis
1448 2679 1488 2705 et
1510 2682 1557 2705 ex
1578 2669 1688 2706 illis.'’

347 2720 398 2756 Et
415 2722 695 2767 quaesivimus,
716 2721 859 2769 “Quae
877 2729 1010 2758 vestra
1028 2723 1167 2769 religio
1185 2730 1246 2758 est
1265 2724 1314 2758 de
1333 2723 1529 2769 conjugiis
1541 2723 1580 2758 ?”

347 2773 412 2808 Ad
435 2774 533 2809 haee
554 2772 824 2810 murmurabat
841 2776 969 2815 turba,
989 2782 1030 2811 et
1051 2776 1163 2816 dixit,
1184 2781 1202 2794 ‘¹
1216 2775 1322 2823 Quid
1340 2776 1454 2811 vobis
1478 2776 1540 2810 hic
1562 2786 1651 2810 curn
1674 2785 1769 2810 con-

277 2825 423 2872 jugiis?
448 2827 634 2873 conjugia
651 2835 745 2863 sunt
762 2828 984 2874 conjugia.”

352 2878 402 2912 Et
423 2879 563 2914 iterum
586 2881 865 2926 quaesivimus,
884 2880 1029 2928 “Quae
1050 2887 1183 2916 vestra
1203 2881 1343 2928 religio
1364 2887 1424 2916 est
1446 2881 1495 2915 de
1517 2879 1770 2916 scortationi-

277 2930 352 2966 bus
363 2930 403 2966 ?''

348 2984 412 3020 Ad
439 2984 537 3020 haec
558 2985 678 3021 etiam
698 2986 817 3022 turba
837 2987 1107 3022 murmurabat
1128 2986 1275 3027 d1cens,
1295 2985 1433 3033 “Quid
1456 2985 1568 3021 vobis
1591 2985 1655 3021 hic
1675 2996 1766 3022 cum
