2014 3386
314 361 333 391 1
345 350 396 391 18
773 355 1017 389 DELICIAE
1048 353 1355 388 SAPIENTIAE

522 469 605 515 (xi.)
643 469 756 516 Quod
767 470 930 504 castitas
947 479 1021 503 non
1038 467 1277 513 praedicari
1290 467 1415 512 possit
1430 466 1475 501 de
1493 465 1584 506 illis,
1602 465 1676 510 qui
1686 463 1806 500 solum

726 519 892 572 propter
911 517 1051 550 varias
1067 526 1203 549 causas
1218 518 1399 549 externas
1421 514 1469 548 ab
1492 513 1702 548 adulteriis
1725 512 1807 547 abs-

509 610 606 657 (xii.)
645 567 927 656 Ωκοὲιῗιῖζῗᾶαε
941 620 1013 644 non
1023 609 1261 654 praedicari
1266 609 1392 654 possit
1403 607 1449 642 de
1461 607 1552 648 illis,
1566 608 1640 652 qui
1647 606 1809 642 credunt

735 658 917 702 conjugia
936 668 1010 691 esse
1027 658 1187 691 z'ncasta.

492 704 604 751 (xiii.)
642 704 757 751 Quod
776 706 938 739 castitas
957 715 1030 738 non
1044 703 1281 749 praedicari
1290 703 1415 747 possit
1433 702 1480 736 de
1499 701 1591 742 illis,
1611 702 1686 746 qui
1700 700 1808 735 abdi-

735 755 924 786 caverunt
940 751 1120 796 conjugia
1138 750 1303 784 vovendo
1320 751 1552 794 perpetuum
1569 748 1808 787 caelibatum.

736 798 979 880 utri-iyillis
994 799 1048 833 sit
1067 801 1104 832 et
1120 799 1352 852 permaneat
1370 807 1480 831 amor
1496 798 1602 830 vilae
1617 806 1708 830 vere
1722 805 1809 830 con-

497 892 606 939 (xiv.)
645 857 914 975 ρκοξαὲίιαῖιῑζ·
923 892 1104 938 conjugii
1116 890 1403 938 praeferendus
1425 891 1479 925 sit
1497 891 1627 925 statui
1645 888 1810 925 caeliba-

756 951 811 976 us.

313 1035 525 1091 Sequitur
551 1049 669 1076 nunc
696 1035 857 1077 horum
882 1033 1148 1088 explicatio.

399 1109 530 1153 139.
574 1098 641 1153 (i.)
680 1098 811 1150 Quod
835 1104 1005 1139 castum
1034 1104 1076 1138 et
1106 1110 1189 1137 non
1220 1102 1389 1137 castum
1414 1095 1730 1149 praedicentur
1757 1094 1812 1136 de

313 1163 544 1217 conjugiis,
577 1169 619 1203 et
649 1163 701 1203 de
736 1162 902 1203 talibus
934 1175 1045 1215 quae
1073 1160 1269 1216 conjugii
1295 1166 1413 1209 sunt,
1447 1166 1517 1200 est
1547 1160 1650 1213 quia
1681 1171 1809 1199 amor

312 1240 419 1268 vere
446 1225 715 1280 conjugialis
747 1231 818 1267 est
850 1226 949 1279 ipsa
974 1225 1180 1272 castitas,
1209 1230 1259 1265 ut
1284 1224 1512 1277 sequitur;
1546 1229 1592 1263 et
1618 1234 1746 1263 amor
1770 1221 1810 1262 ei

314 1290 567 1344 oppositus,
607 1290 681 1343 qui
718 1294 908 1330 vocatur
944 1287 1256 1336 scortatorius,
1296 1293 1366 1328 est
1404 1287 1501 1340 ipsa
1538 1286 1808 1334 incastitas;

315 1359 537 1407 quantum
576 1353 732 1406 itaque
772 1352 830 1392 ab
869 1352 957 1392 hoc
999 1350 1075 1392 ille
1109 1349 1382 1405 purificatur,
1416 1355 1599 1390 tantum
1631 1348 1707 1389 ille
1738 1354 1810 1389 est

314 1422 483 1464 castus,
504 1421 686 1457 tantum
709 1416 829 1456 enim
852 1415 1112 1469 oppositum
1131 1411 1457 1455 destructivum
1476 1412 1569 1466 ejus
1587 1412 1809 1463 aufertur;

314 1483 376 1520 ex
408 1493 497 1532 quo
537 1484 679 1533 patet,
713 1478 834 1533 quod
874 1478 1046 1532 puritas
1082 1477 1248 1517 amoris
1289 1475 1557 1529 conjugialis
1588 1476 1662 1525 sit,
1696 1488 1811 1530 quae

313 1549 507 1584 vocatur
525 1543 729 1584 castitas.
778 1542 924 1582 Datur
941 1554 1079 1595 usque
1098 1553 1224 1581 amor
1242 1539 1508 1592 conjugialis
1527 1552 1617 1580 non
1640 1545 1809 1588 castus,

315 1606 390 1660 qui
416 1612 573 1647 tamen
599 1619 692 1647 non
719 1611 790 1646 est
816 1605 1071 1653 incastitas,
1100 1611 1149 1645 ut
1181 1605 1299 1644 inter
1325 1602 1542 1655 conjuges
1568 1601 1642 1655 qui
1673 1615 1808 1656 prop-

315 1675 387 1710 ter
408 1670 554 1710 varias
578 1683 738 1710 causas
761 1675 979 1710 externas
1002 1668 1235 1709 abstinent
1260 1667 1318 1708 ab
1340 1665 1571 1707 effefflbus
1598 1665 1811 1706 lasciviae

316 1746 456 1786 usque
487 1738 537 1774 ut
578 1746 670 1773 non
702 1733 913 1786 cogitent
945 1732 1001 1772 de
1033 1731 1149 1782 illis;
1191 1737 1402 1772 attamen
1434 1730 1471 1770 si
1502 1729 1578 1770 ille
1609 1741 1737 1770 amor
1766 1729 1811 1770 in

316 1796 549 1850 spiritibus
574 1796 755 1837 illorum
782 1810 874 1837 non
906 1794 1167 1850 purificatus
1195 1800 1279 1842 est,
1308 1807 1399 1835 non
1432 1799 1587 1834 tamen
1614 1798 1684 1833 est
1711 1805 1811 1834 cas-

315 1865 417 1910 tus;
449 1859 592 1900 forma
618 1859 712 1912 ejus
738 1865 809 1900 est
835 1866 978 1908 casta,
1007 1859 1087 1900 sed
1110 1858 1313 1899 essentia
1338 1863 1468 1898 casta
1494 1869 1585 1896 non
1612 1856 1651 1897 ei
1678 1856 1810 1896 inest.

403 1931 535 1975 140.
578 1921 715 1976 Quod
752 1928 929 1973 castum
967 1929 1014 1964 et
1050 1935 1142 1963 non
1179 1927 1355 1962 castum
1397 1920 1716 1974 praedicentur
1755 1919 1811 1960 de

317 1984 489 2027 talibus
516 1999 630 2039 quae
657 1985 854 2039 conjugii
886 1991 1005 2034 sunt,
1033 1991 1104 2026 est
1131 1985 1234 2038 quia
1264 1982 1521 2037 conjugiale
1546 1983 1811 2036 inscriptum

318 2055 391 2090 est
413 2049 592 2102 utrique
614 2050 744 2090 sexui
767 2050 824 2090 ab
849 2049 1019 2090 intimis
1045 2048 1102 2089 ad
1129 2047 1303 2096 ultima,
1328 2053 1374 2088 et
1401 2046 1649 2087 secundum
1675 2045 1719 2086 id
1742 2051 1813 2086 est

317 2112 458 2153 homo
489 2112 640 2165 quoad
676 2113 985 2166 cogitationes
1016 2117 1063 2153 et
1095 2109 1372 2158 affectiones,
1406 2116 1453 2151 et
1486 2109 1590 2150 inde
1627 2109 1814 2150 interius

318 2175 470 2229 quoad
505 2173 625 2216 faeta
656 2181 703 2216 et
740 2181 898 2229 gestus
931 2175 1159 2229 corporis:
1198 2174 1319 2227 quod
1356 2174 1421 2214 ita
1453 2173 1526 2218 sit,
1560 2173 1814 2213 evidentius

318 2244 510 2293 apparet
536 2238 595 2279 ab
620 2239 807 2280 incastis
829 2253 837 2290 ;
871 2239 1097 2279 incastum
1130 2237 1331 2278 insidens
1363 2237 1592 2277 mentibus
1618 2235 1811 2284 illorum,

319 2302 501 2343 auditur
526 2315 586 2342 ex
611 2315 725 2342 sono
751 2301 931 2342 illorum
963 2301 1187 2355 loquelae,
1214 2306 1260 2341 et
1285 2314 1345 2341 ex
1377 2299 1689 2353 applicatione
1714 2311 1814 2339 om·

320 2366 443 2407 nium
470 2366 707 2414 sermonis,
735 2366 874 2406 etiarn
902 2366 1033 2414 casti,
1058 2365 1115 2405 ad
1138 2364 1408 2414 libidinosa;
1442 2376 1578 2403 sonus
1605 2361 1815 2415 loquelae

321 2435 391 2471 est
430 2443 491 2469 ex
532 2427 770 2470 affectione
810 2429 1078 2477 voluntatis,
1119 2434 1166 2470 et
1207 2427 1390 2481 loquela
1428 2440 1488 2467 ex
1529 2427 1816 2479 cogitatione

321 2490 582 2533 intelle&us
603 2506 612 2542 ;
645 2493 765 2545 quod
789 2493 969 2546 signum
992 2498 1077 2539 est,
1102 2491 1223 2545 quod
1245 2491 1459 2531 voluntas
1482 2503 1582 2530 cum
1607 2490 1816 2530 omnibus

322 2555 432 2608 ejus,
466 2562 512 2596 et
548 2554 809 2596 intellecfms
842 2569 944 2597 cum
976 2556 1186 2597 omnibus
1217 2554 1325 2607 ejus,
1359 2555 1424 2595 ita
1460 2559 1562 2594 tota
1594 2567 1737 2602 mens,
1770 2559 1818 2594 et

322 2619 428 2661 inde
455 2619 608 2660 omnia
634 2619 848 2672 corporis,
877 2619 934 2659 ab
960 2619 1132 2659 intimis
1158 2618 1216 2659 ad
1249 2617 1422 2665 ultima,
1450 2617 1638 2657 incastis
1665 2623 1816 2657 scate-

323 2689 420 2724 ant.
493 2681 663 2723 Audivi
708 2682 766 2722 ab
806 2682 997 2735 angelis,
1040 2682 1160 2736 quod
1206 2682 1434 2722 incastum
1475 2680 1595 2732 apud
1641 2692 1816 2720 summe

320 2745 590 2800 hypocritas
617 2760 676 2786 ex
703 2745 873 2794 auditu,
902 2752 1131 2799 utcunque
1158 2750 1285 2786 caste
1312 2743 1571 2797 loquuntur,
1595 2743 1817 2797 percipia-

324 2817 413 2859 tur,
447 2816 494 2851 et
525 2823 705 2864 quoque
737 2823 796 2849 ex
827 2809 1022 2862 sphaera
1052 2808 1110 2849 ab
1146 2807 1233 2848 illis
1265 2807 1533 2848 exundante
1566 2806 1817 2851 sentiatur:

325 2873 447 2927 quod
473 2874 614 2915 etiarn
640 2873 820 2926 signum
848 2878 919 2913 est
945 2872 1065 2926 quod
1092 2871 1331 2912 incastitas
1357 2871 1554 2912 resideat
1580 2871 1624 2911 in
1651 2870 1817 2910 intimis

327 2937 494 2978 mentis
516 2935 711 2985 illorum,
731 2942 778 2977 et
800 2935 972 2976 inde'in
995 2935 1166 2976 intimis
1189 2935 1391 2987 corporis
1414 2933 1607 2982 illorum,
1627 2939 1673 2974 et
1696 2932 1817 2986 quod

326 3001 440 3042 haec
473 2999 744 3042 obvelentur
774 2999 978 3041 exterius
1009 2999 1126 3040 sicut
1158 3004 1313 3039 crusta
1343 2996 1464 3051 picta
1489 2996 1726 3050 speciebus
1758 3009 1818 3037 ex
