2014 3386
494 341 561 374 DE
594 340 782 374 AMORE*
806 339 1288 373 scoRTAT0R1o.——N‚
1311 330 1410 384 461.
1613 342 1635 384 3
1644 340 1662 384 5
1671 342 1693 389 3

191 450 304 491 caelo
331 460 435 495 sunt,
457 460 519 490 est
541 453 764 500 jucundum
790 453 886 489 boni
912 459 954 489 et
977 452 1083 494 veri;
1114 452 1192 488 illis
1213 459 1347 488 autem
1373 452 1442 499 qui
1469 452 1509 488 in
1537 451 1693 489 inferno

194 514 303 549 sunt,
321 514 382 543 est
397 508 619 554 jucundum
640 507 733 542 mali
751 513 792 542 et
810 506 921 548 falsi3
950 517 1070 542 omne
1087 506 1195 542 enim
1212 506 1434 552 jucundum
1456 512 1518 541 est
1534 506 1692 547 amoris,

190 567 232 597 et
249 571 363 598 amor
379 567 440 596 est
460 570 547 596 esse
565 560 672 595 vitae
690 560 888 601 hominis;
914 570 1038 606 quare
1058 559 1162 595 sicut
1184 559 1308 595 homo
1329 565 1390 595 est
1411 559 1534 595 homo
1552 570 1694 595 secun-

190 614 287 649 dum
313 614 429 660 quale
455 613 515 648 sui
541 613 700 654 amoris,
723 613 780 648 ita
804 620 866 648 est
892 613 1016 649 homo
1037 613 1258 648 secundum
1281 613 1397 658 quale
1418 612 1479 648 sui
1504 613 1694 659 jucundi:

188 665 373 703 ac‘tivitas
398 666 545 702 amoris
570 666 666 701 facit
691 677 853 702 sensum
878 666 1068 713 jucundi;
1102 664 1287 701 aftivitas
1313 666 1399 712 ejus
1427 666 1466 701 in
1493 666 1605 702 caelo
1632 672 1694 702 est

188 730 280 756 cum
301 719 506 765 sapientia,
525 726 566 755 et
583 718 767 755 activitas
786 721 872 766 ejus
894 720 934 754 in
957 719 1114 755 inferno
1131 726 1194 755 est
1215 730 1306 754 cum
1327 719 1501 760 insania;
1522 727 1693 766 utraque

189 773 228 808 in
245 773 326 808 suis
337 772 526 818 subjeffls
538 772 644 808 sistit
654 773 886 819 jucundum.
925 772 1027 809 Sunt
1041 780 1176 808 autem
1189 773 1287 808 caeli
1300 779 1341 808 et
1357 772 1498 808 inferni
1514 773 1553 807 in
1566 784 1693 819 oppo-

191 826 279 862 sitis
298 826 496 872 jucundis,
519 826 614 872 quia
639 826 679 860 in
700 826 898 872 oppositis
919 826 1142 867 amoribus;
1175 826 1275 861 caeli
1302 826 1342 861 in
1369 837 1505 862 amore
1531 833 1571 861 et
1598 826 1691 862 inde

187 879 366 926 jucundo
381 878 667 920 benefaciendi,
683 879 825 914 inferni
841 886 974 915 autem
995 879 1035 914 in
1053 890 1188 915 amore
1207 886 1248 915 et
1267 879 1359 914 inde
1372 879 1552 925 jucundo
1571 880 1692 915 male-

186 931 381 967 faciendi:
417 932 450 967 si
486 932 621 978 itaque
646 932 860 978 cognoscis
885 933 981 979 quid
1014 933 1248 979 jucundum,
1274 943 1496 979 cognosces
1522 932 1617 979 quid
1652 939 1692 968 et

185 985 302 1032 quale
327 992 391 1020 est
415 986 570 1020 caelum
597 992 638 1021 et
672 985 883 1022 infernum.
947 985 1026 1021 Sed
1054 986 1208 1032 inquire
1234 992 1274 1021 et
1300 986 1410 1022 disce
1437 986 1569 1021 adhuc
1594 986 1690 1032 quid

185 1038 407 1085 jucundum
425 1039 475 1074 ab
494 1039 570 1074 illis
589 1038 656 1085 qui
677 1038 922 1086 investigant
935 1050 1086 1080 causas,
1105 1046 1145 1075 et
1163 1046 1360 1075 vocantur
1377 1038 1692 1086 Intelligentiae;

186 1098 282 1128 sunt
297 1092 445 1127 abhinc
462 1092 512 1127 ad
528 1092 751 1128 dextrum.”

259 1144 311 1181 Et
331 1145 467 1185 abivit,
490 1152 532 1180 et
556 1145 735 1186 accessit,
757 1151 798 1181 et
824 1145 927 1181 dixit
949 1156 1109 1182 causam
1130 1146 1339 1187 adventus,
1360 1152 1401 1182 et
1423 1146 1540 1193 petiit
1561 1152 1608 1181 ut
1634 1146 1692 1181 in-

184 1204 386 1235 struerent
399 1198 495 1244 quid
513 1195 748 1244 jucundum.

255 1251 305 1287 Et
319 1251 359 1286 hi
374 1251 500 1298 gavisi
516 1252 566 1287 ab
581 1251 897 1298 interrogatione
910 1252 1108 1293 dicebant,
1121 1251 1301 1288 “Verum
1316 1259 1379 1288 est
1392 1252 1499 1299 quod
1514 1253 1581 1299 qui
1596 1263 1691 1299 cog-

182 1304 315 1340 noscit
330 1305 564 1350 jucundum,
584 1312 804 1351 cognoscat
825 1305 922 1351 quid
944 1312 985 1341 et
1005 1306 1123 1352 quale
1144 1312 1206 1341 est
1226 1306 1382 1341 caelum
1404 1312 1445 1342 et
1467 1306 1691 1342 infernum:

181 1358 380 1398 voluntas,
397 1368 445 1393 ex
463 1369 542 1404 qua
555 1358 679 1394 homo
693 1365 754 1393 est
772 1358 906 1399 homo,
922 1369 972 1393 ne
990 1359 1151 1404 quidem
1167 1358 1401 1405 punctulum
1422 1359 1558 1400 fertur,
1573 1360 1649 1395 nisi
1667 1370 1692 1396 a

181 1411 386 1457 jucundo:
408 1422 499 1446 narn
518 1411 707 1446 voluntas
725 1411 765 1446 in
784 1422 826 1447 se
845 1411 1033 1457 speetata,
1050 1423 1130 1447 non
1150 1419 1211 1448 est
1229 1412 1304 1448 nisi
1323 1424 1444 1460 quam
1462 1412 1630 1448 affectus
1648 1420 1689 1449 et

182 1463 348 1500 effeetus
367 1464 536 1510 alicujus
553 1464 710 1505 amoris,
730 1464 786 1499 ita
802 1465 979 1510 jucundi,
994 1472 1056 1501 est
1074 1466 1180 1501 enim
1199 1466 1362 1512 aliquod
1383 1466 1586 1512 placitum,
1601 1467 1689 1501 libi-

180 1523 269 1553 tum
284 1524 324 1552 et
340 1518 498 1563 volupe,
513 1518 621 1563 quod
640 1517 736 1553 facit
749 1518 874 1559 velle3
900 1525 941 1554 et
958 1518 1053 1564 quia
1065 1519 1251 1554 voluntas
1270 1520 1353 1566 agit
1371 1519 1618 1555 intellectum
1637 1520 1687 1555 ad

183 1570 456 1617 cogitandum,
478 1581 561 1606 non
588 1571 708 1606 datur
728 1571 940 1606 minimum
963 1571 1076 1607 ideae
1097 1572 1366 1618 cogitationis,
1386 1573 1462 1608 nisi
1487 1573 1538 1608 ab
1564 1573 1689 1608 influo

180 1623 405 1659 voluntatis
422 1624 614 1669 jucundo.
665 1622 785 1671 Quod
808 1624 864 1659 ita
885 1625 948 1665 sit,
967 1632 1028 1660 est
1049 1636 1179 1666 causa,
1198 1626 1292 1672 quia
1311 1625 1509 1662 Dominus
1532 1637 1603 1672 per
1630 1627 1689 1661 in-

184 1677 336 1712 fluxum
363 1688 387 1713 a
413 1678 464 1714 Se
489 1677 624 1714 affluat
645 1679 781 1714 omnia
801 1679 958 1714 animae
984 1686 1026 1714 et
1054 1679 1192 1715 omnia
1212 1680 1358 1716 mentis
1382 1680 1489 1726 apud
1511 1680 1688 1726 angelos,

183 1730 349 1776 spiritus
370 1738 412 1767 et
433 1731 630 1772 homines,
649 1739 690 1767 et
710 1731 845 1768 aCtuat
866 1743 937 1778 per
955 1732 1148 1768 influxum
1167 1733 1314 1769 amoris
1335 1740 1376 1769 et
1396 1733 1629 1779 sapientiae,
1647 1740 1689 1769 et

181 1783 248 1819 hic
270 1783 444 1820 influxus
465 1792 526 1820 est
548 1784 633 1831 ipsa
652 1784 836 1821 activitas
855 1797 904 1821 ex
926 1797 1004 1832 qua
1025 1797 1144 1822 omne
1165 1787 1391 1832 jucundum
1414 1793 1487 1827 est,
1509 1787 1618 1833 quod
1647 1786 1687 1822 in

180 1837 336 1884 origine
353 1848 424 1873 sua
437 1845 606 1874 vocatur
618 1839 791 1880 beatum,
806 1838 983 1874 faustum
998 1846 1038 1875 et
1053 1839 1158 1880 felix,
1173 1846 1213 1875 et
1229 1840 1267 1875 in
1282 1839 1531 1876 derivatione
1544 1840 1688 1886 jucun·

181 1890 288 1930 dum,
304 1901 528 1931 amoenum,
547 1898 589 1927 et
608 1892 767 1938 volupe,
786 1898 827 1928 et
848 1892 888 1927 in
906 1892 1120 1928 universali
1139 1904 1259 1928 sensu
1278 1893 1425 1929 bonum.
1476 1892 1554 1929 Sed
1574 1893 1688 1939 spiri-

181 1949 247 1980 tus
266 1943 409 1979 inferni
428 1945 534 1990 apud
553 1955 595 1980 se
614 1945 821 1980 invertunt
838 1945 984 1986 omnia,
1000 1945 1055 1981 ita
1068 1957 1229 1992 quoque
1244 1947 1394 1981 bonum
1415 1946 1454 1981 in
1469 1946 1630 1986 malurn,
1645 1953 1688 1982 et

181 2007 320 2033 verum
345 1997 383 2032 in
406 1997 562 2038 falsum,
582 2005 841 2044 permanente
862 1999 1013 2045 jugiter
1027 1999 1228 2045 jucundo:
1250 2000 1511 2045 namabsque
1530 2010 1686 2045 perma-

180 2050 319 2085 nentia
334 2051 513 2095 jucundi,
532 2062 614 2086 non
633 2058 694 2087 est
713 2052 789 2087 illis
810 2053 1004 2093 voluntas,
1019 2063 1093 2088 nec
1111 2052 1301 2094 sensatio,
1317 2052 1373 2088 ita
1390 2064 1470 2088 non
1488 2053 1583 2089 vita.
1628 2053 1688 2088 Ex

181 2103 244 2140 his
261 2110 382 2150 patet,
396 2104 503 2150 quid,
518 2105 635 2151 quale
653 2112 694 2141 et
711 2106 819 2141 unde
836 2106 1059 2152 jucundum
1077 2106 1220 2142 inferni
1239 2113 1311 2148 est,
1326 2113 1411 2142 tum
1430 2107 1539 2153 quid,
1557 2107 1686 2154 quale,

181 2163 223 2192 et
239 2157 346 2192 unde
363 2157 586 2203 jucundum
605 2158 704 2194 caeli
723 2158 821 2195 est.''

253 2209 328 2245 His
342 2210 500 2250 auditis,
515 2210 714 2247 dedufius
732 2218 793 2247 est
810 2212 860 2247 ad
879 2212 1043 2248 tertium
1058 2219 1231 2253 coetum,
1246 2212 1314 2248 ubi
1329 2218 1442 2249 erant
1456 2213 1524 2259 qui
1539 2212 1685 2248 riman-

180 2269 247 2299 tur
264 2263 441 2304 effeRus,
456 2271 497 2300 et
514 2272 713 2300 vocantur
733 2265 945 2302 Scientiae.
993 2267 1047 2303 Hi
1066 2267 1263 2307 dicebant,
1282 2266 1523 2302 “Descende
1546 2267 1583 2301 in
1607 2274 1686 2302 ter-

180 2327 263 2352 rarn
280 2316 518 2358 inferiorem,
534 2324 574 2353 et
589 2319 759 2354 ascende
775 2319 813 2353 in
827 2325 975 2355 terram
989 2320 1233 2365 superiorem
1247 2331 1255 2360 ;
1283 2319 1321 2355 in
1335 2320 1409 2355 hac
1424 2326 1684 2365 percepturus

181 2379 222 2407 et
241 2371 496 2406 1¹¹scntiturus
514 2382 557 2406 es
572 2371 846 2417 jucunditates
864 2372 1096 2419 angelorum
1114 2371 1225 2412 caeli,
1245 2377 1285 2406 et
1312 2371 1351 2406 in
1371 2371 1436 2406 illa
1451 2370 1682 2416 jucundita-

181 2432 242 2461 tes
257 2426 469 2467 spirituum
490 2424 670 2459 inferni.''

249 2476 327 2512 Sed
344 2487 436 2512 ecce
453 2483 550 2512 tunc
571 2477 620 2512 ad
644 2477 874 2513 distantiam
893 2478 942 2513 ab
962 2477 1038 2513 illis
1056 2477 1193 2512 hiabat
1210 2477 1352 2516 solum,
1370 2482 1412 2512 et
1433 2487 1504 2522 per
1523 2475 1678 2510 hiatum

177 2530 446 2566 ascendebant
455 2536 536 2566 tres
547 2530 706 2571 diaboli,
716 2537 954 2576 apparentes
966 2530 1079 2577 igniti
1093 2542 1141 2565 ex
1152 2530 1330 2576 jucundo
1342 2529 1489 2565 amoris
1502 2529 1657 2566 illorum
1670 2540 1678 2569 ;

177 2588 219 2618 et
238 2582 332 2628 quia
348 2583 568 2618 consociati
587 2594 677 2619 curn
699 2584 852 2619 novitio
869 2584 1009 2630 spiritu
1029 2583 1300 2629 percipiebant
1318 2583 1426 2628 quod
1450 2581 1505 2616 illi
1527 2588 1608 2617 tres
1629 2592 1678 2616 ex

178 2637 338 2682 proviso
363 2647 411 2671 ex
438 2635 594 2671 inferno
613 2637 876 2677 ascenderint,
898 2636 1048 2672 dietum
1071 2643 1132 2672 est
1159 2636 1246 2676 illis,
1269 2635 1361 2671 “Ne
1382 2635 1561 2670 accedite
1587 2645 1679 2681 pro-

179 2688 276 2735 pius,
295 2689 365 2724 sed
385 2699 407 2724 e
424 2689 515 2724 loco
532 2689 599 2723 ubi
618 2689 726 2730 estis,
745 2694 902 2725 narrate
919 2689 1069 2736 aliquid
1088 2690 1138 2725 de
1155 2689 1342 2735 jucundis
1356 2688 1535 2724 vestris.'¹

252 2741 303 2778 Et
327 2742 524 2782 dicebant,
543 2747 564 2760 ‘⁴
577 2741 730 2778 Scitote
755 2743 863 2788 quod
884 2743 1167 2789 unusquisque,
1186 2742 1271 2778 sive
1291 2742 1422 2777 bonus
1446 2741 1529 2777 sive
1550 2740 1679 2776 malus

179 2793 243 2835 sit,
262 2794 301 2830 in
327 2805 401 2830 suo
420 2794 600 2841 jucundo
620 2794 684 2836 sit,
702 2795 832 2831 bonus
858 2796 898 2831 in
924 2796 985 2832 sui
1011 2795 1106 2832 boni
1126 2795 1318 2842 jucundo,
1337 2801 1378 2831 et
1404 2794 1532 2830 malus
1555 2793 1593 2829 in
1615 2794 1676 2830 sui

181 2847 274 2883 mali
291 2847 504 2893 jucundo.”

254 2899 304 2935 Et
321 2900 614 2946 quaesiverunt,
631 2904 651 2919 ‘⁸
663 2898 769 2948 Quid
787 2907 965 2937 vestrum
980 2901 1199 2948 jucundum
1214 2900 1254 2937 ?”

253 2951 461 2994 Dicebant,
480 2954 587 3000 quod
611 2960 717 2990 esset
740 2954 959 3000 jucundum
978 2954 1192 2996 scortandi,
1212 2953 1382 2995 furandi,
1401 2952 1675 2994 defraudandi,

182 3006 495 3054 blasphemandi.
