2014 3386
530 353 597 386 DE
630 351 808 385 AMORE
840 347 1269 392 CONJUGIAL1.——N.
1296 348 1390 391 299.
1622 345 1702 389 235

207 475 488 526 perarentur,
508 468 587 509 sed
606 467 746 508 etiam
765 471 870 520 post
887 464 1153 518 rogationes
1171 466 1491 516 reputarentur
1509 465 1558 501 ut
1576 459 1704 509 viles,

205 541 284 576 aut
317 540 422 588 post
455 531 714 585 conjugium
747 537 796 571 ut
829 529 1054 576 libidines,
1083 540 1186 568 cum
1219 526 1380 580 quibus
1413 538 1504 565 non
1538 524 1707 565 dantur

205 597 520 644 contubernia,
549 596 633 636 nisi
665 594 826 647 frigida
852 599 898 635 et
930 592 1196 641 fastidiosa;
1229 603 1365 643 quare
1398 589 1460 629 sic
1494 587 1707 640 conjugia

203 667 495 702 verterentur
525 660 571 700 in
607 671 770 699 scenas
805 657 1032 710 tragicas;
1064 655 1205 696 etiam
1238 666 1406 693 uxores
1442 652 1487 692 in
1521 651 1704 692 laudem

204 725 289 766 sibi
311 729 512 771 vertunt,
532 722 653 776 quod
676 721 733 762 ad
756 720 1000 761 instantias
1022 717 1277 772 rogationis
1295 717 1492 757 virorum
1515 729 1563 756 se
1587 715 1704 755 sicut

204 786 350 828 viCtas
382 786 666 828 tradiderint.
730 782 842 837 Quis
875 796 966 824 non
999 781 1249 836 praevidet,
1279 779 1399 833 quod
1431 779 1639 826 feminae,
1668 778 1705 818 si

204 851 431 891 ambirent
462 850 596 896 viros,
631 862 733 889 raro
764 852 1128 900 acceptarentur‚
1162 843 1235 884 vel
1266 843 1453 895 indigne
1494 842 1704 894 repudia·
1735 857 1747 867 ·

203 920 375 962 rentur,
395 913 468 953 vel
493 912 817 965 pellicerentur
842 910 899 951 ad
923 909 1147 954 lascivias,
1167 913 1213 948 et
1236 920 1415 960 quoque
1439 905 1704 958 pudicitiam

203 990 332 1017 suam
373 974 738 1030 prostituerent?
818 974 1060 1014 Praeterea
1099 971 1204 1012 viris
1245 984 1336 1011 non
1377 969 1537 1023 aliquis
1578 981 1707 1009 amor

203 1055 344 1082 sexus
375 1042 557 1081 innatus
583 1045 669 1087 est,
698 1044 747 1079 ut
769 1051 904 1091 supra
934 1034 1130 1077 evictum
1157 1040 1242 1084 est,
1270 1040 1316 1075 et
1346 1033 1517 1087 absque
1549 1045 1705 1073 amore

204 1103 298 1152 illo,
327 1117 418 1144 non
451 1109 523 1143 est
554 1101 743 1143 interior
768 1101 891 1141 vitae
922 1099 1207 1149 amoenitas;
1240 1111 1378 1151 quare
1405 1097 1462 1136 ad
1489 1095 1704 1137 exaltan-

203 1167 313 1209 dum
334 1167 477 1207 vitam
499 1178 626 1206 suam
649 1178 727 1218 per
749 1162 876 1204 illum
899 1175 1115 1210 amorem,
1139 1160 1360 1202 incumbit
1383 1160 1489 1200 viris
1512 1158 1705 1200 adblan-

203 1231 287 1271 diri
330 1230 522 1278 seminis,
557 1227 765 1276 civiliter,
799 1226 1002 1268 officiose
1034 1231 1082 1280 et·
1113 1223 1345 1266 humiliter
1380 1222 1626 1264 ambiendo
1658 1228 1706 1263 et

202 1293 413 1346 rogando
450 1293 508 1333 de
544 1291 665 1332 dulci
705 1290 785 1332 illo
824 1290 1146 1331 additamento
1187 1288 1310 1328 vitae
1351 1301 1460 1328 suae
1491 1287 1549 1327 ab
1585 1286 1704 1336 illis;

202 1363 425 1398 venustas
446 1355 590 1404 faciei,
615 1354 817 1407 corporis
843 1359 890 1395 et
924 1365 1100 1394 morum
1123 1351 1241 1392 illius
1264 1364 1417 1400 sexuS,
1442 1363 1550 1404 prae
1572 1349 1703 1399 virili,

204 1421 335 1463 addit
362 1434 541 1474 quoque
567 1433 616 1460 se
643 1425 692 1460 ut
717 1419 815 1459 voti
841 1417 1060 1458 debitum.

289 1484 424 1538 298·
468 1482 568 1537 (iii.)
605 1480 734 1532 Quod
747 1481 969 1534 feminam
999 1485 1200 1533 oporteat
1228 1478 1452 1519 consulere
1474 1484 1703 1531 parentes,

204 1554 284 1589 aut
308 1547 409 1588 illos
430 1547 510 1601 qui
536 1546 622 1588 loco
637 1551 879 1597 parentum
900 1550 1017 1592 sunt,
1041 1550 1082 1584 et
1102 1542 1201 1584 dein
1223 1543 1352 1595 apud
1377 1556 1424 1583 se
1444 1541 1703 1589 deliberare,

203 1618 439 1664 antequam
469 1607 889 1661 consentit.-—-Quod
931 1613 1145 1660 parentes
1183 1605 1452 1646 consulendi
1492 1605 1598 1652 sint,
1632 1611 1704 1645 est

203 1675 308 1729 quia
330 1674 394 1715 illi
420 1687 480 1715 ex
498 1672 682 1726 judicio,
706 1671 899 1712 scientia
925 1677 971 1712 et
994 1683 1163 1718 amore,
1188 1669 1445 1710 deliberant
1469 1674 1516 1709 et
1539 1681 1705 1709 consu-

205 1738 331 1779 lunt:
376 1751 435 1778 ex
460 1735 645 1791 judicie,
679 1735 782 1789 quia
822 1735 866 1775 in
904 1740 1059 1775 aetate
1101 1731 1316 1786 provecta
1355 1738 1477 1780 sunt,
1511 1738 1557 1772 et
1590 1732 1703 1772 haec

205 1808 335 1843 aetas
362 1800 507 1854 pollet
534 1799 627 1847 illo,
657 1805 704 1840 et
736 1798 950 1852 perspicit
984 1796 1328 1838 conformitates
1361 1802 1407 1836 et
1439 1795 1704 1836 inconveni-

205 1865 379 1906 entias:
413 1878 473 1905 ex
499 1863 694 1911 scientia,
723 1869 819 1903 tam
847 1861 903 1902 de
930 1874 1071 1913 proco
1092 1873 1227 1914 quam
1250 1860 1305 1900 de
1329 1858 1446 1909 filia;
1480 1859 1536 1899 de
1565 1871 1704 1912 proco

205 1933 475 1981 comparant
493 1927 577 1967 sibi
595 1926 898 1979 cognitiones,
918 1931 965 1966 et
988 1924 1044 1964 de
1067 1923 1157 1964 filia
1179 1924 1328 1964 sciunt
1347 1937 1356 1973 ;
1390 1936 1527 1976 quare
1546 1919 1704 1975 juncto

205 1991 340 2033 oculo
365 1992 422 2032 de
454 1997 645 2043 utroque
676 1989 808 2030 simul
840 1987 1149 2030 concludunt:
1185 2000 1245 2028 ex
1276 2000 1437 2035 amore,
1467 1986 1570 2040 quia
1595 1999 1704 2026 con-

206 2054 353 2095 sulere
385 2054 516 2095 bonis
547 2052 680 2103 filiae,
713 2059 761 2094 et
800 2052 1061 2107 prospicere
1093 2050 1188 2105 ejus
1219 2050 1387 2099 domui,
1422 2055 1492 2091 est
1525 2062 1704 2103 quoque

206 2131 314 2159 suae
339 2124 386 2158 et
413 2117 510 2157 sibi.

290 2190 425 2234 299.
467 2179 621 2220 Aliter
659 2192 840 2232 prorsus
872 2177 1015 2227 fieret,
1049 2177 1085 2218 si
1116 2176 1207 2218 filia
1238 2190 1299 2218 ex
1331 2190 1393 2224 se,
1433 2174 1704 2216 inconsultis

207 2244 486 2298 parentibus,
506 2249 584 2284 aut
606 2242 695 2283 illis
712 2243 786 2296 qui
808 2243 912 2283 loco
933 2240 1114 2283 illorum
1137 2246 1258 2290 sunt,
1278 2240 1336 2281 ad
1359 2239 1575 2280 clientem
1599 2253 1703 2293 pro-

207 2321 307 2349 cum
341 2307 602 2357 consentit;
635 2319 727 2347 non
759 2306 880 2347 enim
912 2319 972 2346 ex
1005 2304 1187 2358 judicio,
1216 2304 1424 2351 scientia,
1453 2309 1500 2344 et
1533 2316 1702 2351 amore,

207 2384 302 2412 rem
327 2370 467 2419 illam,
496 2384 612 2424 quae
638 2376 708 2411 est
735 2369 911 2410 futurae
934 2368 1095 2411 salutis
1121 2367 1228 2421 ejus,
1257 2367 1313 2408 ad
1342 2367 1519 2408 lancem
1547 2373 1704 2420 potest

209 2434 499 2487 expendere;
533 2447 623 2474 non
655 2447 715 2474 ex
731 2432 916 2487 judicie,
944 2433 1047 2486 quia
1079 2431 1164 2472 hoc
1199 2431 1292 2484 ejus
1326 2431 1381 2471 de
1413 2431 1510 2471 vita
1542 2429 1701 2482 conju-

209 2498 317 2551 giali
347 2498 495 2539 adhuc
528 2498 571 2538 in
604 2497 864 2550 ignorantia
895 2502 978 2544 est,
1012 2501 1059 2537 et
1091 2509 1181 2536 non
1213 2496 1258 2536 in
1284 2501 1410 2536 statu
1442 2493 1705 2534 conserendi

209 2562 408 2602 rationes
434 2562 550 2602 inter
576 2575 638 2610 se,
666 2574 718 2601 ac
746 2558 1057 2614 perspiciendi
1073 2572 1223 2600 mores
1249 2559 1445 2599 virorum
1472 2572 1531 2598 ex
1558 2557 1704 2610 geniis

209 2623 414 2665 illorum:
448 2638 538 2665 non
565 2638 625 2666 ex
650 2624 836 2665 scientia
862 2638 941 2665 seu
973 2623 1254 2676 cognitione,
1282 2623 1387 2676 quia
1413 2635 1558 2675 pauca
1585 2621 1703 2661 ultra

210 2687 464 2729 domestica
486 2688 605 2741 apud
628 2693 854 2741 parentes,
875 2694 922 2728 et
946 2687 1066 2740 apud
1089 2686 1264 2740 aliquas
1287 2685 1484 2732 sodales,
1505 2697 1703 2736 cognos-

209 2750 299 2802 cit;
331 2758 378 2792 et
409 2752 467 2792 ad
499 2751 829 2804 expiscandum
861 2750 985 2799 talia,
1019 2763 1134 2804 quae
1166 2748 1402 2790 familiaria
1434 2754 1480 2788 et
1523 2747 1704 2800 propria

209 2826 291 2854 suo
316 2826 455 2866 proco
481 2821 601 2862 sunt,
629 2814 787 2867 inepta
812 2821 910 2855 est:
945 2827 1090 2867 neque
1116 2826 1176 2854 ex
1202 2826 1363 2859 amore,
1392 2812 1495 2864 quia
1520 2810 1590 2850 hic
1618 2808 1702 2850 fili-

210 2890 351 2926 arum,
374 2878 418 2918 in
442 2879 584 2931 prima
610 2877 786 2918 illarum
814 2877 954 2918 nubili
985 2882 1156 2924 aetate,
1186 2882 1232 2916 et
1260 2888 1438 2928 quoque
1465 2874 1508 2914 in
1540 2872 1702 2920 altera,

210 2947 341 2993 paret
382 2941 636 2994 concupitis
676 2954 736 2982 ex
776 2941 996 2987 sensibus,
1038 2946 1085 2980 et
1123 2939 1325 2979 nondum
1367 2937 1602 2978 desideriis
1641 2949 1702 2977 ex

212 3010 366 3045 mente
398 3003 596 3045 elimata.
666 3002 802 3057 Quod
840 3010 996 3045 tamen
1028 3002 1165 3043 filiam
1202 3007 1417 3055 oporteat
1449 3012 1544 3041 rem
1575 2998 1702 3041 illam
