2014 3386
587 342 654 376 DE
685 341 865 375 AMORE
896 315 1320 385 CONJUGIAL1.—N2
1349 333 1415 387 36.
1692 345 1743 388 33

251 463 378 502 amet
400 457 620 507 subditos,
641 463 688 499 et
710 457 830 512 quod
853 457 1022 499 subditi
1044 462 1201 499 ament
1222 470 1393 511 regem,
1413 457 1534 511 quod
1557 457 1744 499 maritus

251 529 377 565 amet
413 534 619 570 uxorem,
652 527 699 562 et
736 521 857 575 quod
896 527 1043 562 mater
1078 520 1259 570 liberos,
1293 528 1340 563 et
1376 521 1602 572 vicissim·;
1645 527 1744 562 tum

250 586 371 641 quod
396 585 468 626 hic
495 591 542 626 et
564 584 642 626 ille
663 591 787 626 amet
814 585 1023 638 patriam,
1047 585 1274 632 concives,
1298 585 1586 638 proximum:
1620 585 1744 625 simi-

250 650 355 692 liter
380 649 436 690 de
462 648 596 690 rebus
622 646 864 689 abstraftis
890 661 916 688 a
938 661 1146 701 persona,
1175 653 1224 688 ut
1251 647 1371 701 quod
1402 653 1525 688 amet
1550 647 1637 688 hoc
1664 653 1744 689 aut

250 712 375 754 illud.
435 711 525 753 Sed
557 711 746 753 tametsi
776 724 905 752 amor
935 717 1031 752 tam
1063 710 1316 751 universale
1348 717 1419 752 est
1456 711 1500 751 in
1533 710 1742 764 loquelis,

250 790 390 830 usque
413 776 491 816 vix
517 774 677 828 aliquis
703 774 832 815 novit
858 773 964 828 quid
990 786 1148 824 amor3
1181 774 1287 814 dum
1314 774 1564 814 meditatur
1589 774 1645 814 de
1672 787 1743 823 eo,

250 839 353 893 quia
373 844 480 879 tunc
497 833 774 891 *non‘potest
797 837 993 891 aliquam
1015 836 1164 878 ideam
1188 837 1482 890 cogitationis
1506 837 1562 877 de
1584 851 1638 877 eo
1661 837 1744 879 sibi

247 901 454 951 formare,
473 902 538 943 ita
559 914 651 942 non
669 901 829 942 sistere
850 900 977 941 illum
994 900 1039 940 in
1061 900 1209 941 lucem
1231 899 1507 948 intellectus,
1526 914 1585 940 ex
1609 913 1745 941 causa

249 967 353 1020 quia
378 979 470 1007 non
496 971 567 1007 est
594 965 720 1014 lucis,
745 965 825 1006 sed
851 971 923 1005 est
950 964 1127 1013 caloris,
1152 965 1262 1005 dicit
1284 964 1411 1005 illum
1433 964 1506 1005 vel
1529 978 1620 1004 non
1644 978 1743 1006 esse

248 1028 432 1084 aliquid,
459 1028 533 1070 vel
559 1028 705 1069 solum
732 1042 832 1069 esse
857 1027 1040 1082 aliquod
1066 1027 1256 1069 influens
1282 1041 1342 1068 ex
1364 1028 1475 1076 visu,
1500 1028 1670 1076 auditu,
1696 1033 1744 1068 et

248 1093 614 1142 conversatione,
634 1098 681 1133 et
703 1092 766 1133 sic
790 1104 1007 1142 movens3
1035 1092 1182 1132 nescit
1204 1105 1401 1145 prorsus,
1421 1092 1542 1145 quod
1565 1092 1623 1132 sit
1646 1092 1744 1144 ipsa

247 1155 343 1209 ejus
373 1156 480 1205 vita,
514 1169 606 1196 non
638 1155 777 1196 modo
807 1155 902 1196 vita
934 1155 1188 1195 communis
1219 1155 1364 1195 totius
1400 1154 1494 1207 ejus
1526 1154 1742 1208 corporis,

247 1225 296 1260 et
332 1219 428 1260 vita
468 1219 719 1260 communis
751 1218 952 1259 omnium
984 1216 1078 1270 ejus
1110 1213 1459 1270 cogitationum,
1493 1218 1574 1258 sed
1606 1218 1743 1258 etiam

246 1283 343 1324 vita
365 1282 565 1323 omniurn
587 1281 883 1335 singularium
906 1294 1074 1322 eorum.
1136 1280 1239 1321 Hoc
1261 1287 1416 1334 potest
1439 1281 1619 1334 sapiens
1641 1294 1744 1334 per-

247 1346 396 1399 cipere
418 1359 478 1386 ex
499 1345 601 1394 hoc,
626 1358 728 1386 cum
750 1345 928 1393 dicitur,
953 1343 999 1386 Si
1021 1357 1229 1385 removes
1251 1342 1538 1386 affectionem
1560 1345 1742 1393 amoris,

247 1422 306 1450 an
346 1415 479 1463 potes
521 1409 724 1462 cogitare
764 1407 964 1462 aliquid?
1005 1414 1052 1449 et
1093 1421 1150 1449 an
1187 1413 1323 1461 potes
1363 1421 1500 1461 agere
1541 1407 1742 1461 aliquid?

246 1486 401 1514 annon
427 1478 648 1526 quantum
674 1472 877 1525 frigescit
903 1469 1082 1512 affectio
1107 1485 1222 1525 quae
1253 1476 1324 1512 est
1351 1471 1532 1520 amoris,
1560 1477 1741 1512 tantum

245 1535 462 1588 frigescat
485 1535 722 1588 cogitatio,
747 1534 930 1588 loquela
951 1540 998 1575 et
1020 1533 1154 1582 aecio,
1179 1540 1226 1575 et
1248 1540 1467 1588 quantum
1490 1533 1740 1583 incalescit,

246 1604 432 1640 tantum
462 1598 748 1639 incalescant
779 1597 917 1639 illae?
992 1597 1079 1638 Est
1110 1597 1265 1651 itaque
1306 1610 1434 1638 amor
1464 1596 1589 1638 calor
1619 1597 1743 1639 vitae

246 1661 457 1711 hominis,
486 1675 565 1703 seu
591 1661 717 1703 calor
737 1661 889 1702 vitalis
911 1659 1031 1714 ejus3
1065 1659 1190 1701 calor
1214 1661 1464 1714 sanguinis,
1489 1666 1536 1701 et
1562 1674 1741 1714 quoque

245 1726 382 1767 rubor
406 1725 513 1779 ejus,
542 1738 634 1765 non
665 1724 847 1766 aliunde
878 1730 1013 1775 sunt3
1046 1723 1164 1777 ignis
1191 1723 1299 1764 solis
1326 1723 1536 1777 angelici,
1565 1723 1639 1777 qui
1670 1728 1742 1765 est

246 1801 381 1843 purus
407 1802 548 1837 amor,
575 1787 662 1829 hoc
688 1788 814 1829 facit.

327 1863 424 1908 35.
464 1851 599 1905 Quod
622 1866 727 1892 suus
749 1864 876 1892 amor
892 1850 1032 1892 cuivis
1055 1851 1127 1900 sit,
1148 1864 1226 1892 seu
1248 1848 1489 1892 distinctus
1512 1850 1569 1891 ab
1587 1863 1741 1891 amore

245 1914 443 1964 alterius,
476 1915 563 1956 hoc
596 1921 682 1964 est,
716 1915 838 1969 quod
876 1928 968 1955 non
1001 1913 1158 1955 similis
1190 1927 1318 1955 amor
1349 1914 1408 1955 sit
1440 1914 1515 1954 uni
1550 1913 1738 1963 homini,

245 1978 319 2031 qui
346 1984 416 2019 est
447 1972 604 2028 alteris
622 1984 835 2019 constare
867 1983 1024 2031 potest
1056 1991 1116 2018 ex
1148 1977 1323 2018 infinita
1347 1977 1572 2018 varietate
1603 1977 1740 2018 sacie-

245 2054 369 2093 rum;
410 2041 548 2082 facies
579 2048 685 2083 sunt
721 2042 818 2095 typi
855 2054 1090 2092 amorum;
1123 2053 1230 2082 narn
1262 2040 1383 2094 quod
1421 2046 1656 2097 mutentur
1686 2053 1739 2081 ac

244 2105 474 2146 varientur
498 2105 636 2146 facies
662 2105 912 2146 secundum
944 2103 1205 2146 affectiones
1237 2104 1417 2153 amoris,
1446 2110 1605 2145 notum
1639 2110 1739 2155 est;

245 2168 468 2209 desideria
494 2169 647 2217 etiam,
676 2182 791 2222 quae
817 2174 923 2209 sunt
950 2168 1129 2217 amoris,
1157 2174 1256 2209 tum
1287 2168 1453 2220 gaudia
1483 2173 1530 2208 et
1558 2166 1740 2208 dolores

245 2230 354 2284 ejus,
396 2231 579 2272 elucent
620 2232 754 2272 inde:
799 2245 858 2271 ex
899 2230 986 2271 hoc
1024 2237 1170 2285 patet,
1204 2230 1326 2284 quod
1362 2230 1502 2271 homo
1539 2230 1598 2271 sit
1634 2244 1739 2271 suus

245 2307 386 2344 amor,
419 2295 559 2335 immo
591 2295 656 2335 sui
696 2295 862 2335 amoris
902 2294 1059 2335 forma.
1130 2293 1199 2335 At
1240 2293 1474 2335 sciendum
1513 2300 1584 2334 est
1617 2293 1738 2346 quod

244 2358 432 2399 interior
452 2358 606 2407 homo,
630 2359 704 2412 qui
731 2358 851 2399 idern
877 2364 948 2399 est
976 2370 1078 2399 cum
1101 2358 1260 2411 spiritu
1283 2356 1376 2410 ejus
1399 2357 1472 2410 qui
1494 2357 1606 2398 vivit
1633 2362 1739 2410 post

245 2428 456 2471 mortem,
477 2422 535 2463 sit
557 2421 700 2462 forma
723 2422 789 2462 sui
811 2421 1003 2472 amoris;
1037 2434 1129 2462 non
1152 2420 1359 2462 similiter
1377 2421 1579 2461 exterior
1600 2419 1740 2460 homo

243 2485 289 2526 in
316 2485 499 2535 mundo,
527 2486 631 2539 quia
656 2485 727 2526 hic
751 2485 809 2525 ab
835 2485 1024 2526 infantia
1045 2485 1203 2525 didicit
1226 2483 1458 2525 occultare
1481 2484 1547 2524 sui
1573 2483 1739 2524 amoris

245 2547 482 2596 desideria,
510 2548 648 2589 imrno
671 2547 883 2588 simulare
909 2561 961 2588 ac
988 2547 1212 2601 praeferre
1237 2546 1325 2588 alia
1351 2559 1486 2600 quam
1513 2560 1606 2587 sua.

329 2610 426 2665 36.
469 2609 603 2664 Quod
627 2625 731 2651 suus
753 2623 881 2651 amor
903 2610 1022 2664 apud
1045 2610 1390 2664 unumquemvis
1413 2615 1518 2663 post
1541 2615 1737 2650 mortem

245 2680 445 2723 maneat,
473 2680 543 2715 est
569 2674 671 2728 quia
696 2687 825 2715 amor
846 2679 918 2715 est
943 2674 1040 2714 vita
1065 2673 1262 2714 hominis
1287 2671 1356 2727 (ut
1383 2685 1493 2713 mox
1517 2686 1665 2726 supra,
1694 2685 1737 2713 n.

247 2745 314 2787 34,
342 2734 511 2777 dic'tum
537 2735 646 2790 est),
674 2743 721 2778 et
744 2737 850 2778 inde
877 2743 948 2778 est
981 2737 1076 2790 ipse
1102 2735 1255 2777 homo.
1317 2735 1403 2776 Est
1431 2735 1570 2776 homo
1597 2735 1736 2775 etiam

245 2811 326 2839 sua
356 2799 593 2852 cogitatio,
627 2800 692 2840 ita
723 2814 804 2840 sua
839 2799 1148 2853 intelligentia
1179 2805 1226 2840 et
1258 2799 1500 2852 sapientia,
1534 2798 1614 2838 sed
1650 2797 1738 2839 hae

247 2873 384 2902 unum
414 2861 584 2903 faciunt
610 2875 712 2903 cum
739 2862 831 2915 ejus
860 2875 1042 2913 amore;
1075 2875 1180 2903 nam
1212 2861 1351 2902 homo
1378 2875 1437 2902 ex
1469 2873 1623 2901 amore
1655 2873 1739 2901 suo

246 2930 294 2964 et
321 2924 568 2965 secundum
594 2925 721 2966 illum
746 2926 937 2979 cogitat,
962 2926 1101 2967 immo
1124 2925 1161 2966 si
1187 2926 1231 2966 in
1259 2925 1401 2965 libero
1427 2930 1512 2972 est,
1538 2923 1737 2976 loquitur

245 2992 294 3028 et
333 2987 460 3040 agit;
493 3001 553 3029 ex
584 3001 673 3042 quo
703 2989 846 3029 videri
885 2994 1056 3042 potest,
1090 2987 1211 3042 quod
1254 3000 1381 3028 amor
1411 2987 1468 3027 sit
1508 2985 1623 3026 Esse
1656 2998 1735 3027 seu
