2014 3386
324 322 376 375 58
789 330 1030 363 DELICIAE
1061 330 1364 365 SAPIENTIAE

318 446 583 498 hominem;
630 445 889 499 conjugium
925 446 1046 488 enim
1082 447 1189 488 boni
1226 453 1273 490 et
1310 448 1404 490 veri
1443 454 1514 491 'est
1553 448 1674 491 idem
1710 461 1817 494 cum’

318 509 534 564 conjugio
556 508 792 550 charitatis
823 514 869 550 et
898 509 1015 559 fidei,
1038 511 1252 565 quoniam
1284 511 1452 566 bonum
1478 518 1549 553 est
1575 512 1817 555 charitatis

318 579 366 615 et
391 585 550 625 verum
576 578 648 614 est
673 571 806 614 fidei:
839 573 960 626 quod
991 572 1077 614 hoc
1104 573 1363 627 conjugium
1394 574 1530 616 faciat
1556 575 1818 625 ecclesiam,

318 650 409 678 non
450 642 609 690 potest
650 649 743 676 non
783 637 986 689 agnosci,
1019 637 1124 691 quia
1163 643 1234 678 est
1272 637 1525 678 universale
1561 652 1731 688 verum,
1765 646 1814 682 et

316 712 452 742 omne
492 699 749 740 universale
788 712 943 741 verum
982 700 1263 753 agnoscitur,
1299 707 1347 742 ut
1384 702 1576 755 primum
1616 702 1817 752 auditur,

316 763 436 817 quod
460 769 531 804 est
557 776 619 803 ex
650 762 822 803 influxu
854 762 1038 804 Domini
1065 769 1112 804 et
1144 763 1277 804 simul
1308 764 1656 806 confirmatione
1681 765 1810 806 caeli.

315 825 447 866 Nunc
470 826 685 879 quoniam
707 824 902 867 ecclesia
922 832 994 867 est
1016 826 1201 867 Domini
1222 827 1326 880 quia
1346 841 1372 867 a
1395 827 1607 877 Domino,
1627 835 1675 870 et
1697 843 1812 882 quo-

315 889 436 929 niam
476 902 605 930 arnor
635 888 905 942 conjugialis
942 889 1273 942 correspondet
1304 889 1514 943 conjugio
1546 891 1732 933 Domini
1765 898 1813 934 et

313 951 568 1001 Ecclesiae,
597 953 800 1006 sequitur
822 952 942 1006 quod
974 952 1052 993 ille
1078 966 1206 993 amor
1230 953 1289 994 sit
1316 966 1343 993 a
1369 953 1582 995 Domino.

397 1016 495 1069 63.
537 1014 784 1068 Quomodo
814 1021 970 1056 autem
1003 1015 1198 1056 ecclesia
1228 1029 1255 1056 a
1295 1015 1495 1057 Domino
1535 1017 1655 1070 apud
1695 1017 1809 1059 duos

312 1078 529 1132 conjuges
555 1078 785 1127 formatur,
815 1085 862 1119 et
888 1092 967 1132 per
991 1078 1117 1119 illam
1143 1092 1270 1120 amor
1294 1078 1577 1132 conjugialis,
1604 1081 1649 1121 in
1675 1094 1809 1134 para-

310 1141 501 1195 grapho,
526 1141 582 1182 de
608 1155 698 1195 quo
723 1155 870 1195 supra,
895 1141 1216 1183 illustrabitur:
1250 1141 1322 1183 hic
1346 1142 1493 1184 solum
1515 1144 1635 1196 quod
1658 1144 1807 1186 eccle-

311 1205 379 1245 sia
412 1218 439 1246 a
476 1204 676 1246 Domino
713 1204 932 1245 formetur
962 1205 1082 1258 apud
1119 1205 1278 1254 virum,
1313 1211 1360 1246 et
1401 1219 1481 1259 per
1511 1207 1656 1248 virum
1686 1207 1808 1261 apud

309 1281 527 1319 uxorem;
561 1274 608 1309 et
641 1267 762 1322 quod
793 1274 1037 1321 postquam
1069 1268 1189 1321 apud
1221 1274 1462 1322 utrumque
1493 1269 1688 1310 formata
1719 1275 1805 1319 est,

309 1330 505 1372 ecclesia
531 1330 668 1385 plena
693 1331 776 1383 sit;
809 1330 859 1372 fit
885 1331 1006 1372 enim
1038 1337 1147 1372 tunc
1179 1331 1314 1385 plena
1340 1330 1596 1385 conjunctio
1621 1332 1729 1373 boni
1758 1338 1809 1374 et

308 1394 416 1444 veri,
445 1401 492 1436 et
519 1393 778 1448 conjun6tio
809 1395 916 1435 boni
948 1400 996 1436 et
1022 1395 1116 1435 veri
1147 1401 1218 1436 est
1244 1395 1452 1436 ecclesia.
1514 1394 1650 1448 Quod
1675 1395 1806 1437 incli-

308 1458 436 1499 natio
467 1457 769 1511 conjunfflva,
799 1471 914 1511 quae
945 1463 1016 1499 est
1048 1471 1175 1499 amor
1201 1457 1483 1512 conjugialis,
1511 1460 1571 1500 sit
1596 1459 1641 1500 in
1672 1458 1806 1500 simili

307 1522 452 1575 gradu
484 1535 586 1562 cum
619 1520 941 1575 conjunEtione
971 1522 1079 1562 boni
1111 1528 1159 1563 et
1190 1522 1298 1571 veri,
1331 1536 1445 1576 quae
1486 1528 1558 1564 est
1594 1522 1804 1572 ecclesia,

307 1585 589 1638 argumentis
615 1585 992 1626 demonstrativis
1021 1585 1067 1625 in
1098 1585 1394 1639 sequentibus
1425 1586 1469 1626 in
1501 1585 1616 1627 serie
1640 1584 1809 1628 confir-

308 1648 519 1690 mabitur.

393 1711 492 1765 64.
537 1710 634 1766 (iv.)
671 1711 801 1762 Quod
819 1711 894 1752 ille
913 1725 1040 1753 amor
1059 1725 1115 1752 ex
1135 1725 1218 1753 sua
1248 1711 1434 1765 orzgine,
1457 1717 1499 1752 et
1527 1726 1583 1753 ex
1602 1726 1686 1754 sua
1705 1725 1806 1753 cor-

306 1775 633 1828 respondentia,
677 1775 740 1816 sit
778 1775 990 1825 caelestis,
1028 1774 1299 1828 spiritualis,
1337 1775 1532 1824 sanb't'us,
1565 1781 1727 1828 purus,
1761 1781 1806 1816 et

307 1838 496 1879 mundus
522 1845 638 1891 prae
660 1838 783 1879 omni
803 1852 964 1888 amore,
992 1838 1072 1892 qui
1097 1853 1126 1879 a
1155 1838 1343 1879 Domino
1372 1845 1441 1879 est
1468 1839 1594 1891 apud
1618 1837 1803 1891 angelos

305 1901 418 1942 caeli
439 1907 481 1942 et
504 1901 631 1954 apud
655 1901 850 1942 lzomz'nes
875 1900 1278 1954 ecclesz’ae.—-Quod
1305 1914 1432 1942 amor
1454 1900 1719 1954 conjugialis
1741 1914 1801 1942 ex

306 1978 388 2005 sua
418 1966 606 2018 origine,
640 1979 756 2018 quae
797 1971 868 2007 est
910 1965 1170 2018 conjugium
1210 1965 1318 2006 boni
1353 1971 1401 2006 et
1440 1965 1548 2013 veri,
1582 1965 1640 2005 sit
1677 1963 1799 2013 talis,

306 2041 417 2069 mox
444 2042 578 2082 supra
604 2029 759 2081 paucis
791 2027 1109 2069 confirmatum
1141 2034 1226 2077 est,
1255 2028 1336 2069 sed
1367 2028 1427 2069 ibi
1458 2028 1605 2069 solum
1636 2024 1801 2081 praeli-

304 2091 494 2143 batum;
536 2092 743 2133 similiter
774 2093 895 2145 quod
933 2105 1060 2133 amor
1093 2091 1170 2132 ille
1207 2091 1314 2132 talis
1345 2091 1404 2132 sit
1439 2105 1499 2132 ex
1532 2104 1801 2144 correspon-

305 2156 463 2196 dentia
489 2155 582 2208 ejus
609 2169 711 2196 cum
738 2155 950 2208 conjugio
983 2155 1167 2196 Domini
1193 2161 1240 2196 et
1267 2154 1530 2196 Ecclesiae:
1564 2154 1677 2196 haec
1710 2154 1801 2196 duo

305 2218 529 2272 conjugia,
553 2233 613 2260 ex
632 2219 791 2272 quibus
814 2225 863 2260 ut
885 2219 1088 2259 surculus
1110 2218 1350 2259 descendit
1372 2232 1500 2259 amor
1517 2217 1797 2271 conjugialis,

305 2289 411 2323 sunt
434 2282 558 2335 ipsae
585 2280 887 2332 san&itates;
920 2296 1058 2335 quare
1085 2282 1121 2322 si
1146 2282 1359 2335 recipitur
1384 2296 1444 2322 ex
1471 2295 1551 2322 suo
1578 2279 1798 2330 Auctore,

305 2345 379 2399 qui
401 2351 472 2386 est
496 2344 732 2393 Dominus,
757 2346 958 2399 sequitur
980 2343 1202 2386 sanctitas
1223 2359 1283 2386 ex
1308 2345 1427 2398 Ipso,
1447 2359 1562 2398 quae
1584 2344 1800 2386 continue

304 2409 525 2450 decantat
553 2414 600 2449 et
626 2408 833 2462 purificat
861 2409 1015 2460 illum;
1049 2409 1085 2449 si
1117 2415 1225 2449 tunc
1259 2409 1303 2449 in
1335 2409 1532 2449 hominis
1557 2408 1799 2449 voluntate

305 2478 377 2514 est
403 2471 673 2512 desiderium
700 2477 747 2512 et
778 2472 900 2511 nisus
926 2472 984 2512 ad
1016 2471 1157 2520 illum,
1185 2471 1236 2512 fit
1266 2471 1342 2512 ille
1373 2485 1501 2512 amor
1526 2471 1719 2512 mundus
1750 2476 1799 2512 et

305 2548 440 2588 purus
480 2535 625 2576 indies
665 2535 709 2575 in
755 2541 1036 2588 perpetuum.
1112 2534 1260 2575 Amor
1300 2534 1567 2587 conjugialis
1606 2540 1798 2574 vocatur

305 2598 516 2640 caelestis
547 2605 594 2639 et
627 2598 885 2652 spiritualis,
919 2598 1022 2651 quia
1053 2604 1124 2638 est
1157 2598 1277 2650 apud
1317 2598 1508 2650 angelos
1540 2596 1795 2648 caelorum;

304 2662 423 2715 apud
445 2661 636 2715 angelos
655 2661 851 2715 supremi
869 2660 982 2701 caeli
1000 2660 1225 2709 caelestis,
1245 2662 1348 2714 quia
1370 2661 1435 2701 illi
1456 2660 1609 2713 angeli
1626 2673 1795 2700 vocan-

304 2732 378 2767 tur
403 2725 654 2775 caelestes;
686 2730 733 2765 et
759 2724 878 2777 apud
905 2723 1097 2776 angelos
1123 2724 1234 2764 infra
1266 2724 1376 2764 illud
1408 2723 1585 2764 caelum
1617 2729 1688 2764 est
1720 2722 1796 2765 ille

303 2788 563 2844 spiritualis,
591 2788 695 2842 quia
721 2788 765 2828 hi
792 2787 945 2840 angeli
971 2793 1194 2828 vocantur
1219 2786 1505 2840 spirituales:
1538 2787 1600 2827 ita
1624 2800 1796 2828 vocan-

303 2859 377 2894 tur
394 2852 458 2894 illi
475 2852 642 2905 angeli,
656 2852 760 2905 quia
778 2851 1001 2892 caelestes
1019 2856 1124 2892 sunt
1142 2863 1321 2891 amores
1339 2857 1385 2891 et
1403 2850 1507 2891 inde
1525 2850 1792 2903 sapientiae,

302 2929 355 2956 ac
382 2915 639 2969 spirituales
671 2921 776 2955 sunt
808 2915 1059 2967 sapientiae
1092 2920 1139 2955 et
1171 2913 1275 2954 inde
1307 2926 1514 2963 amores;
1547 2913 1692 2954 simile
1722 2918 1794 2953 est

303 2978 559 3033 conjugiale
585 2978 778 3019 illorum.
840 2977 970 3018 Nunc
1003 2977 1106 3031 quia
1130 2989 1258 3018 amor
1284 2975 1550 3030 conjugialis
1576 2982 1648 3017 est
1674 2975 1793 3030 apud
