<?xml version="1.0" encoding="UTF-8"?>
<!DOCTYPE html PUBLIC "-//W3C//DTD XHTML 1.0 Transitional//EN"
    "http://www.w3.org/TR/xhtml1/DTD/xhtml1-transitional.dtd">
<html xmlns="http://www.w3.org/1999/xhtml" xml:lang="en" lang="en">
 <head>
  <title>
</title>
<meta http-equiv="Content-Type" content="text/html;charset=utf-8" />
  <meta name='ocr-system' content='tesseract 3.04.00' />
  <meta name='ocr-capabilities' content='ocr_page ocr_carea ocr_par ocr_line ocrx_word'/>
</head>
<body>
  <div class='ocr_page' id='page_1' title='image "./deliciaesapienti00sweduoft_0356.png"; bbox 0 0 2014 3386; ppageno 0'>
   <div class='ocr_carea' id='block_1_1' title="bbox 321 363 1380 408">
    <p class='ocr_par' dir='ltr' id='par_1_1' title="bbox 321 363 1380 408">
     <span class='ocr_line' id='line_1_1' title="bbox 321 363 1380 408; baseline -0.001 -12"><span class='ocrx_word' id='word_1_1' title='bbox 321 364 403 408; x_wconf 76' lang='lat'><strong>350</strong></span> <span class='ocrx_word' id='word_1_2' title='bbox 776 363 1103 397; x_wconf 88' lang='lat' dir='ltr'><strong>VOLUPTATES</strong></span> <span class='ocrx_word' id='word_1_3' title='bbox 1135 363 1380 396; x_wconf 89' lang='lat' dir='ltr'><strong>INSANIAE</strong></span> 
     </span>
    </p>
   </div>
   <div class='ocr_carea' id='block_1_2' title="bbox 310 474 1809 3059">
    <p class='ocr_par' dir='ltr' id='par_1_2' title="bbox 312 474 1809 2051">
     <span class='ocr_line' id='line_1_2' title="bbox 317 474 1808 525; baseline -0.001 -7"><span class='ocrx_word' id='word_1_4' title='bbox 317 477 516 518; x_wconf 90' lang='lat' dir='ltr'><strong>miscuae</strong></span> <span class='ocrx_word' id='word_1_5' title='bbox 538 476 826 518; x_wconf 81' lang='lat' dir='ltr'>inordinatae</span> <span class='ocrx_word' id='word_1_6' title='bbox 848 476 1132 518; x_wconf 86' lang='lat' dir='ltr'><strong>refrenentur</strong></span> <span class='ocrx_word' id='word_1_7' title='bbox 1153 481 1200 518; x_wconf 89' lang='lat' dir='ltr'><strong>et</strong></span> <span class='ocrx_word' id='word_1_8' title='bbox 1222 475 1488 525; x_wconf 85' lang='lat' dir='ltr'><strong>limitentur,</strong></span> <span class='ocrx_word' id='word_1_9' title='bbox 1513 481 1560 517; x_wconf 91' lang='lat' dir='ltr'><strong>et</strong></span> <span class='ocrx_word' id='word_1_10' title='bbox 1587 475 1650 517; x_wconf 91' lang='lat' dir='ltr'><strong>sic</strong></span> <span class='ocrx_word' id='word_1_11' title='bbox 1677 474 1808 517; x_wconf 89' lang='lat' dir='ltr'><strong>indu-</strong></span> 
     </span>
     <span class='ocr_line' id='line_1_3' title="bbox 316 539 1807 594; baseline -0.001 -13"><span class='ocrx_word' id='word_1_12' title='bbox 316 547 447 583; x_wconf 84' lang='lat' dir='ltr'><strong>catur</strong></span> <span class='ocrx_word' id='word_1_13' title='bbox 477 547 627 582; x_wconf 89' lang='lat' dir='ltr'><strong>status</strong></span> <span class='ocrx_word' id='word_1_14' title='bbox 659 539 961 590; x_wconf 71' lang='lat' dir='ltr'><strong>constriffior,</strong></span> <span class='ocrx_word' id='word_1_15' title='bbox 988 541 1063 594; x_wconf 88' lang='lat' dir='ltr'><strong>qui</strong></span> <span class='ocrx_word' id='word_1_16' title='bbox 1093 540 1215 581; x_wconf 91' lang='lat' dir='ltr'><strong>vitae</strong></span> <span class='ocrx_word' id='word_1_17' title='bbox 1241 539 1484 593; x_wconf 88' lang='lat' dir='ltr'><strong>conjugiali</strong></span> <span class='ocrx_word' id='word_1_18' title='bbox 1515 539 1691 580; x_wconf 85' lang='lat' dir='ltr'><strong>affinior</strong></span> <span class='ocrx_word' id='word_1_19' title='bbox 1720 545 1807 580; x_wconf 89' lang='lat' dir='ltr'><strong>est.</strong></span> 
     </span>
     <span class='ocr_line' id='line_1_4' title="bbox 319 602 1807 658; baseline 0 -14"><span class='ocrx_word' id='word_1_20' title='bbox 319 603 404 658; x_wconf 92' lang='lat' dir='ltr'><strong>(ii.)</strong></span> <span class='ocrx_word' id='word_1_21' title='bbox 451 602 587 657; x_wconf 83' lang='lat' dir='ltr'><strong>Quod</strong></span> <span class='ocrx_word' id='word_1_22' title='bbox 618 604 755 645; x_wconf 91' lang='lat' dir='ltr'><strong>ardor</strong></span> <span class='ocrx_word' id='word_1_23' title='bbox 784 604 961 645; x_wconf 88' lang='lat' dir='ltr'><strong>veneris</strong></span> <span class='ocrx_word' id='word_1_24' title='bbox 1003 604 1047 644; x_wconf 89' lang='lat' dir='ltr'><strong>in</strong></span> <span class='ocrx_word' id='word_1_25' title='bbox 1090 603 1310 656; x_wconf 88' lang='lat' dir='ltr'><strong>principio</strong></span> <span class='ocrx_word' id='word_1_26' title='bbox 1340 609 1580 644; x_wconf 89' lang='lat' dir='ltr'><strong>aestuosus</strong></span> <span class='ocrx_word' id='word_1_27' title='bbox 1611 609 1659 644; x_wconf 93' lang='lat' dir='ltr'><strong>et</strong></span> <span class='ocrx_word' id='word_1_28' title='bbox 1689 603 1807 644; x_wconf 86' lang='lat' dir='ltr'><strong>sicut</strong></span> 
     </span>
     <span class='ocr_line' id='line_1_5' title="bbox 316 665 1806 721; baseline -0.001 -13"><span class='ocrx_word' id='word_1_29' title='bbox 316 681 450 708; x_wconf 91' lang='lat' dir='ltr'><strong>urens</strong></span> <span class='ocrx_word' id='word_1_30' title='bbox 475 667 661 708; x_wconf 90' lang='lat' dir='ltr'><strong>sedetur</strong></span> <span class='ocrx_word' id='word_1_31' title='bbox 686 674 733 709; x_wconf 92' lang='lat' dir='ltr'><strong>et</strong></span> <span class='ocrx_word' id='word_1_32' title='bbox 759 668 1010 721; x_wconf 87' lang='lat' dir='ltr'><strong>mitigetur,</strong></span> <span class='ocrx_word' id='word_1_33' title='bbox 1037 672 1084 708; x_wconf 91' lang='lat' dir='ltr'><strong>et</strong></span> <span class='ocrx_word' id='word_1_34' title='bbox 1114 666 1235 720; x_wconf 92' lang='lat' dir='ltr'><strong>quod</strong></span> <span class='ocrx_word' id='word_1_35' title='bbox 1261 666 1324 708; x_wconf 93' lang='lat' dir='ltr'><strong>sic</strong></span> <span class='ocrx_word' id='word_1_36' title='bbox 1350 666 1568 708; x_wconf 90' lang='lat' dir='ltr'><strong>lascivum</strong></span> <span class='ocrx_word' id='word_1_37' title='bbox 1594 665 1806 715; x_wconf 86' lang='lat' dir='ltr'><strong>salaciae,</strong></span> 
     </span>
     <span class='ocr_line' id='line_1_6' title="bbox 315 729 1807 784; baseline -0.001 -13"><span class='ocrx_word' id='word_1_38' title='bbox 315 730 437 784; x_wconf 93' lang='lat' dir='ltr'><strong>quod</strong></span> <span class='ocrx_word' id='word_1_39' title='bbox 469 736 541 771; x_wconf 92' lang='lat' dir='ltr'><strong>est</strong></span> <span class='ocrx_word' id='word_1_40' title='bbox 573 730 769 779; x_wconf 88' lang='lat' dir='ltr'><strong>foedum,</strong></span> <span class='ocrx_word' id='word_1_41' title='bbox 798 736 1082 784; x_wconf 88' lang='lat' dir='ltr'><strong>temperetur</strong></span> <span class='ocrx_word' id='word_1_42' title='bbox 1114 743 1194 782; x_wconf 92' lang='lat' dir='ltr'><strong>per</strong></span> <span class='ocrx_word' id='word_1_43' title='bbox 1224 729 1407 783; x_wconf 89' lang='lat' dir='ltr'>aliquod</span> <span class='ocrx_word' id='word_1_44' title='bbox 1433 730 1549 771; x_wconf 89' lang='lat' dir='ltr'><strong>sicut</strong></span> <span class='ocrx_word' id='word_1_45' title='bbox 1574 729 1807 783; x_wconf 75' lang='lat' dir='ltr'><strong>analogon</strong></span> 
     </span>
     <span class='ocr_line' id='line_1_7' title="bbox 316 792 1807 847; baseline -0.001 -13"><span class='ocrx_word' id='word_1_46' title='bbox 316 793 526 846; x_wconf 88' lang='lat' dir='ltr'><strong>conjugii.</strong></span> <span class='ocrx_word' id='word_1_47' title='bbox 585 793 683 847; x_wconf 91' lang='lat' dir='ltr'><strong>(iii.)</strong></span> <span class='ocrx_word' id='word_1_48' title='bbox 736 794 818 834; x_wconf 91' lang='lat' dir='ltr'><strong>Per</strong></span> <span class='ocrx_word' id='word_1_49' title='bbox 839 793 966 834; x_wconf 92' lang='lat' dir='ltr'><strong>illum</strong></span> <span class='ocrx_word' id='word_1_50' title='bbox 990 806 1073 834; x_wconf 91' lang='lat' dir='ltr'><strong>nec</strong></span> <span class='ocrx_word' id='word_1_51' title='bbox 1097 792 1392 846; x_wconf 89' lang='lat' dir='ltr'><strong>projiciuntur</strong></span> <span class='ocrx_word' id='word_1_52' title='bbox 1408 793 1538 842; x_wconf 89' lang='lat' dir='ltr'><strong>vires,</strong></span> <span class='ocrx_word' id='word_1_53' title='bbox 1557 799 1604 834; x_wconf 93' lang='lat' dir='ltr'><strong>et</strong></span> <span class='ocrx_word' id='word_1_54' title='bbox 1621 799 1807 833; x_wconf 90' lang='lat' dir='ltr'><strong>contra-</strong></span> 
     </span>
     <span class='ocr_line' id='line_1_8' title="bbox 315 855 1807 910; baseline -0.001 -13"><span class='ocrx_word' id='word_1_55' title='bbox 315 857 485 897; x_wconf 90' lang='lat' dir='ltr'><strong>huntur</strong></span> <span class='ocrx_word' id='word_1_56' title='bbox 510 856 866 906; x_wconf 84' lang='lat' dir='ltr'><strong>imbecillitates,</strong></span> <span class='ocrx_word' id='word_1_57' title='bbox 892 858 1008 898; x_wconf 91' lang='lat' dir='ltr'><strong>sicut</strong></span> <span class='ocrx_word' id='word_1_58' title='bbox 1035 870 1114 910; x_wconf 89' lang='lat' dir='ltr'><strong>per</strong></span> <span class='ocrx_word' id='word_1_59' title='bbox 1140 857 1388 908; x_wconf 89' lang='lat' dir='ltr'><strong>satyriases</strong></span> <span class='ocrx_word' id='word_1_60' title='bbox 1414 869 1555 909; x_wconf 85' lang='lat' dir='ltr'><strong>vagas</strong></span> <span class='ocrx_word' id='word_1_61' title='bbox 1582 862 1630 897; x_wconf 91' lang='lat' dir='ltr'><strong>et</strong></span> <span class='ocrx_word' id='word_1_62' title='bbox 1656 855 1807 896; x_wconf 91' lang='lat' dir='ltr'><strong>illimi-</strong></span> 
     </span>
     <span class='ocr_line' id='line_1_9' title="bbox 314 919 1808 974; baseline -0.001 -13"><span class='ocrx_word' id='word_1_63' title='bbox 314 926 453 966; x_wconf 81' lang='lat' dir='ltr'><strong>tatas.</strong></span> <span class='ocrx_word' id='word_1_64' title='bbox 517 919 614 974; x_wconf 86' lang='lat' dir='ltr'><strong>(iv.)</strong></span> <span class='ocrx_word' id='word_1_65' title='bbox 664 920 747 961; x_wconf 90' lang='lat' dir='ltr'><strong>Per</strong></span> <span class='ocrx_word' id='word_1_66' title='bbox 782 920 908 961; x_wconf 91' lang='lat' dir='ltr'><strong>illum</strong></span> <span class='ocrx_word' id='word_1_67' title='bbox 946 921 1086 961; x_wconf 92' lang='lat' dir='ltr'><strong>etiam</strong></span> <span class='ocrx_word' id='word_1_68' title='bbox 1127 919 1223 960; x_wconf 89' lang='lat' dir='ltr'><strong>lues</strong></span> <span class='ocrx_word' id='word_1_69' title='bbox 1264 919 1481 972; x_wconf 86' lang='lat' dir='ltr'><strong>corporis,</strong></span> <span class='ocrx_word' id='word_1_70' title='bbox 1515 932 1567 960; x_wconf 90' lang='lat' dir='ltr'><strong>ac</strong></span> <span class='ocrx_word' id='word_1_71' title='bbox 1604 919 1808 960; x_wconf 89' lang='lat' dir='ltr'><strong>insaniae</strong></span> 
     </span>
     <span class='ocr_line' id='line_1_10' title="bbox 315 983 1809 1037; baseline -0.001 -13"><span class='ocrx_word' id='word_1_72' title='bbox 315 984 496 1032; x_wconf 91' lang='lat' dir='ltr'><strong>mentis,</strong></span> <span class='ocrx_word' id='word_1_73' title='bbox 536 984 780 1025; x_wconf 90' lang='lat' dir='ltr'><strong>evitantur.</strong></span> <span class='ocrx_word' id='word_1_74' title='bbox 839 983 922 1037; x_wconf 89' lang='lat' dir='ltr'><strong>(V.)</strong></span> <span class='ocrx_word' id='word_1_75' title='bbox 971 983 1147 1024; x_wconf 81' lang='lat' dir='ltr'><strong>Pariter</strong></span> <span class='ocrx_word' id='word_1_76' title='bbox 1187 996 1268 1037; x_wconf 88' lang='lat' dir='ltr'><strong>per</strong></span> <span class='ocrx_word' id='word_1_77' title='bbox 1307 983 1434 1023; x_wconf 91' lang='lat' dir='ltr'><strong>illum</strong></span> <span class='ocrx_word' id='word_1_78' title='bbox 1476 988 1809 1036; x_wconf 88' lang='lat' dir='ltr'><strong>praecaventur</strong></span> 
     </span>
     <span class='ocr_line' id='line_1_11' title="bbox 313 1046 1807 1101; baseline -0.001 -13"><span class='ocrx_word' id='word_1_79' title='bbox 313 1047 552 1096; x_wconf 88' lang='lat' dir='ltr'><strong>adulteria,</strong></span> <span class='ocrx_word' id='word_1_80' title='bbox 570 1061 685 1101; x_wconf 90' lang='lat' dir='ltr'><strong>quae</strong></span> <span class='ocrx_word' id='word_1_81' title='bbox 703 1053 807 1088; x_wconf 90' lang='lat' dir='ltr'><strong>sunt</strong></span> <span class='ocrx_word' id='word_1_82' title='bbox 826 1047 1170 1088; x_wconf 89' lang='lat' dir='ltr'><strong>moechationes</strong></span> <span class='ocrx_word' id='word_1_83' title='bbox 1188 1059 1290 1088; x_wconf 90' lang='lat' dir='ltr'><strong>cum</strong></span> <span class='ocrx_word' id='word_1_84' title='bbox 1308 1046 1540 1095; x_wconf 85' lang='lat' dir='ltr'><strong>uxoribus,</strong></span> <span class='ocrx_word' id='word_1_85' title='bbox 1557 1059 1608 1087; x_wconf 91' lang='lat' dir='ltr'><strong>ac</strong></span> <span class='ocrx_word' id='word_1_86' title='bbox 1627 1052 1807 1099; x_wconf 91' lang='lat' dir='ltr'><strong>stupra-</strong></span> 
     </span>
     <span class='ocr_line' id='line_1_12' title="bbox 313 1109 1807 1164; baseline -0.001 -13"><span class='ocrx_word' id='word_1_87' title='bbox 313 1111 461 1152; x_wconf 90' lang='lat' dir='ltr'><strong>tiones</strong></span> <span class='ocrx_word' id='word_1_88' title='bbox 483 1125 598 1164; x_wconf 89' lang='lat' dir='ltr'><strong>quae</strong></span> <span class='ocrx_word' id='word_1_89' title='bbox 621 1117 727 1152; x_wconf 88' lang='lat' dir='ltr'><strong>sunt</strong></span> <span class='ocrx_word' id='word_1_90' title='bbox 749 1110 1022 1152; x_wconf 85' lang='lat' dir='ltr'><strong>violationes</strong></span> <span class='ocrx_word' id='word_1_91' title='bbox 1039 1111 1291 1163; x_wconf 89' lang='lat' dir='ltr'><strong>virginum;</strong></span> <span class='ocrx_word' id='word_1_92' title='bbox 1325 1116 1374 1151; x_wconf 90' lang='lat' dir='ltr'><strong>ut</strong></span> <span class='ocrx_word' id='word_1_93' title='bbox 1397 1116 1640 1151; x_wconf 89' lang='lat' dir='ltr'><strong>taceantur</strong></span> <span class='ocrx_word' id='word_1_94' title='bbox 1657 1109 1807 1150; x_wconf 90' lang='lat' dir='ltr'><strong>crimi-</strong></span> 
     </span>
     <span class='ocr_line' id='line_1_13' title="bbox 315 1167 1807 1229; baseline -0.001 -14"><span class='ocrx_word' id='word_1_95' title='bbox 315 1167 442 1223; x_wconf 87' lang='lat' dir='ltr'><strong>nosa,</strong></span> <span class='ocrx_word' id='word_1_96' title='bbox 462 1189 576 1229; x_wconf 90' lang='lat' dir='ltr'><strong>quae</strong></span> <span class='ocrx_word' id='word_1_97' title='bbox 599 1188 691 1215; x_wconf 91' lang='lat' dir='ltr'><strong>non</strong></span> <span class='ocrx_word' id='word_1_98' title='bbox 714 1175 993 1215; x_wconf 85' lang='lat' dir='ltr'><strong>nominanda</strong></span> <span class='ocrx_word' id='word_1_99' title='bbox 1016 1181 1120 1216; x_wconf 87' lang='lat' dir='ltr'><strong>sunt</strong></span> <span class='ocrx_word' id='word_1_100' title='bbox 1139 1187 1147 1215; x_wconf 88' lang='lat'>:</span> <span class='ocrx_word' id='word_1_101' title='bbox 1187 1187 1298 1228; x_wconf 90' lang='lat' dir='ltr'><strong>puer</strong></span> <span class='ocrx_word' id='word_1_102' title='bbox 1318 1174 1453 1222; x_wconf 90' lang='lat' dir='ltr'><strong>enirn,</strong></span> <span class='ocrx_word' id='word_1_103' title='bbox 1473 1174 1580 1214; x_wconf 91' lang='lat' dir='ltr'><strong>dum</strong></span> <span class='ocrx_word' id='word_1_104' title='bbox 1603 1173 1807 1227; x_wconf 86' lang='lat' dir='ltr'><strong>ephebus</strong></span> 
     </span>
     <span class='ocr_line' id='line_1_14' title="bbox 314 1237 1807 1291; baseline -0.001 -12"><span class='ocrx_word' id='word_1_105' title='bbox 314 1245 400 1287; x_wconf 89' lang='lat' dir='ltr'><strong>est,</strong></span> <span class='ocrx_word' id='word_1_106' title='bbox 430 1251 520 1279; x_wconf 89' lang='lat' dir='ltr'><strong>non</strong></span> <span class='ocrx_word' id='word_1_107' title='bbox 548 1239 726 1291; x_wconf 87' lang='lat' dir='ltr'><strong>cogitat</strong></span> <span class='ocrx_word' id='word_1_108' title='bbox 753 1238 873 1291; x_wconf 93' lang='lat' dir='ltr'><strong>quod</strong></span> <span class='ocrx_word' id='word_1_109' title='bbox 900 1238 1124 1279; x_wconf 91' lang='lat' dir='ltr'><strong>adulteria</strong></span> <span class='ocrx_word' id='word_1_110' title='bbox 1150 1244 1197 1279; x_wconf 91' lang='lat' dir='ltr'><strong>et</strong></span> <span class='ocrx_word' id='word_1_111' title='bbox 1224 1244 1382 1290; x_wconf 84' lang='lat' dir='ltr'><strong>stupra</strong></span> <span class='ocrx_word' id='word_1_112' title='bbox 1407 1238 1498 1278; x_wconf 88' lang='lat' dir='ltr'><strong>sint</strong></span> <span class='ocrx_word' id='word_1_113' title='bbox 1524 1237 1646 1278; x_wconf 89' lang='lat' dir='ltr'><strong>aliud</strong></span> <span class='ocrx_word' id='word_1_114' title='bbox 1672 1248 1807 1291; x_wconf 90' lang='lat' dir='ltr'><strong>quam</strong></span> 
     </span>
     <span class='ocr_line' id='line_1_15' title="bbox 316 1300 1808 1355; baseline -0.001 -13"><span class='ocrx_word' id='word_1_115' title='bbox 316 1301 654 1350; x_wconf 82' lang='lat' dir='ltr'><strong>fornicationes,</strong></span> <span class='ocrx_word' id='word_1_116' title='bbox 674 1302 738 1342; x_wconf 91' lang='lat' dir='ltr'><strong>ita</strong></span> <span class='ocrx_word' id='word_1_117' title='bbox 761 1301 881 1355; x_wconf 92' lang='lat' dir='ltr'><strong>quod</strong></span> <span class='ocrx_word' id='word_1_118' title='bbox 901 1314 1036 1342; x_wconf 90' lang='lat' dir='ltr'><strong>unum</strong></span> <span class='ocrx_word' id='word_1_119' title='bbox 1060 1302 1118 1342; x_wconf 91' lang='lat' dir='ltr'><strong>sit</strong></span> <span class='ocrx_word' id='word_1_120' title='bbox 1142 1301 1261 1342; x_wconf 89' lang='lat' dir='ltr'><strong>idem</strong></span> <span class='ocrx_word' id='word_1_121' title='bbox 1280 1314 1382 1342; x_wconf 89' lang='lat' dir='ltr'><strong>cum</strong></span> <span class='ocrx_word' id='word_1_122' title='bbox 1405 1301 1554 1341; x_wconf 88' lang='lat' dir='ltr'><strong>altero</strong></span> <span class='ocrx_word' id='word_1_123' title='bbox 1575 1314 1583 1350; x_wconf 93' lang='lat'>;</span> <span class='ocrx_word' id='word_1_124' title='bbox 1617 1313 1700 1342; x_wconf 90' lang='lat' dir='ltr'><strong>nec</strong></span> <span class='ocrx_word' id='word_1_125' title='bbox 1719 1300 1808 1341; x_wconf 92' lang='lat' dir='ltr'><strong>scit</strong></span> 
     </span>
     <span class='ocr_line' id='line_1_16' title="bbox 315 1364 1807 1418; baseline -0.001 -12"><span class='ocrx_word' id='word_1_126' title='bbox 315 1380 375 1407; x_wconf 87' lang='lat' dir='ltr'><strong>ex</strong></span> <span class='ocrx_word' id='word_1_127' title='bbox 392 1366 571 1407; x_wconf 89' lang='lat' dir='ltr'><strong>ratione</strong></span> <span class='ocrx_word' id='word_1_128' title='bbox 588 1366 801 1406; x_wconf 88' lang='lat' dir='ltr'><strong>resistere</strong></span> <span class='ocrx_word' id='word_1_129' title='bbox 824 1364 1172 1418; x_wconf 71' lang='lat' dir='ltr'><strong>pelle&amp;ionibus</strong></span> <span class='ocrx_word' id='word_1_130' title='bbox 1195 1365 1477 1418; x_wconf 89' lang='lat' dir='ltr'><strong>quarundam</strong></span> <span class='ocrx_word' id='word_1_131' title='bbox 1500 1378 1523 1404; x_wconf 93' lang='lat' dir='ltr'><strong>e</strong></span> <span class='ocrx_word' id='word_1_132' title='bbox 1547 1378 1674 1413; x_wconf 87' lang='lat' dir='ltr'><strong>sexu,</strong></span> <span class='ocrx_word' id='word_1_133' title='bbox 1691 1376 1807 1418; x_wconf 89' lang='lat' dir='ltr'><strong>quae</strong></span> 
     </span>
     <span class='ocr_line' id='line_1_17' title="bbox 314 1427 1806 1482; baseline -0.002 -11"><span class='ocrx_word' id='word_1_134' title='bbox 314 1429 623 1470; x_wconf 89' lang='lat' dir='ltr'><strong>meretricatui</strong></span> <span class='ocrx_word' id='word_1_135' title='bbox 664 1429 871 1469; x_wconf 90' lang='lat' dir='ltr'><strong>studiose</strong></span> <span class='ocrx_word' id='word_1_136' title='bbox 912 1441 1099 1482; x_wconf 88' lang='lat' dir='ltr'><strong>operam</strong></span> <span class='ocrx_word' id='word_1_137' title='bbox 1139 1428 1391 1478; x_wconf 90' lang='lat' dir='ltr'><strong>dederunt;</strong></span> <span class='ocrx_word' id='word_1_138' title='bbox 1438 1428 1518 1468; x_wconf 90' lang='lat' dir='ltr'><strong>sed</strong></span> <span class='ocrx_word' id='word_1_139' title='bbox 1560 1433 1716 1481; x_wconf 92' lang='lat' dir='ltr'><strong>potest</strong></span> <span class='ocrx_word' id='word_1_140' title='bbox 1761 1427 1806 1468; x_wconf 92' lang='lat' dir='ltr'><strong>in</strong></span> 
     </span>
     <span class='ocr_line' id='line_1_18' title="bbox 315 1490 1807 1546; baseline 0 -14"><span class='ocrx_word' id='word_1_141' title='bbox 315 1491 548 1546; x_wconf 91' lang='lat' dir='ltr'><strong>pellicatu,</strong></span> <span class='ocrx_word' id='word_1_142' title='bbox 583 1492 656 1545; x_wconf 91' lang='lat' dir='ltr'><strong>qui</strong></span> <span class='ocrx_word' id='word_1_143' title='bbox 689 1498 760 1532; x_wconf 90' lang='lat' dir='ltr'><strong>est</strong></span> <span class='ocrx_word' id='word_1_144' title='bbox 793 1492 1046 1532; x_wconf 86' lang='lat' dir='ltr'><strong>ordinatior</strong></span> <span class='ocrx_word' id='word_1_145' title='bbox 1077 1497 1124 1532; x_wconf 92' lang='lat' dir='ltr'><strong>et</strong></span> <span class='ocrx_word' id='word_1_146' title='bbox 1161 1491 1312 1532; x_wconf 88' lang='lat' dir='ltr'><strong>sanior</strong></span> <span class='ocrx_word' id='word_1_147' title='bbox 1342 1490 1597 1538; x_wconf 85' lang='lat' dir='ltr'><strong>fornicatio,</strong></span> <span class='ocrx_word' id='word_1_148' title='bbox 1631 1491 1807 1532; x_wconf 85' lang='lat' dir='ltr'><strong>discere</strong></span> 
     </span>
     <span class='ocr_line' id='line_1_19' title="bbox 313 1553 1806 1608; baseline -0.001 -12"><span class='ocrx_word' id='word_1_149' title='bbox 313 1561 361 1596; x_wconf 91' lang='lat' dir='ltr'><strong>et</strong></span> <span class='ocrx_word' id='word_1_150' title='bbox 391 1555 545 1596; x_wconf 91' lang='lat' dir='ltr'><strong>videre</strong></span> <span class='ocrx_word' id='word_1_151' title='bbox 571 1555 844 1595; x_wconf 91' lang='lat' dir='ltr'><strong>discrimina.</strong></span> <span class='ocrx_word' id='word_1_152' title='bbox 907 1553 1005 1608; x_wconf 88' lang='lat' dir='ltr'><strong>(vi.)</strong></span> <span class='ocrx_word' id='word_1_153' title='bbox 1041 1554 1123 1595; x_wconf 93' lang='lat' dir='ltr'><strong>Per</strong></span> <span class='ocrx_word' id='word_1_154' title='bbox 1154 1554 1420 1608; x_wconf 87' lang='lat' dir='ltr'><strong>pellicatum</strong></span> <span class='ocrx_word' id='word_1_155' title='bbox 1453 1567 1535 1594; x_wconf 90' lang='lat' dir='ltr'><strong>nec</strong></span> <span class='ocrx_word' id='word_1_156' title='bbox 1567 1554 1700 1594; x_wconf 91' lang='lat' dir='ltr'><strong>datur</strong></span> <span class='ocrx_word' id='word_1_157' title='bbox 1730 1566 1806 1594; x_wconf 91' lang='lat' dir='ltr'><strong>ac-</strong></span> 
     </span>
     <span class='ocr_line' id='line_1_20' title="bbox 313 1617 1807 1672; baseline 0 -14"><span class='ocrx_word' id='word_1_158' title='bbox 313 1627 467 1659; x_wconf 87' lang='lat' dir='ltr'><strong>cessus</strong></span> <span class='ocrx_word' id='word_1_159' title='bbox 489 1618 546 1658; x_wconf 89' lang='lat' dir='ltr'><strong>ad</strong></span> <span class='ocrx_word' id='word_1_160' title='bbox 570 1624 766 1672; x_wconf 89' lang='lat' dir='ltr'><strong>quatuor</strong></span> <span class='ocrx_word' id='word_1_161' title='bbox 788 1631 958 1671; x_wconf 87' lang='lat' dir='ltr'><strong>genera</strong></span> <span class='ocrx_word' id='word_1_162' title='bbox 980 1618 1231 1665; x_wconf 86' lang='lat' dir='ltr'><strong>libidinum,</strong></span> <span class='ocrx_word' id='word_1_163' title='bbox 1251 1631 1365 1671; x_wconf 89' lang='lat' dir='ltr'><strong>quae</strong></span> <span class='ocrx_word' id='word_1_164' title='bbox 1390 1617 1435 1657; x_wconf 91' lang='lat' dir='ltr'><strong>in</strong></span> <span class='ocrx_word' id='word_1_165' title='bbox 1463 1630 1640 1657; x_wconf 91' lang='lat' dir='ltr'><strong>summo</strong></span> <span class='ocrx_word' id='word_1_166' title='bbox 1661 1617 1807 1670; x_wconf 87' lang='lat' dir='ltr'><strong>gradu</strong></span> 
     </span>
     <span class='ocr_line' id='line_1_21' title="bbox 313 1679 1806 1734; baseline 0 -13"><span class='ocrx_word' id='word_1_167' title='bbox 313 1688 418 1722; x_wconf 87' lang='lat' dir='ltr'><strong>sunt</strong></span> <span class='ocrx_word' id='word_1_168' title='bbox 444 1680 725 1723; x_wconf 61' lang='lat' dir='ltr'><strong>destruGtiva</strong></span> <span class='ocrx_word' id='word_1_169' title='bbox 751 1682 918 1722; x_wconf 87' lang='lat' dir='ltr'><strong>amoris</strong></span> <span class='ocrx_word' id='word_1_170' title='bbox 945 1681 1240 1734; x_wconf 84' lang='lat' dir='ltr'><strong>conjugialis;</strong></span> <span class='ocrx_word' id='word_1_171' title='bbox 1273 1694 1388 1734; x_wconf 92' lang='lat' dir='ltr'><strong>quae</strong></span> <span class='ocrx_word' id='word_1_172' title='bbox 1414 1686 1530 1727; x_wconf 88' lang='lat' dir='ltr'><strong>sunt,</strong></span> <span class='ocrx_word' id='word_1_173' title='bbox 1560 1679 1700 1721; x_wconf 92' lang='lat' dir='ltr'><strong>libido</strong></span> <span class='ocrx_word' id='word_1_174' title='bbox 1726 1679 1806 1721; x_wconf 90' lang='lat' dir='ltr'><strong>de-</strong></span> 
     </span>
     <span class='ocr_line' id='line_1_22' title="bbox 312 1742 1806 1794; baseline -0.001 -9"><span class='ocrx_word' id='word_1_175' title='bbox 312 1745 576 1794; x_wconf 89' lang='lat' dir='ltr'><strong>florationis,</strong></span> <span class='ocrx_word' id='word_1_176' title='bbox 597 1745 737 1786; x_wconf 93' lang='lat' dir='ltr'><strong>libido</strong></span> <span class='ocrx_word' id='word_1_177' title='bbox 753 1745 1042 1793; x_wconf 88' lang='lat' dir='ltr'><strong>varietatum,</strong></span> <span class='ocrx_word' id='word_1_178' title='bbox 1064 1744 1203 1785; x_wconf 91' lang='lat' dir='ltr'><strong>libido</strong></span> <span class='ocrx_word' id='word_1_179' title='bbox 1225 1742 1656 1791; x_wconf 90' lang='lat' dir='ltr'><strong>violationis‚libido</strong></span> <span class='ocrx_word' id='word_1_180' title='bbox 1673 1743 1806 1784; x_wconf 92' lang='lat' dir='ltr'><strong>sedu-</strong></span> 
     </span>
     <span class='ocr_line' id='line_1_23' title="bbox 313 1804 1804 1861; baseline 0 -13"><span class='ocrx_word' id='word_1_181' title='bbox 313 1808 446 1848; x_wconf 92' lang='lat' dir='ltr'><strong>cendi</strong></span> <span class='ocrx_word' id='word_1_182' title='bbox 478 1808 792 1858; x_wconf 88' lang='lat' dir='ltr'><strong>innocentias;</strong></span> <span class='ocrx_word' id='word_1_183' title='bbox 838 1808 895 1848; x_wconf 94' lang='lat' dir='ltr'><strong>de</strong></span> <span class='ocrx_word' id='word_1_184' title='bbox 928 1808 1086 1861; x_wconf 89' lang='lat' dir='ltr'><strong>quibus</strong></span> <span class='ocrx_word' id='word_1_185' title='bbox 1124 1807 1167 1847; x_wconf 91' lang='lat' dir='ltr'><strong>in</strong></span> <span class='ocrx_word' id='word_1_186' title='bbox 1201 1806 1509 1860; x_wconf 88' lang='lat' dir='ltr'><strong>sequentibus.</strong></span> <span class='ocrx_word' id='word_1_187' title='bbox 1570 1804 1659 1846; x_wconf 87' lang='lat' dir='ltr'><strong>Sed</strong></span> <span class='ocrx_word' id='word_1_188' title='bbox 1690 1805 1804 1848; x_wconf 88' lang='lat' dir='ltr'><strong>haec</strong></span> 
     </span>
     <span class='ocr_line' id='line_1_24' title="bbox 314 1870 1804 1925; baseline -0.001 -14"><span class='ocrx_word' id='word_1_189' title='bbox 314 1884 404 1911; x_wconf 91' lang='lat' dir='ltr'><strong>non</strong></span> <span class='ocrx_word' id='word_1_190' title='bbox 432 1870 553 1912; x_wconf 68' lang='lat' dir='ltr'><strong>dicta</strong></span> <span class='ocrx_word' id='word_1_191' title='bbox 578 1877 682 1912; x_wconf 89' lang='lat' dir='ltr'><strong>sunt</strong></span> <span class='ocrx_word' id='word_1_192' title='bbox 711 1871 813 1919; x_wconf 90' lang='lat' dir='ltr'><strong>illis,</strong></span> <span class='ocrx_word' id='word_1_193' title='bbox 834 1872 907 1925; x_wconf 92' lang='lat' dir='ltr'><strong>qui</strong></span> <span class='ocrx_word' id='word_1_194' title='bbox 934 1877 1113 1912; x_wconf 86' lang='lat' dir='ltr'><strong>aestum</strong></span> <span class='ocrx_word' id='word_1_195' title='bbox 1138 1871 1334 1911; x_wconf 91' lang='lat' dir='ltr'><strong>libidinis</strong></span> <span class='ocrx_word' id='word_1_196' title='bbox 1357 1874 1548 1923; x_wconf 89' lang='lat' dir='ltr'><strong>possunt</strong></span> <span class='ocrx_word' id='word_1_197' title='bbox 1566 1882 1804 1920; x_wconf 90' lang='lat' dir='ltr'><strong>coercere;</strong></span> 
     </span>
     <span class='ocr_line' id='line_1_25' title="bbox 313 1932 1805 1988; baseline 0.001 -14"><span class='ocrx_word' id='word_1_198' title='bbox 313 1947 396 1975; x_wconf 91' lang='lat' dir='ltr'><strong>nec</strong></span> <span class='ocrx_word' id='word_1_199' title='bbox 428 1934 516 1975; x_wconf 90' lang='lat' dir='ltr'><strong>illis</strong></span> <span class='ocrx_word' id='word_1_200' title='bbox 548 1935 621 1988; x_wconf 90' lang='lat' dir='ltr'><strong>qui</strong></span> <span class='ocrx_word' id='word_1_201' title='bbox 653 1935 813 1975; x_wconf 86' lang='lat' dir='ltr'><strong>statim</strong></span> <span class='ocrx_word' id='word_1_202' title='bbox 845 1935 952 1975; x_wconf 92' lang='lat' dir='ltr'><strong>dum</strong></span> <span class='ocrx_word' id='word_1_203' title='bbox 981 1934 1297 1986; x_wconf 86' lang='lat' dir='ltr'><strong>juvenescunt,</strong></span> <span class='ocrx_word' id='word_1_204' title='bbox 1326 1932 1584 1985; x_wconf 87' lang='lat' dir='ltr'><strong>conjugium</strong></span> <span class='ocrx_word' id='word_1_205' title='bbox 1611 1938 1805 1985; x_wconf 86' lang='lat' dir='ltr'><strong>possunt</strong></span> 
     </span>
     <span class='ocr_line' id='line_1_26' title="bbox 312 1995 1804 2051; baseline 0 -13"><span class='ocrx_word' id='word_1_206' title='bbox 312 1998 438 2046; x_wconf 91' lang='lat' dir='ltr'><strong>inire,</strong></span> <span class='ocrx_word' id='word_1_207' title='bbox 463 2011 515 2039; x_wconf 89' lang='lat' dir='ltr'><strong>ac</strong></span> <span class='ocrx_word' id='word_1_208' title='bbox 543 1998 763 2051; x_wconf 90' lang='lat' dir='ltr'><strong>primitias</strong></span> <span class='ocrx_word' id='word_1_209' title='bbox 786 1998 964 2039; x_wconf 89' lang='lat' dir='ltr'><strong>virtutis</strong></span> <span class='ocrx_word' id='word_1_210' title='bbox 988 1998 1117 2038; x_wconf 80' lang='lat' dir='ltr'><strong>uxori</strong></span> <span class='ocrx_word' id='word_1_211' title='bbox 1141 2010 1247 2037; x_wconf 89' lang='lat' dir='ltr'><strong>suae</strong></span> <span class='ocrx_word' id='word_1_212' title='bbox 1269 1995 1428 2036; x_wconf 83' lang='lat' dir='ltr'><strong>offerre</strong></span> <span class='ocrx_word' id='word_1_213' title='bbox 1454 2002 1500 2036; x_wconf 91' lang='lat' dir='ltr'><strong>et</strong></span> <span class='ocrx_word' id='word_1_214' title='bbox 1527 1995 1804 2048; x_wconf 87' lang='lat' dir='ltr'><strong>impendere.</strong></span> 
     </span>
    </p>

    <p class='ocr_par' dir='ltr' id='par_1_3' title="bbox 310 2059 1806 3059">
     <span class='ocr_line' id='line_1_27' title="bbox 395 2059 1802 2116; baseline -0.003 -12"><span class='ocrx_word' id='word_1_215' title='bbox 395 2062 537 2116; x_wconf 82' lang='grc'><strong>460.</strong></span> <span class='ocrx_word' id='word_1_216' title='bbox 580 2060 714 2114; x_wconf 83' lang='grc' dir='ltr'><strong>(Χίν.)</strong></span> <span class='ocrx_word' id='word_1_217' title='bbox 761 2059 890 2111; x_wconf 78' lang='lat' dir='ltr'><strong>Quod</strong></span> <span class='ocrx_word' id='word_1_218' title='bbox 917 2060 1154 2113; x_wconf 77' lang='lat' dir='ltr'><strong>pellicatus</strong></span> <span class='ocrx_word' id='word_1_219' title='bbox 1193 2059 1373 2100; x_wconf 81' lang='lat' dir='ltr'><strong>libidini</strong></span> <span class='ocrx_word' id='word_1_220' title='bbox 1406 2072 1548 2111; x_wconf 80' lang='lat' dir='ltr'><strong>vagae</strong></span> <span class='ocrx_word' id='word_1_221' title='bbox 1584 2065 1802 2111; x_wconf 83' lang='lat' dir='ltr'><strong>praestet,</strong></span> 
     </span>
     <span class='ocr_line' id='line_1_28' title="bbox 313 2121 1801 2177; baseline -0.002 -12"><span class='ocrx_word' id='word_1_222' title='bbox 313 2124 438 2165; x_wconf 80' lang='lat' dir='ltr'><strong>modo</strong></span> <span class='ocrx_word' id='word_1_223' title='bbox 463 2137 545 2164; x_wconf 85' lang='lat' dir='ltr'><strong>non</strong></span> <span class='ocrx_word' id='word_1_224' title='bbox 568 2130 810 2177; x_wconf 80' lang='lat' dir='ltr'><strong>pangatur</strong></span> <span class='ocrx_word' id='word_1_225' title='bbox 833 2137 928 2164; x_wconf 88' lang='lat' dir='ltr'><strong>cum</strong></span> <span class='ocrx_word' id='word_1_226' title='bbox 946 2123 1170 2176; x_wconf 80' lang='lat' dir='ltr'><strong>pluribus,</strong></span> <span class='ocrx_word' id='word_1_227' title='bbox 1195 2136 1267 2162; x_wconf 82' lang='lat' dir='ltr'><strong>nec</strong></span> <span class='ocrx_word' id='word_1_228' title='bbox 1291 2135 1385 2162; x_wconf 86' lang='lat' dir='ltr'><strong>cum</strong></span> <span class='ocrx_word' id='word_1_229' title='bbox 1409 2122 1584 2174; x_wconf 77' lang='lat' dir='ltr'><strong>virgine</strong></span> <span class='ocrx_word' id='word_1_230' title='bbox 1610 2135 1685 2162; x_wconf 84' lang='lat' dir='ltr'><strong>seu</strong></span> <span class='ocrx_word' id='word_1_231' title='bbox 1709 2121 1801 2163; x_wconf 85' lang='lat' dir='ltr'><strong>illi-</strong></span> 
     </span>
     <span class='ocr_line' id='line_1_29' title="bbox 314 2185 1806 2241; baseline -0.001 -12"><span class='ocrx_word' id='word_1_232' title='bbox 314 2188 432 2237; x_wconf 84' lang='lat' dir='ltr'><strong>bata,</strong></span> <span class='ocrx_word' id='word_1_233' title='bbox 460 2202 594 2241; x_wconf 85' lang='lat' dir='ltr'><strong>neque</strong></span> <span class='ocrx_word' id='word_1_234' title='bbox 622 2202 716 2228; x_wconf 89' lang='lat' dir='ltr'><strong>cum</strong></span> <span class='ocrx_word' id='word_1_235' title='bbox 741 2187 971 2236; x_wconf 84' lang='lat' dir='ltr'><strong>maritata,</strong></span> <span class='ocrx_word' id='word_1_236' title='bbox 999 2200 1049 2228; x_wconf 88' lang='lat' dir='ltr'><strong>ac</strong></span> <span class='ocrx_word' id='word_1_237' title='bbox 1079 2192 1278 2227; x_wconf 80' lang='lat' dir='ltr'><strong>teneatur</strong></span> <span class='ocrx_word' id='word_1_238' title='bbox 1302 2191 1540 2238; x_wconf 84' lang='lat' dir='ltr'><strong>separatus</strong></span> <span class='ocrx_word' id='word_1_239' title='bbox 1572 2185 1627 2226; x_wconf 85' lang='lat' dir='ltr'><strong>ab</strong></span> <span class='ocrx_word' id='word_1_240' title='bbox 1657 2199 1806 2227; x_wconf 84' lang='lat' dir='ltr'><strong>amore</strong></span> 
     </span>
     <span class='ocr_line' id='line_1_30' title="bbox 312 2249 1803 2305; baseline -0.001 -13"><span class='ocrx_word' id='word_1_241' title='bbox 312 2250 821 2305; x_wconf 79' lang='lat' dir='ltr'><strong>conjugz&#39;ali.—Quando</strong></span> <span class='ocrx_word' id='word_1_242' title='bbox 843 2257 890 2292; x_wconf 89' lang='lat' dir='ltr'><strong>et</strong></span> <span class='ocrx_word' id='word_1_243' title='bbox 917 2250 1037 2304; x_wconf 88' lang='lat' dir='ltr'><strong>apud</strong></span> <span class='ocrx_word' id='word_1_244' title='bbox 1063 2263 1175 2303; x_wconf 85' lang='lat' dir='ltr'><strong>quos</strong></span> <span class='ocrx_word' id='word_1_245' title='bbox 1198 2249 1440 2302; x_wconf 89' lang='lat' dir='ltr'><strong>pellicatus</strong></span> <span class='ocrx_word' id='word_1_246' title='bbox 1463 2249 1635 2289; x_wconf 90' lang='lat' dir='ltr'><strong>libidini</strong></span> <span class='ocrx_word' id='word_1_247' title='bbox 1657 2261 1803 2302; x_wconf 87' lang='lat' dir='ltr'><strong>vagae</strong></span> 
     </span>
     <span class='ocr_line' id='line_1_31' title="bbox 313 2310 1802 2369; baseline -0.002 -14"><span class='ocrx_word' id='word_1_248' title='bbox 313 2321 532 2369; x_wconf 88' lang='lat' dir='ltr'><strong>praestat,</strong></span> <span class='ocrx_word' id='word_1_249' title='bbox 553 2327 663 2355; x_wconf 87' lang='lat' dir='ltr'><strong>mox</strong></span> <span class='ocrx_word' id='word_1_250' title='bbox 686 2328 820 2368; x_wconf 89' lang='lat' dir='ltr'><strong>supra</strong></span> <span class='ocrx_word' id='word_1_251' title='bbox 841 2314 1135 2367; x_wconf 87' lang='lat' dir='ltr'><strong>indigitatum</strong></span> <span class='ocrx_word' id='word_1_252' title='bbox 1153 2319 1238 2353; x_wconf 89' lang='lat' dir='ltr'><strong>est.</strong></span> <span class='ocrx_word' id='word_1_253' title='bbox 1297 2311 1363 2365; x_wconf 83' lang='lat' dir='ltr'><strong>(i.)</strong></span> <span class='ocrx_word' id='word_1_254' title='bbox 1398 2310 1533 2364; x_wconf 79' lang='lat' dir='ltr'><strong>Quod</strong></span> <span class='ocrx_word' id='word_1_255' title='bbox 1561 2310 1802 2365; x_wconf 89' lang='lat' dir='ltr'><strong>pellicatus</strong></span> 
     </span>
     <span class='ocr_line' id='line_1_32' title="bbox 313 2374 1802 2431; baseline -0.002 -13"><span class='ocrx_word' id='word_1_256' title='bbox 313 2391 403 2418; x_wconf 89' lang='lat' dir='ltr'><strong>non</strong></span> <span class='ocrx_word' id='word_1_257' title='bbox 431 2378 699 2431; x_wconf 85' lang='lat' dir='ltr'><strong>pangendus</strong></span> <span class='ocrx_word' id='word_1_258' title='bbox 727 2379 784 2418; x_wconf 91' lang='lat' dir='ltr'><strong>sit</strong></span> <span class='ocrx_word' id='word_1_259' title='bbox 817 2389 917 2418; x_wconf 91' lang='lat' dir='ltr'><strong>cum</strong></span> <span class='ocrx_word' id='word_1_260' title='bbox 949 2376 1150 2430; x_wconf 90' lang='lat' dir='ltr'><strong>pluribus</strong></span> <span class='ocrx_word' id='word_1_261' title='bbox 1177 2388 1311 2429; x_wconf 91' lang='lat' dir='ltr'><strong>quam</strong></span> <span class='ocrx_word' id='word_1_262' title='bbox 1339 2388 1439 2415; x_wconf 93' lang='lat' dir='ltr'><strong>cum</strong></span> <span class='ocrx_word' id='word_1_263' title='bbox 1466 2388 1568 2422; x_wconf 88' lang='lat' dir='ltr'><strong>una,</strong></span> <span class='ocrx_word' id='word_1_264' title='bbox 1596 2380 1667 2416; x_wconf 89' lang='lat' dir='ltr'><strong>est</strong></span> <span class='ocrx_word' id='word_1_265' title='bbox 1699 2374 1802 2428; x_wconf 89' lang='lat' dir='ltr'><strong>quia</strong></span> 
     </span>
     <span class='ocr_line' id='line_1_33' title="bbox 313 2437 1802 2494; baseline -0.002 -13"><span class='ocrx_word' id='word_1_266' title='bbox 313 2453 414 2481; x_wconf 90' lang='lat' dir='ltr'><strong>cum</strong></span> <span class='ocrx_word' id='word_1_267' title='bbox 457 2441 655 2494; x_wconf 89' lang='lat' dir='ltr'><strong>pluribus</strong></span> <span class='ocrx_word' id='word_1_268' title='bbox 695 2441 1033 2494; x_wconf 85' lang='lat' dir='ltr'><strong>polygamicum</strong></span> <span class='ocrx_word' id='word_1_269' title='bbox 1079 2439 1212 2486; x_wconf 89' lang='lat' dir='ltr'><strong>inest,</strong></span> <span class='ocrx_word' id='word_1_270' title='bbox 1246 2438 1366 2491; x_wconf 92' lang='lat' dir='ltr'><strong>quod</strong></span> <span class='ocrx_word' id='word_1_271' title='bbox 1412 2438 1584 2479; x_wconf 88' lang='lat' dir='ltr'><strong>inducit</strong></span> <span class='ocrx_word' id='word_1_272' title='bbox 1629 2437 1802 2478; x_wconf 87' lang='lat' dir='ltr'><strong>homini</strong></span> 
     </span>
     <span class='ocr_line' id='line_1_34' title="bbox 313 2499 1799 2550; baseline -0.003 -6"><span class='ocrx_word' id='word_1_273' title='bbox 313 2509 482 2544; x_wconf 88' lang='lat' dir='ltr'><strong>statum</strong></span> <span class='ocrx_word' id='word_1_274' title='bbox 516 2516 639 2544; x_wconf 93' lang='lat' dir='ltr'><strong>mere</strong></span> <span class='ocrx_word' id='word_1_275' title='bbox 672 2503 941 2550; x_wconf 88' lang='lat' dir='ltr'><strong>naturalem,</strong></span> <span class='ocrx_word' id='word_1_276' title='bbox 975 2515 1025 2543; x_wconf 90' lang='lat' dir='ltr'><strong>ac</strong></span> <span class='ocrx_word' id='word_1_277' title='bbox 1058 2501 1261 2542; x_wconf 91' lang='lat' dir='ltr'><strong>detrudit</strong></span> <span class='ocrx_word' id='word_1_278' title='bbox 1294 2500 1411 2541; x_wconf 91' lang='lat' dir='ltr'><strong>hunc</strong></span> <span class='ocrx_word' id='word_1_279' title='bbox 1451 2501 1494 2541; x_wconf 90' lang='lat' dir='ltr'><strong>in</strong></span> <span class='ocrx_word' id='word_1_280' title='bbox 1527 2499 1799 2547; x_wconf 84' lang='lat' dir='ltr'><strong>sensualem,</strong></span> 
     </span>
     <span class='ocr_line' id='line_1_35' title="bbox 313 2563 1803 2620; baseline -0.003 -14"><span class='ocrx_word' id='word_1_281' title='bbox 313 2580 452 2620; x_wconf 91' lang='lat' dir='ltr'><strong>usque</strong></span> <span class='ocrx_word' id='word_1_282' title='bbox 475 2573 524 2607; x_wconf 91' lang='lat' dir='ltr'><strong>ut</strong></span> <span class='ocrx_word' id='word_1_283' title='bbox 547 2580 637 2608; x_wconf 88' lang='lat' dir='ltr'><strong>non</strong></span> <span class='ocrx_word' id='word_1_284' title='bbox 661 2568 805 2620; x_wconf 89' lang='lat' dir='ltr'><strong>possit</strong></span> <span class='ocrx_word' id='word_1_285' title='bbox 828 2567 871 2607; x_wconf 91' lang='lat' dir='ltr'><strong>in</strong></span> <span class='ocrx_word' id='word_1_286' title='bbox 895 2571 1068 2606; x_wconf 85' lang='lat' dir='ltr'><strong>statum</strong></span> <span class='ocrx_word' id='word_1_287' title='bbox 1087 2563 1381 2617; x_wconf 89' lang='lat' dir='ltr'><strong>spiritualem,</strong></span> <span class='ocrx_word' id='word_1_288' title='bbox 1401 2564 1443 2604; x_wconf 91' lang='lat' dir='ltr'><strong>in</strong></span> <span class='ocrx_word' id='word_1_289' title='bbox 1467 2577 1556 2616; x_wconf 92' lang='lat' dir='ltr'><strong>quo</strong></span> <span class='ocrx_word' id='word_1_290' title='bbox 1573 2563 1656 2603; x_wconf 91' lang='lat' dir='ltr'><strong>erit</strong></span> <span class='ocrx_word' id='word_1_291' title='bbox 1674 2573 1803 2602; x_wconf 86' lang='lat' dir='ltr'><strong>amor</strong></span> 
     </span>
     <span class='ocr_line' id='line_1_36' title="bbox 311 2624 1801 2683; baseline -0.004 -13"><span class='ocrx_word' id='word_1_292' title='bbox 311 2629 591 2682; x_wconf 86' lang='lat' dir='ltr'><strong>conjugialis,</strong></span> <span class='ocrx_word' id='word_1_293' title='bbox 620 2630 784 2670; x_wconf 92' lang='lat' dir='ltr'><strong>elevari</strong></span> <span class='ocrx_word' id='word_1_294' title='bbox 814 2630 1040 2683; x_wconf 90' lang='lat' dir='ltr'><strong>(videatur</strong></span> <span class='ocrx_word' id='word_1_295' title='bbox 1066 2641 1107 2668; x_wconf 90' lang='lat' dir='ltr'><strong>n.</strong></span> <span class='ocrx_word' id='word_1_296' title='bbox 1134 2628 1226 2679; x_wconf 84' lang='lat'><strong>338,</strong></span> <span class='ocrx_word' id='word_1_297' title='bbox 1253 2625 1368 2680; x_wconf 85' lang='lat'><strong>339).</strong></span> <span class='ocrx_word' id='word_1_298' title='bbox 1431 2625 1513 2680; x_wconf 90' lang='lat' dir='ltr'><strong>(ii.)</strong></span> <span class='ocrx_word' id='word_1_299' title='bbox 1549 2624 1683 2678; x_wconf 80' lang='lat' dir='ltr'><strong>Quod</strong></span> <span class='ocrx_word' id='word_1_300' title='bbox 1710 2636 1801 2664; x_wconf 90' lang='lat' dir='ltr'><strong>non</strong></span> 
     </span>
     <span class='ocr_line' id='line_1_37' title="bbox 312 2689 1801 2746; baseline -0.004 -13"><span class='ocrx_word' id='word_1_301' title='bbox 312 2693 580 2746; x_wconf 85' lang='lat' dir='ltr'><strong>pangendus</strong></span> <span class='ocrx_word' id='word_1_302' title='bbox 621 2693 679 2733; x_wconf 87' lang='lat' dir='ltr'><strong>sit</strong></span> <span class='ocrx_word' id='word_1_303' title='bbox 721 2705 821 2733; x_wconf 90' lang='lat' dir='ltr'><strong>cum</strong></span> <span class='ocrx_word' id='word_1_304' title='bbox 863 2692 1036 2745; x_wconf 86' lang='lat' dir='ltr'><strong>virgine</strong></span> <span class='ocrx_word' id='word_1_305' title='bbox 1076 2704 1154 2731; x_wconf 91' lang='lat' dir='ltr'><strong>seu</strong></span> <span class='ocrx_word' id='word_1_306' title='bbox 1194 2689 1384 2738; x_wconf 87' lang='lat' dir='ltr'><strong>illibata,</strong></span> <span class='ocrx_word' id='word_1_307' title='bbox 1417 2695 1490 2730; x_wconf 91' lang='lat' dir='ltr'><strong>est</strong></span> <span class='ocrx_word' id='word_1_308' title='bbox 1531 2689 1634 2741; x_wconf 88' lang='lat' dir='ltr'><strong>quia</strong></span> <span class='ocrx_word' id='word_1_309' title='bbox 1673 2699 1801 2728; x_wconf 86' lang='lat' dir='ltr'><strong>amor</strong></span> 
     </span>
     <span class='ocr_line' id='line_1_38' title="bbox 311 2750 1799 2808; baseline -0.005 -12"><span class='ocrx_word' id='word_1_310' title='bbox 311 2755 577 2808; x_wconf 88' lang='lat' dir='ltr'><strong>conjugialis</strong></span> <span class='ocrx_word' id='word_1_311' title='bbox 609 2755 728 2808; x_wconf 89' lang='lat' dir='ltr'><strong>apud</strong></span> <span class='ocrx_word' id='word_1_312' title='bbox 760 2755 950 2796; x_wconf 89' lang='lat' dir='ltr'><strong>feminas</strong></span> <span class='ocrx_word' id='word_1_313' title='bbox 981 2766 1117 2794; x_wconf 90' lang='lat' dir='ltr'><strong>unum</strong></span> <span class='ocrx_word' id='word_1_314' title='bbox 1149 2753 1245 2806; x_wconf 85' lang='lat' dir='ltr'><strong>agit</strong></span> <span class='ocrx_word' id='word_1_315' title='bbox 1276 2765 1377 2793; x_wconf 93' lang='lat' dir='ltr'><strong>cum</strong></span> <span class='ocrx_word' id='word_1_316' title='bbox 1409 2751 1586 2792; x_wconf 87' lang='lat' dir='ltr'><strong>illarum</strong></span> <span class='ocrx_word' id='word_1_317' title='bbox 1613 2750 1799 2802; x_wconf 88' lang='lat' dir='ltr'><strong>virgini-</strong></span> 
     </span>
     <span class='ocr_line' id='line_1_39' title="bbox 310 2811 1798 2869; baseline -0.004 -10"><span class='ocrx_word' id='word_1_318' title='bbox 310 2825 436 2869; x_wconf 83' lang='lat' dir='ltr'><strong>tate3</strong></span> <span class='ocrx_word' id='word_1_319' title='bbox 473 2819 578 2860; x_wconf 91' lang='lat' dir='ltr'><strong>inde</strong></span> <span class='ocrx_word' id='word_1_320' title='bbox 603 2825 674 2860; x_wconf 90' lang='lat' dir='ltr'><strong>est</strong></span> <span class='ocrx_word' id='word_1_321' title='bbox 700 2819 864 2859; x_wconf 88' lang='lat' dir='ltr'><strong>amoris</strong></span> <span class='ocrx_word' id='word_1_322' title='bbox 890 2818 1018 2859; x_wconf 88' lang='lat' dir='ltr'><strong>istius</strong></span> <span class='ocrx_word' id='word_1_323' title='bbox 1044 2817 1247 2865; x_wconf 85' lang='lat' dir='ltr'><strong>castitas,</strong></span> <span class='ocrx_word' id='word_1_324' title='bbox 1275 2816 1446 2869; x_wconf 91' lang='lat' dir='ltr'><strong>puritas</strong></span> <span class='ocrx_word' id='word_1_325' title='bbox 1473 2821 1519 2856; x_wconf 89' lang='lat' dir='ltr'><strong>et</strong></span> <span class='ocrx_word' id='word_1_326' title='bbox 1553 2811 1798 2863; x_wconf 70' lang='lat' dir='ltr'><strong>san&amp;itas;</strong></span> 
     </span>
     <span class='ocr_line' id='line_1_40' title="bbox 311 2877 1797 2935; baseline -0.004 -12"><span class='ocrx_word' id='word_1_327' title='bbox 311 2895 447 2935; x_wconf 89' lang='lat' dir='ltr'><strong>quare</strong></span> <span class='ocrx_word' id='word_1_328' title='bbox 473 2881 597 2923; x_wconf 89' lang='lat' dir='ltr'><strong>illam</strong></span> <span class='ocrx_word' id='word_1_329' title='bbox 624 2881 755 2922; x_wconf 87' lang='lat' dir='ltr'><strong>alicui</strong></span> <span class='ocrx_word' id='word_1_330' title='bbox 781 2882 877 2922; x_wconf 91' lang='lat' dir='ltr'><strong>viro</strong></span> <span class='ocrx_word' id='word_1_331' title='bbox 900 2880 1125 2935; x_wconf 92' lang='lat' dir='ltr'><strong>spondere</strong></span> <span class='ocrx_word' id='word_1_332' title='bbox 1151 2885 1197 2920; x_wconf 92' lang='lat' dir='ltr'><strong>et</strong></span> <span class='ocrx_word' id='word_1_333' title='bbox 1225 2879 1449 2926; x_wconf 90' lang='lat' dir='ltr'><strong>addicere,</strong></span> <span class='ocrx_word' id='word_1_334' title='bbox 1474 2884 1544 2919; x_wconf 93' lang='lat' dir='ltr'><strong>est</strong></span> <span class='ocrx_word' id='word_1_335' title='bbox 1571 2877 1679 2918; x_wconf 90' lang='lat' dir='ltr'><strong>dare</strong></span> <span class='ocrx_word' id='word_1_336' title='bbox 1704 2881 1797 2916; x_wconf 87' lang='lat' dir='ltr'><strong>tes·</strong></span> 
     </span>
     <span class='ocr_line' id='line_1_41' title="bbox 311 2939 1796 2998; baseline -0.003 -13"><span class='ocrx_word' id='word_1_337' title='bbox 311 2957 457 2985; x_wconf 87' lang='lat' dir='ltr'><strong>seram</strong></span> <span class='ocrx_word' id='word_1_338' title='bbox 483 2945 603 2998; x_wconf 91' lang='lat' dir='ltr'><strong>quod</strong></span> <span class='ocrx_word' id='word_1_339' title='bbox 629 2944 756 2984; x_wconf 89' lang='lat' dir='ltr'><strong>illum</strong></span> <span class='ocrx_word' id='word_1_340' title='bbox 783 2944 826 2986; x_wconf 91' lang='lat' dir='ltr'><strong>in</strong></span> <span class='ocrx_word' id='word_1_341' title='bbox 859 2939 1095 2985; x_wconf 86' lang='lat' dir='ltr'><strong>aeternum</strong></span> <span class='ocrx_word' id='word_1_342' title='bbox 1121 2948 1327 2983; x_wconf 91' lang='lat' dir='ltr'><strong>amatura</strong></span> <span class='ocrx_word' id='word_1_343' title='bbox 1354 2942 1440 2991; x_wconf 90' lang='lat' dir='ltr'><strong>sit;</strong></span> <span class='ocrx_word' id='word_1_344' title='bbox 1473 2941 1641 2982; x_wconf 89' lang='lat' dir='ltr'><strong>idcirco</strong></span> <span class='ocrx_word' id='word_1_345' title='bbox 1665 2939 1796 2991; x_wconf 87' lang='lat' dir='ltr'><strong>virgo</strong></span> 
     </span>
     <span class='ocr_line' id='line_1_42' title="bbox 311 3002 1794 3059; baseline -0.004 -11"><span class='ocrx_word' id='word_1_346' title='bbox 311 3007 435 3048; x_wconf 89' lang='lat' dir='ltr'><strong>illam</strong></span> <span class='ocrx_word' id='word_1_347' title='bbox 463 3021 521 3048; x_wconf 84' lang='lat' dir='ltr'><strong>ex</strong></span> <span class='ocrx_word' id='word_1_348' title='bbox 548 3007 673 3048; x_wconf 89' lang='lat' dir='ltr'><strong>nullo</strong></span> <span class='ocrx_word' id='word_1_349' title='bbox 699 3020 925 3048; x_wconf 86' lang='lat' dir='ltr'><strong>consensu</strong></span> <span class='ocrx_word' id='word_1_350' title='bbox 951 3005 1162 3048; x_wconf 88' lang='lat' dir='ltr'><strong>rationali</strong></span> <span class='ocrx_word' id='word_1_351' title='bbox 1188 3010 1344 3059; x_wconf 90' lang='lat' dir='ltr'><strong>potest</strong></span> <span class='ocrx_word' id='word_1_352' title='bbox 1372 3004 1555 3058; x_wconf 86' lang='lat' dir='ltr'><strong>pacisci,</strong></span> <span class='ocrx_word' id='word_1_353' title='bbox 1583 3002 1667 3043; x_wconf 87' lang='lat' dir='ltr'><strong>nisi</strong></span> <span class='ocrx_word' id='word_1_354' title='bbox 1691 3013 1794 3043; x_wconf 89' lang='lat' dir='ltr'><strong>cum</strong></span> 
     </span>
    </p>
   </div>
  </div>
 </body>
</html>
