2014 3386
0 2231 11 2349 -...,„-..,
0 2190 7 2221 —„*
0 1847 10 2169 v-vv-w-w-ae-r—-ww
0 1771 5 1836 ἡ*
0 1743 4 1752 v

529 331 596 363 DE
629 329 809 363 AMORE
825 302 1267 373 'CONJUGIAL1.-—N.
1300 315 1346 375 1¹3
1354 330 1391 375 5.
1626 333 1702 376 113

205 455 328 492 quare
347 444 449 480 sicut
467 444 590 480 homo
604 444 726 480 sumit
740 443 949 479 scientiam
963 444 1014 480 ab
1031 443 1129 484 aliis,
1146 443 1201 479 ita
1218 455 1259 480 se
1277 443 1313 479 ei
1332 443 1517 490 adjungit
1530 455 1643 480 amor
1660 454 1703 480 ut

205 499 292 544 ejus
321 508 466 534 comes,
518 497 762 533 Universalis
789 508 910 538 amor,
930 497 998 544 qui
1026 508 1067 533 se
1096 497 1293 543 adjungit,
1312 504 1373 532 est
1403 508 1516 532 amor
1540 498 1704 538 sciendi,

205 551 455 597 intelligendi
474 556 514 586 et
531 550 732 596 sapiendi;
755 550 820 586 hic
833 561 946 586 amor
962 557 1024 586 est
1040 550 1114 586 soli
1134 550 1288 585 homini
1306 557 1347 586 et
1365 550 1463 585 nulli
1483 551 1643 591 bestiae,
1657 562 1704 586 ac

205 604 336 640 influit
353 614 377 640 a
395 603 494 639 Deo.
546 603 630 639 Nos
647 604 910 639 convenimus
922 614 1014 638 cum
1029 603 1233 639 sodalibus
1248 604 1396 639 nostris
1413 604 1463 638 ab
1481 604 1703 644 occidente,

203 657 312 704 quod
328 657 450 692 homo
469 667 549 692 non
564 664 750 692 nascatur
767 657 806 691 in
825 657 949 692 ullum
964 667 1152 696 amorem,
1167 663 1208 691 et
1227 657 1319 692 inde
1338 668 1411 692 nec
1430 657 1469 691 in
1488 657 1609 692 ullam
1629 657 1704 693 sci-

201 710 363 750 entiam,
382 710 451 746 sed
474 710 581 756 quod
603 710 731 745 solum
754 717 939 745 nascatur
959 709 998 744 in
1022 709 1321 745 inclinationem
1342 710 1392 745 ad
1419 711 1644 750 amandum,
1663 717 1704 746 et

204 761 297 799 inde
315 763 355 798 in
373 762 603 798 facultatem
625 763 675 798 ad
698 763 970 808 recipiendum
992 763 1191 803 scientias,
1214 774 1295 798 non
1322 774 1345 798 a
1370 774 1412 798 se
1437 764 1507 799 sed
1534 764 1584 799 ab
1604 764 1703 804 aliis,

203 816 282 852 hoc
301 823 374 856 est,
397 827 468 862 per
486 816 607 856 alios;
633 827 703 862 per
722 817 822 852 alios
843 816 1001 856 dicitur,
1023 816 1117 862 quia
1137 827 1211 851 nec
1232 816 1272 850 hi
1295 823 1530 861 receperunt
1551 816 1702 863 aliquid

203 869 394 905 scientiae
411 880 435 904 a
452 880 505 910 se,
524 870 593 904 sed
613 880 637 904 a
656 869 755 904 Deo.
806 868 1079 905 Convenimus
1093 869 1212 904 etiam
1231 880 1320 904 cum
1341 869 1543 905 sodalibus
1557 870 1704 905 nostris

201 922 252 958 ad
270 923 597 968 septentrionem,
613 923 721 968 quod
737 922 860 958 homo
873 922 1043 968 primum
1059 928 1177 957 natus
1191 922 1242 957 sit
1257 922 1359 957 sicut
1374 922 1520 958 humus
1537 923 1601 958 cui
1622 934 1702 958 non

201 975 335 1022 aliqua
347 975 500 1011 semina
515 976 748 1021 implantata
761 982 865 1016 sunt,
881 975 951 1011 sed
968 975 1032 1010 cui
1050 975 1186 1011 omnia
1198 982 1280 1010 tam
1295 976 1444 1011 nobilia
1457 987 1576 1021 quam
1591 976 1704 1022 igno-

201 1028 295 1063 bilia
315 1028 540 1074 implantari
563 1035 742 1074 possunt.
794 1028 869 1064 His
890 1028 1112 1074 adjicimus,
1130 1029 1238 1074 quod
1261 1029 1412 1064 bestiae
1430 1035 1643 1064 nascantur
1663 1029 1703 1064 in

201 1075 400 1117 naturales
417 1092 582 1121 amores,
601 1088 641 1117 et
662 1081 754 1117 inde
777 1081 815 1117 in
837 1081 1024 1117 scientias
1046 1081 1122 1116 illis
1141 1082 1512 1127 correspondentes,
1531 1089 1572 1118 et
1592 1082 1702 1128 quod

202 1145 328 1181 usque
343 1145 423 1170 non
437 1134 585 1181 aliquid
600 1145 648 1170 ex
666 1134 843 1170 scientiis
861 1134 999 1175 sciant,
1016 1134 1207 1180 cogitent,
1223 1134 1459 1181 intelligant,
1475 1142 1515 1170 et
1533 1136 1701 1181 sapiant,

201 1188 271 1223 sed
284 1188 392 1234 quod
409 1198 479 1233 per
490 1188 574 1222 illas
585 1188 634 1222 ab
647 1188 849 1223 amoribus
863 1187 944 1223 suis
958 1187 1144 1228 ferantur,
1157 1199 1283 1234 paene
1295 1188 1399 1223 sicut
1413 1188 1520 1223 caeci
1536 1199 1606 1234 per
1620 1188 1703 1234 pla-

201 1247 287 1276 teas
305 1251 329 1276 a
345 1240 519 1280 canibus.
532 1241 664 1287 quoad
685 1239 932 1276 intelletf’cum
948 1240 1053 1276 enim
1072 1251 1213 1276 caecae
1232 1248 1346 1282 sunt;
1371 1248 1440 1277 aut
1454 1242 1589 1287 potius
1600 1241 1703 1277 sicut

202 1292 542 1334 noctambulones,
557 1293 625 1340 qui
644 1299 693 1330 ex
710 1304 828 1329 caeca
845 1293 1022 1335 scientia,
1039 1294 1172 1340 sopito
1194 1293 1412 1336 intellectu,
1431 1294 1582 1330 faciunt
1600 1306 1703 1341 quae

202 1346 366 1382 faciunt;

276 1399 432 1435 Ultimo
449 1399 573 1435 locuti
592 1405 686 1435 sunt
702 1399 918 1440 orientales,
937 1406 978 1435 et
1002 1400 1200 1441 dixerunt,
1220 1405 1241 1419 ‘¹
1253 1399 1539 1436 Consentimus
1556 1401 1606 1436 ad
1626 1400 1705 1442 illa,

203 1463 305 1499 quae
326 1451 466 1488 fratres
489 1453 613 1488 nostri
637 1453 761 1488 locuti
781 1459 886 1493 sunt,
904 1453 1012 1499 quod
1035 1453 1158 1488 homo
1176 1453 1276 1488 nihil
1298 1454 1402 1489 sciat
1423 1464 1471 1489 ex
1494 1465 1546 1494 se,
1562 1455 1632 1489 sed
1654 1465 1704 1490 ex

202 1505 290 1541 aliis
315 1512 356 1541 et
382 1516 452 1551 per
476 1505 586 1545 alios,
609 1512 654 1540 ut
679 1512 898 1552 cognoscat
923 1512 964 1541 et
989 1513 1182 1552 agnoscat
1203 1507 1312 1552 quod
1335 1507 1472 1542 omnia
1492 1518 1595 1552 quae
1617 1507 1704 1547 scit,

203 1558 404 1605 intelligit,
419 1566 460 1594 et
477 1558 592 1604 sapit,
611 1559 691 1594 sint
712 1570 735 1594 a
759 1558 868 1599 Deo:
898 1565 939 1594 et
959 1559 1067 1605 quod
1088 1559 1211 1594 homo
1229 1570 1309 1594 non
1328 1559 1446 1594 aliter
1463 1560 1590 1605 possit
1608 1571 1704 1595 con-

203 1611 294 1657 cipi,
309 1611 416 1647 nasci
435 1618 476 1647 et
493 1611 670 1658 generari
689 1622 713 1646 a
733 1611 920 1652 Domino,
936 1622 982 1647 ac
999 1611 1083 1647 fieri
1105 1611 1234 1658 Ipsius
1249 1612 1382 1658 imago
1401 1619 1441 1648 et
1459 1613 1703 1653 similitudo;

205 1675 297 1700 nam
321 1664 453 1710 imago
481 1664 644 1699 Domini
675 1664 731 1704 fit,
754 1675 825 1710 per
853 1665 962 1710 quod
989 1671 1183 1711 agnoscat
1210 1672 1251 1700 et
1280 1666 1429 1706 credat,
1448 1666 1556 1712 quod
1584 1677 1704 1701 omne

204 1718 354 1753 bonum
373 1717 522 1753 amoris
541 1724 581 1752 et
599 1717 816 1758 charitatis,
830 1724 870 1752 et
889 1723 1007 1753 omne
1025 1729 1163 1753 verum
1178 1718 1398 1764 sapientiae
1417 1725 1457 1753 et
1474 1719 1578 1759 fidei,
1593 1729 1705 1754 acce-

205 1771 310 1817 perit
331 1777 372 1806 et
392 1770 563 1816 accipiat
583 1781 632 1806 ex
655 1770 843 1811 Domino,
865 1777 907 1806 et
932 1782 982 1806 ne
1004 1770 1131 1806 hilum
1153 1782 1202 1806 ex
1223 1782 1284 1812 se;
1315 1778 1355 1806 et
1376 1772 1598 1807 similitudo
1621 1772 1705 1807 Do-

206 1823 305 1859 mini
325 1823 381 1864 fit,
401 1834 472 1869 per
490 1823 598 1868 quod
617 1823 768 1859 sentiat
787 1823 853 1858 illa
874 1823 913 1858 in
936 1834 989 1863 se,
1008 1823 1111 1859 sicut
1131 1835 1155 1859 a
1174 1835 1238 1864 se;
1264 1824 1342 1860 hoc
1359 1825 1495 1865 sentit,
1512 1825 1605 1870 quia
1623 1836 1705 1860 non

204 1876 383 1912 nascitur
403 1876 442 1911 in
464 1876 662 1916 scientias,
685 1877 755 1912 sed
777 1876 922 1922 accipit
944 1877 1043 1918 illas,
1065 1883 1107 1912 et
1127 1877 1236 1923 quod
1258 1877 1439 1924 accipiat,
1460 1872 1626 1924 apparet
1647 1878 1703 1913 illi

204 1929 309 1965 sicut
327 1940 352 1965 a
368 1940 431 1970 se;
458 1929 514 1964 ita
530 1929 679 1965 sentire
697 1929 818 1965 etiam
833 1930 954 1965 datur
971 1929 1126 1965 homini
1144 1942 1168 1966 a
1188 1930 1378 1972 Domino,
1390 1937 1435 1966 ut
1453 1932 1506 1966 sit
1523 1931 1646 1966 homo
1664 1937 1706 1967 et

205 1993 287 2018 non
308 1982 448 2022 bestia,
470 1982 662 2028 quoniam
685 1993 756 2028 per
776 1982 815 2017 id
838 1983 946 2028 quod
968 1983 1076 2024 velit,
1099 1984 1264 2030 cogitet,
1286 1991 1402 2024 amet,
1426 1985 1536 2025 sciat,
1560 1984 1704 2020 intelli-

204 2040 284 2081 gat,
303 2040 344 2070 et
365 2034 493 2079 sapiat
511 2034 614 2069 sicut
635 2045 684 2069 ex
705 2045 758 2074 se,
777 2035 917 2081 recipit
937 2034 1137 2076 scientias,
1155 2042 1197 2071 et
1217 2036 1369 2072 exaltat
1389 2036 1475 2071 illas
1498 2036 1536 2071 in
1560 2036 1705 2072 intelli-

204 2086 394 2133 gentiam,
413 2094 454 2122 et
475 2098 545 2133 per
562 2087 716 2123 illarum
738 2099 834 2123 usus
856 2088 894 2122 in
916 2088 1174 2134 sapientiam;
1199 2089 1255 2124 ita
1277 2089 1475 2124 Dominus
1495 2089 1706 2136 conjungit

206 2139 410 2175 hominem
427 2139 522 2179 Sibi,
540 2147 581 2175 et
599 2140 722 2175 homo
740 2151 782 2176 se
802 2140 989 2176 Domino.
1041 2141 1152 2177 Haec
1171 2153 1250 2177 non
1270 2142 1354 2178 fieri
1373 2143 1610 2188 potuissent,
1629 2143 1704 2178 nisi

205 2203 229 2228 a
248 2192 423 2228 Domino
441 2193 643 2239 provisum
662 2192 793 2233 fuerit,
808 2200 853 2228 ut
871 2194 994 2229 homo
1013 2194 1051 2229 in
1070 2194 1186 2230 totali
1206 2195 1428 2241 ignorantia
1442 2196 1704 2231 nasceretur.’'

279 2245 377 2281 Post
395 2245 471 2281 hoc
488 2245 664 2286 effatum,
679 2247 894 2281 voluerunt
912 2257 1062 2287 omnes,
1078 2254 1123 2282 ut
1137 2259 1186 2283 ex
1203 2248 1406 2283 ventilatis
1419 2248 1529 2284 fieret
1543 2249 1706 2283 conclu-

205 2309 305 2339 sum,
321 2305 361 2334 et
378 2297 524 2334 saelum
544 2305 607 2334 est
625 2299 722 2334 hoc:
744 2304 764 2318 ‘⁶
778 2298 897 2346 Quod
917 2299 1040 2335 homo
1059 2307 1243 2336 nascatur
1260 2301 1299 2335 in
1317 2301 1465 2336 nullam
1485 2301 1704 2341 scientiam,

208 2358 253 2387 ut
267 2351 393 2398 possit
410 2351 544 2387 venire
564 2351 603 2386 in
622 2347 794 2393 omnem,
810 2359 850 2388 et
865 2353 1048 2399 progredi
1069 2353 1106 2388 in
1127 2353 1442 2400 intelligentiam,
1458 2361 1498 2389 et
1516 2366 1586 2400 per
1603 2355 1706 2390 hanc

207 2404 246 2440 in
265 2403 520 2450 sapientiam:
546 2412 587 2439 et
605 2405 713 2450 quod
730 2412 914 2441 nascatur
932 2406 971 2440 in
991 2406 1142 2441 nullum
1161 2417 1349 2446 amorem,
1363 2414 1409 2441 ut
1427 2407 1553 2452 possit
1570 2407 1706 2443 venire

207 2457 246 2492 in
262 2467 434 2497 omnem,
453 2468 524 2503 per
540 2458 828 2503 applicationes
846 2459 1100 2494 scientiarum
1119 2470 1167 2494 ex
1187 2459 1460 2506 intelligentia,
1479 2467 1519 2495 et
1539 2461 1577 2495 in
1595 2471 1706 2495 amo-

207 2520 288 2545 rem
311 2509 351 2544 in
375 2509 592 2545 Dominum
615 2521 686 2556 per
704 2522 880 2546 amorem
903 2522 996 2558 erga
1016 2512 1251 2558 proximum,
1270 2519 1311 2547 et
1332 2513 1389 2547 sic
1409 2513 1600 2559 conjungi
1624 2513 1706 2548 Do-

208 2562 329 2602 mino,
351 2569 392 2598 et
410 2573 480 2608 per
499 2563 593 2598 illud
614 2563 696 2598 fieri
716 2563 849 2604 homo,
869 2571 909 2599 et
923 2565 1057 2600 vivere
1077 2565 1114 2599 in
1134 2565 1375 2601 aeternum.’'

279 2622 390 2662 135.
428 2615 524 2651 Post
546 2616 643 2652 haec
665 2624 921 2662 sumpserunt
939 2618 1128 2658 chartam,
1147 2624 1188 2653 et
1208 2618 1371 2653 tertium
1391 2617 1592 2664 objectum
1610 2629 1705 2653 ven-

207 2667 401 2704 tilationis
426 2668 618 2715 legerunt,
644 2670 753 2715 quod
787 2677 882 2710 erat,
913 2671 1022 2716 Quid
1047 2672 1247 2718 stgrnzficat
1268 2671 1414 2706 “arbor
1445 2671 1585 2710 vitae.’'
1611 2671 1712 2716 quid

209 2720 355 2756 “arbor
370 2722 552 2756 scientiae
571 2722 661 2756 boni
676 2726 714 2757 et
733 2723 864 2763 mali,’'
881 2727 918 2758 et
942 2724 1041 2768 quid
1055 2729 1075 2742 ‘⁴
1089 2735 1172 2758 esus
1187 2735 1236 2758 cx
1252 2724 1333 2758 illis
1343 2724 1382 2765 ,·’'
1409 2731 1449 2759 et
1467 2730 1706 2769 rogaverunt

209 2782 360 2813 omnes,
381 2779 426 2808 ut
456 2773 512 2809 illi
542 2774 610 2820 qui
641 2786 690 2810 ex
716 2776 870 2811 oriente
891 2782 1014 2816 erant,
1033 2776 1264 2812 evolverent
1291 2776 1367 2812 hoc
1396 2787 1593 2815 arcanum,
1613 2775 1706 2821 quia

210 2823 479 2870 profundioris
498 2826 724 2863 intellectus
742 2835 814 2869 est,
833 2835 874 2864 et
894 2829 988 2875 quia
1007 2829 1063 2863 illi
1084 2829 1150 2875 qui
1173 2840 1221 2864 ex
1242 2829 1395 2865 oriente
1414 2836 1517 2868 sunt,
1539 2829 1577 2863 in
1597 2829 1708 2863 flam-

210 2887 299 2912 mea
315 2877 413 2919 luce,
429 2878 505 2914 hoc
523 2886 593 2920 est,
614 2880 652 2915 in
672 2881 818 2916 amoris
832 2881 1026 2927 sapientia
1039 2888 1153 2922 sunt:
1179 2888 1219 2917 et
1238 2882 1334 2917 haec
1348 2881 1541 2927 sapientia
1560 2881 1706 2916 intelli-

210 2929 319 3017 gitur
344 2940 414 2976 per
438 2931 634 2968 “hortum
664 2934 702 2968 in
736 2933 906 2974 Edene,”
934 2934 972 2969 in
1002 2945 1084 2981 quo
1115 2934 1335 2970 illae.duae
1363 2935 1522 2970 arbores
1552 2933 1707 2980 positae

228 2989 383 3019 uerunt.
