2014 3386
316 355 396 408 164
744 344 749 353 ²
773 367 1014 400 DELICIAE
1046 368 1350 401 SAPIENTIAE

308 481 441 522 viros
505 479 639 535 Quod
666 482 730 523 ita
753 483 826 532 sit,
854 483 898 524 in
925 483 1095 524 mundo
1126 483 1347 536 spirituali
1379 483 1673 526 confirmatus
1703 497 1803 527 sum

309 558 369 586 ex
391 543 476 586 hac
499 545 809 598 experientia:
842 547 1057 587 dixerunt
1080 547 1262 600 quidam
1284 547 1378 596 viri,
1403 547 1524 601 quod
1547 545 1804 601 conjunctio

308 621 411 650 cum
437 608 604 649 femina
633 615 741 650 ante
773 609 1046 663 conjugium,
1081 611 1139 650 sit
1171 610 1328 651 similis
1360 609 1664 664 conjunctioni
1699 623 1803 652 cum

308 685 452 712 uxore
478 678 583 725 post
606 671 863 726 conjugium
885 687 894 723 ;
927 673 1085 726 quibus
1107 673 1285 722 auditis,
1309 687 1476 714 uxores
1498 673 1630 715 valde
1653 673 1803 726 indig-

309 740 445 775 natae
478 740 597 784 sunt,
626 741 674 776 et
705 735 935 784 dixerunt,
967 735 1092 777 “Est
1123 735 1257 789 plane
1289 735 1413 777 nulla
1440 736 1704 785 similitudo,
1731 741 1803 778 est

308 798 549 839 discrimen
568 798 684 839 sicut
702 798 819 839 inter
835 798 1006 839 fatuum
1026 805 1072 840 et
1094 798 1251 839 reale.”
1311 798 1387 839 Ad
1411 813 1523 853 quae
1545 800 1626 840 viri
1647 813 1802 853 reges·

308 867 478 909 serunt,
515 861 749 912 “Estisne
770 861 963 902 feminae
995 862 1111 902 sicut
1143 862 1262 915 prius
1277 861 1315 902 ?”
1383 861 1459 906 Ad
1491 876 1604 916 quae
1636 875 1804 903 uxores

308 938 422 965 voce
444 923 606 965 altiore
627 925 977 978 responderunt,
1005 924 1150 965 “Non
1176 938 1328 965 sumus
1353 925 1559 974 feminae,
1583 926 1663 966 sed
1686 940 1802 966 uxo-

308 1001 408 1038 res;
441 1002 523 1028 vos
548 988 592 1028 in
617 988 744 1029 fatuo
770 994 817 1029 et
843 1001 934 1028 non
967 988 1012 1028 in
1044 987 1153 1028 reali
1185 1001 1338 1028 amore
1366 989 1490 1036 estis,
1519 1002 1656 1042 quare
1681 988 1804 1029 fatue

309 1050 577 1105 loquimini.’'
636 1051 765 1092 Tunc
784 1052 864 1092 viri
887 1051 1117 1100 dicebant,
1145 1050 1229 1092 “Si
1253 1064 1342 1092 non
1364 1051 1571 1100 feminae,
1595 1058 1803 1093 attamen

309 1115 420 1155 estis
452 1114 699 1156 mulieres.''
760 1114 822 1156 Et
853 1114 1211 1167 respondebant,
1248 1114 1339 1155 “In
1371 1114 1578 1168 primitiis
1609 1113 1804 1167 conjugii

307 1176 469 1217 fuimus
495 1177 732 1228 mulieres;
765 1184 813 1218 at
840 1191 958 1218 nunc
985 1191 1136 1218 sumus
1162 1176 1369 1218 uxores.”

392 1249 530 1282 200·
565 1239 682 1295 (xv.)
720 1240 850 1291 Quod
869 1241 914 1281 z‘n
939 1240 1135 1296 conjugio
1156 1240 1286 1281 unius
1311 1239 1409 1281 viri
1428 1254 1523 1281 cum
1543 1253 1632 1281 una
1652 1253 1802 1289 uxore,

308 1302 426 1344 inter
447 1317 553 1357 quos
575 1309 642 1344 est
665 1318 792 1345 amor
815 1317 919 1344 vere
941 1303 1220 1359 conjugy’alis,
1249 1318 1364 1344 uxor
1375 1304 1470 1358 fiat
1492 1303 1599 1356 plus
1629 1309 1672 1344 et
1694 1301 1804 1356 plus

309 1381 435 1416 uxor,
468 1373 510 1408 et
539 1368 730 1408 maritus
761 1367 869 1420 plus
899 1374 942 1408 et
965 1367 1072 1420 plus
1103 1366 1507 1420 marz'tus.—Quod
1542 1380 1669 1408 amor
1698 1380 1804 1409 vere

309 1429 575 1483 conjugialis
601 1430 700 1484 plus
727 1438 773 1472 et
800 1431 899 1484 plus
922 1431 1170 1483 conjungat
1193 1430 1306 1471 duos
1331 1431 1375 1471 in
1399 1443 1534 1471 unum
1556 1430 1801 1479 hominem,

308 1494 517 1534 videatur
556 1508 690 1548 supra
733 1493 795 1548 (n.
834 1495 924 1547 178,
964 1493 1089 1548 179);
1131 1500 1178 1535 et
1211 1494 1314 1547 quia
1354 1508 1469 1535 uxor
1507 1493 1557 1535 fit
1598 1507 1714 1534 uxor
1743 1507 1803 1534 ex

310 1555 627 1610 conjunctione
667 1564 714 1599 et
755 1558 1004 1599 secundum
1053 1557 1177 1598 illam
1222 1570 1324 1598 cum
1374 1557 1551 1606 marito,
1597 1556 1805 1598 similiter

310 1621 496 1661 maritus
523 1634 624 1662 cum
651 1635 793 1662 uxore
811 1635 820 1672 ;
840 1613 900 1662 *et
927 1621 1030 1674 quia
1056 1634 1183 1661 amor
1208 1634 1312 1661 vere
1337 1619 1601 1672 conjugialis
1627 1626 1804 1674 perstat

309 1685 354 1724 in
379 1691 629 1734 aeternum,
655 1685 869 1738 sequitur,
894 1684 1013 1738 quod
1036 1697 1152 1724 uxor
1173 1683 1252 1724 fiat
1276 1682 1375 1735 plus
1401 1689 1448 1724 et
1474 1682 1574 1736 plus
1598 1696 1726 1731 uxor,
1749 1695 1803 1723 ac

310 1748 496 1788 maritus
523 1748 622 1801 plus
649 1754 695 1789 et
723 1748 821 1801 plus
849 1748 1047 1788 maritus.
1111 1747 1215 1800 Ipsa
1238 1760 1372 1787 causa
1394 1752 1478 1795 est,
1503 1747 1604 1800 quia
1626 1746 1670 1786 in
1693 1759 1803 1787 con-

305 1809 432 1863 jugio
454 1812 619 1852 amoris
644 1825 748 1851 vere
775 1809 1042 1863 conjugialis
1064 1816 1251 1863 uterque
1274 1808 1322 1849 fit
1346 1809 1530 1849 interior
1551 1814 1597 1849 et
1619 1808 1805 1849 interior

310 1874 463 1922 homo,
488 1873 563 1914 ille
589 1887 717 1915 amor
742 1875 860 1914 enim
887 1874 1032 1925 aperit
1058 1873 1272 1913 interiora
1300 1872 1518 1912 mentium
1540 1870 1732 1920 illorum,
1757 1878 1805 1912 et

310 1938 427 1978 sicut
449 1937 561 1978 haec
585 1937 858 1990 aperiuntur,
882 1935 1019 1976 homo
1045 1935 1094 1976 fit
1121 1935 1219 1988 plus
1246 1941 1292 1975 et
1320 1934 1419 1987 plus
1441 1934 1604 1985 hom03
1636 1947 1689 1975 ac
1711 1933 1806 1975 fieri

310 2000 411 2055 plus
447 2000 587 2041 homo
622 2000 741 2053 apud
791 2012 981 2040 uxorem
1026 2004 1096 2039 est
1145 1997 1237 2038 fieri
1284 1998 1383 2050 plus
1428 2010 1557 2046 uxor,
1599 2002 1645 2037 et
1685 1996 1804 2050 apud

311 2064 523 2105 maritum
560 2069 630 2104 est
662 2062 755 2104 fieri
787 2062 886 2115 plus
917 2062 1116 2102 maritus.
1177 2060 1346 2101 Audivi
1379 2060 1435 2101 ab
1466 2059 1656 2113 angelis,
1683 2059 1804 2114 quod

311 2141 429 2168 uxor
459 2126 536 2168 fiat
569 2125 669 2180 plus
701 2132 747 2167 et
781 2125 879 2179 plus
912 2139 1027 2166 uxor
1053 2126 1168 2165 sicut
1201 2125 1387 2164 maritus
1419 2123 1468 2164 fit
1500 2123 1600 2177 plus
1626 2130 1672 2164 et
1704 2122 1804 2176 plus

310 2191 512 2238 maritus,
532 2203 623 2230 non
646 2196 799 2230 autem
826 2190 889 2230 ita
907 2189 1099 2229 vicissim
1118 2202 1126 2238 ;
1160 2188 1262 2241 quia
1279 2201 1378 2228 raro
1396 2188 1432 2227 si
1450 2200 1638 2240 usquam
1657 2187 1802 2235 deest,

312 2255 417 2309 quin
441 2260 570 2294 casta
592 2266 708 2294 uxor
730 2258 852 2292 amet
875 2252 1100 2299 maritum,
1120 2251 1199 2291 sed
1222 2250 1341 2304 quod
1366 2250 1483 2291 desit
1505 2250 1758 2290 redamatio
1779 2262 1806 2290 a

312 2318 502 2368 marito;
534 2322 580 2357 et
603 2315 723 2369 quod
749 2315 861 2356 haec
888 2315 1006 2355 desit
1033 2321 1219 2367 propter
1245 2326 1335 2353 non
1362 2312 1559 2367 aliquam
1585 2312 1803 2355 elevatio-

313 2394 415 2423 nem
443 2380 704 2433 sapientiae,
733 2392 847 2432 quae
873 2378 1002 2418 unice
1029 2377 1186 2430 recipit
1213 2389 1414 2417 amorem
1441 2376 1595 2416 uxoris
1620 2374 1696 2428 (de
1719 2388 1806 2428 qua

311 2444 535 2498 sapientia
566 2442 786 2490 videatur,
821 2455 862 2482 n.
902 2452 992 2493 130,
1032 2438 1255 2493 163-165).
1325 2438 1413 2480 Sed
1445 2438 1557 2480 haec
1589 2439 1804 2479 dixerunt

312 2509 369 2550 de
396 2506 615 2559 conjugiis
641 2506 684 2546 in
711 2505 854 2546 terris.

397 2581 523 2614 201.
558 2567 692 2622 (xvi.)
724 2568 852 2619 Quod
859 2567 992 2608 etiam
1009 2566 1074 2608 ita
1090 2566 1330 2608 successive
1342 2565 1397 2607 ab
1411 2564 1619 2606 interiori
1624 2562 1804 2618 perfici-

312 2642 448 2677 antur
463 2640 505 2675 et
520 2632 803 2674 nobilitentur
818 2631 994 2672 illorum
1004 2627 1587 2683 formae.—Perfe6tissima
1604 2634 1650 2668 et
1673 2627 1803 2667 nobi-

313 2699 481 2740 lissima
502 2696 645 2737 forma
666 2695 876 2742 humana,
897 2700 965 2735 est
989 2706 1090 2734 cum
1113 2693 1228 2733 duae
1250 2692 1421 2733 formae
1444 2705 1523 2745 per
1544 2689 1802 2743 conjugium

313 2761 425 2802 fiunt
448 2773 536 2801 una
556 2759 713 2806 forma,
730 2758 794 2799 ita
816 2770 916 2798 cum
940 2757 1054 2797 duae
1077 2769 1236 2796 carnes
1258 2754 1370 2796 fiunt
1393 2768 1482 2795 una
1504 2767 1622 2802 caro,
1642 2765 1796 2793 secun·

314 2825 420 2866 dum
436 2824 731 2872 creationem;
752 2821 873 2875 quod
889 2827 996 2861 tunc
1012 2832 1140 2860 mens
1155 2819 1236 2859 viri
1250 2818 1454 2859 elevetur
1468 2818 1511 2858 in
1527 2816 1802 2869 superiorem

313 2888 475 2936 lucem,
495 2893 541 2928 et
564 2899 692 2927 mens
714 2885 867 2925 uxoris
889 2885 932 2924 in
956 2883 1228 2935 superiorem
1251 2881 1462 2928 calorem,
1482 2886 1528 2921 et
1551 2879 1670 2934 quod
1692 2885 1800 2920 tunc

315 2952 586 3005 germinent,
614 2949 819 2996 floreant,
847 2944 1207 2993 erfruffificent,
1232 2945 1347 2985 sicut
1379 2944 1562 2984 arbores
1594 2949 1800 2995 tempore

315 3014 446 3064 veris,
470 3013 675 3055 videatur
700 3024 834 3064 supra
861 3009 923 3064 (n.
953 3010 1041 3058 188,
1073 3007 1183 3062 189).
1246 3006 1379 3060 Quod
1402 3021 1461 3047 ex
1485 3005 1801 3047 nobilitatione

2002 2694 2014 2886 ‘Qun—“wr-
2006 2648 2014 2682 -2.<
2010 2623 2014 2635 ..
2008 2604 2010 2606 —
2012 2582 2014 2586 .
2010 2559 2014 2566 ‚„
2010 2506 2014 2526 ..
2013 2455 2014 2458 „
2012 2436 2014 2438 .
