2014 3386
292 347 351 388 44
754 345 998 378 DELICIAE
1030 345 1333 378 SAPIENTIAE

294 458 436 500 totius
457 458 653 499 hominis
676 459 876 500 essentia
897 465 982 507 est,
1007 465 1054 500 et
1080 458 1165 499 hoc
1192 465 1377 512 propter
1398 459 1578 512 generis
1600 458 1787 501 humani

293 523 703 576 propagationem;
740 522 861 576 quod
891 522 964 563 hic
996 535 1123 563 amor
1154 522 1462 576 principaliter
1488 529 1686 571 maneat,
1714 529 1786 565 est

292 586 395 639 quia
417 592 521 640 post
548 592 742 627 mortem
764 587 830 627 vir
851 592 921 628 est
942 586 1022 636 vir,
1046 599 1097 627 ac
1122 586 1289 627 femina
1310 593 1381 627 est
1406 586 1585 635 femina,
1609 593 1656 628 et
1682 587 1788 640 quia

292 649 403 690 nihil
430 656 500 690 est
527 650 570 690 in
596 650 760 698 anima,
787 650 831 690 in
858 655 1027 698 mente,
1056 655 1103 690 et
1135 650 1179 690 in
1207 663 1410 702 corpore,
1438 650 1558 703 quod
1590 663 1682 691 non
1713 655 1786 691 est

292 712 589 753 masculinum
621 713 666 753 in
692 712 908 762 masculo,
936 718 984 754 et
1008 712 1270 753 femininum
1295 713 1340 753 in
1366 713 1559 763 semina;
1597 719 1644 754 et
1670 712 1783 754 haec

292 776 382 816 duo
405 777 470 817 ita
487 782 641 817 creata
658 782 778 825 sunt,
795 782 844 817 ut
867 776 1162 817 connitantur
1183 776 1227 816 in
1249 774 1627 829 conjunctionem,
1647 776 1786 817 immo

291 839 335 879 in
359 837 724 892 conjunctionem
746 845 795 880 ut
817 852 954 879 unum
977 838 1087 879 fiant
1106 853 1116 890 ;
1148 839 1219 880 hic
1246 839 1368 879 nisus
1390 845 1460 880 est
1483 852 1610 879 amor
1631 852 1782 887 sexuS,

291 902 366 955 qui
392 902 624 955 praecedit
650 915 851 943 amorem
877 901 1195 955 conjugialem,
1256 901 1388 943 Nunc
1421 902 1523 955 quia
1548 901 1785 943 inclinatio

291 964 578 1018 conjune'tiva
608 966 825 1018 inscripta
855 971 925 1006 est
956 965 1164 1006 omnibus
1204 971 1251 1006 et
1291 965 1479 1018 singulis
1510 965 1698 1006 masculi
1737 970 1785 1006 et

289 1027 497 1078 feminae,
526 1029 728 1082 sequitur
753 1028 874 1082 quod
899 1027 978 1069 illa
1002 1027 1238 1069 inclinatio
1259 1040 1351 1068 non
1369 1027 1514 1081 possit
1532 1026 1788 1068 oblitterari

290 1105 343 1133 ac
370 1092 494 1134 obire
521 1105 623 1133 cum
649 1105 850 1144 corpore.

374 1164 610 1209 47[prim0].
641 1154 776 1208 Quod
798 1168 925 1196 amor
941 1168 1079 1196 sexus
1101 1159 1285 1195 maneat
1303 1153 1446 1208 qualis
1468 1153 1543 1194 ille
1563 1153 1643 1195 fuit
1665 1153 1785 1195 inte—

290 1217 379 1258 rius
401 1218 445 1258 in
468 1217 652 1267 mundo,
672 1225 742 1259 est
760 1218 863 1272 quia
879 1218 998 1271 apud
1016 1230 1199 1258 omnem
1216 1216 1447 1258 hominem
1464 1223 1534 1257 est
1555 1217 1783 1258 internum

291 1286 338 1322 et
360 1287 620 1330 externum,
640 1295 754 1335 quae
776 1282 865 1322 duo
883 1281 1021 1322 etiam
1039 1286 1262 1322 vocantur
1278 1281 1479 1321 internus
1497 1286 1543 1321 et
1565 1286 1786 1322 externus

289 1343 442 1393 horno,
470 1358 522 1385 ae
548 1345 654 1385 inde
681 1351 751 1385 est
777 1345 956 1385 interna
987 1350 1033 1385 et
1065 1350 1259 1385 externa
1283 1342 1496 1384 voluntas
1528 1349 1574 1384 et
1606 1344 1785 1396 cogita-

290 1407 382 1448 tio:
416 1407 554 1448 homo
580 1407 792 1462 relinquit
819 1415 1078 1457 externum,
1107 1420 1158 1448 ac
1190 1407 1357 1448 retinet
1383 1407 1611 1447 internum
1638 1419 1783 1456 suum,

290 1483 393 1511 cum
419 1472 637 1522 moritur3
670 1477 866 1512 externa
892 1471 1011 1511 enim
1038 1471 1215 1524 proprie
1241 1475 1348 1511 sunt
1374 1469 1466 1522 ejus
1489 1470 1703 1522 corporis,
1730 1483 1783 1511 ac

289 1533 468 1574 interna
493 1541 599 1575 sunt
631 1535 809 1587 proprie
835 1533 928 1587 ejus
969 1534 1163 1587 spiritus,
1224 1533 1355 1573 Nunc
1396 1533 1499 1586 quia
1538 1532 1676 1573 homo
1713 1539 1786 1575 est

289 1609 395 1637 suus
436 1610 577 1647 amor,
616 1604 663 1639 et
704 1610 833 1638 amor
871 1597 1039 1638 insidet
1079 1597 1253 1649 spiritui
1293 1595 1400 1648 ejus,
1434 1596 1634 1649 sequitur
1664 1595 1786 1649 quod

289 1673 416 1700 arnor
446 1675 585 1701 sexus
617 1661 735 1714 apud
771 1660 898 1701 illum
930 1666 1034 1713 post
1071 1666 1267 1700 mortem
1299 1665 1499 1707 maneat,
1533 1658 1677 1712 qualis
1707 1658 1786 1701 ille

287 1723 370 1765 suit
396 1724 583 1765 interius
609 1724 727 1777 apud
754 1724 907 1774 illum;
941 1729 990 1764 ut
1016 1736 1097 1776 pro
1123 1721 1351 1775 exemplo,
1385 1722 1421 1762 si
1452 1735 1579 1762 amor
1609 1721 1685 1762 ille
1714 1722 1784 1762 in-

288 1787 425 1828 terius
456 1787 601 1828 fuerat
634 1786 898 1840 conjugialis
929 1800 1009 1827 seu
1040 1792 1207 1834 castus,
1232 1790 1387 1825 manet
1418 1784 1495 1825 ille
1527 1790 1630 1837 post
1662 1797 1783 1825 mor-

288 1857 383 1891 tem
402 1849 667 1902 conjugialis
690 1856 736 1890 et
759 1856 938 1900 castus;
971 1854 1019 1889 at
1041 1849 1077 1889 si
1099 1848 1286 1888 interius
1308 1847 1452 1887 fuerat
1470 1847 1781 1895 scortatorius,

290 1920 443 1954 manet
477 1920 581 1967 post
613 1918 806 1952 mortem
834 1912 971 1952 etiarn
1004 1911 1124 1952 talis.
1185 1909 1252 1951 At
1282 1910 1515 1951 sciendum
1547 1916 1632 1958 est,
1661 1909 1782 1963 quod

287 1989 413 2017 amor
430 1990 567 2016 sexus
590 1988 681 2016 non
704 1974 860 2015 similis
883 1973 940 2015 sit
962 1974 1082 2027 apud
1101 1986 1236 2014 unum
1255 1973 1399 2027 qualis
1421 1973 1540 2025 apud
1558 1973 1751 2014 alterum
1769 1987 1780 2025 ;

287 2046 392 2080 sunt
416 2039 693 2079 differentiae
716 2037 808 2090 ejus
830 2037 1055 2087 infinitae;
1089 2037 1167 2077 sed
1190 2050 1342 2090 usque,
1367 2035 1510 2090 qualis
1533 2042 1602 2076 est
1623 2036 1668 2076 in
1690 2036 1782 2090 spi·

287 2102 376 2143 ritu
402 2101 609 2155 cujusvis,
638 2100 742 2141 talis
768 2100 907 2141 etiam
934 2106 1103 2141 manet.

371 2165 613 2219 48[prim0].
648 2162 729 2218 (ii.)
767 2162 894 2213 Quod
913 2177 1038 2204 amor
1062 2161 1326 2216 conjugz’alzls·
1359 2161 1570 2202 similiter
1589 2169 1780 2212 maneat,

287 2227 435 2282 qualis
458 2226 532 2267 ille
552 2226 754 2275 interius,
773 2226 851 2266 hoc
870 2232 949 2275 est,
973 2226 1019 2267 in
1040 2225 1252 2267 interiore
1271 2224 1496 2266 voluntate
1514 2230 1557 2265 et
1574 2224 1781 2278 cogitati·

287 2303 365 2332 one
394 2289 519 2343 apud
543 2289 761 2330 hominem
779 2290 943 2341 fuerat
981 2289 1026 2329 in
1066 2287 1528 2342 munda—Quoniam
1562 2287 1673 2328 alius
1709 2293 1780 2329 est

287 2367 414 2395 amor
438 2367 590 2400 sexu5‚
611 2358 657 2393 et
680 2351 793 2392 alius
814 2365 940 2393 amor
958 2351 1237 2405 conjugialis,
1256 2351 1358 2391 ideo
1381 2351 1638 2391 nominatur
1659 2357 1781 2392 uter-

287 2431 386 2471 que,
411 2430 462 2457 ac
490 2416 651 2456 dicitur
673 2416 792 2469 quod
816 2416 953 2456 etiam
975 2415 1046 2456 hic
1070 2421 1252 2455 maneat
1276 2420 1379 2467 post
1403 2420 1611 2462 mortem,
1636 2413 1780 2466 qualis

287 2479 430 2520 fuerat
453 2479 571 2531 apud
598 2478 843 2527 hominem,
868 2478 973 2518 dum
997 2479 1111 2519 vixit
1138 2478 1182 2518 in
1209 2476 1391 2525 mundo,
1416 2477 1460 2516 in
1483 2476 1662 2516 interno
1684 2475 1779 2528 ejus

286 2542 469 2583 homine
486 2555 495 2582 z
523 2542 602 2582 sed
617 2542 719 2595 quia
734 2542 861 2594 pauci
877 2542 1023 2582 sciunt
1038 2541 1277 2581 discrimen
1295 2540 1412 2580 inter
1425 2551 1625 2579 amorem
1640 2551 1779 2579 sexus

287 2611 334 2646 et
359 2618 561 2645 amorem
587 2604 902 2657 conjugialem,
931 2605 1033 2645 ideo
1059 2604 1103 2644 in
1130 2603 1281 2644 limine
1306 2602 1434 2655 hujus
1460 2599 1779 2642 transactionis

286 2667 454 2722 aliquid
477 2668 533 2708 de
559 2667 638 2708 illo
661 2667 908 2720 praefabor.
969 2666 1117 2708 Amor
1139 2679 1276 2707 sexus
1298 2671 1368 2706 est
1390 2677 1517 2704 amor
1542 2663 1598 2704 ad
1626 2663 1777 2716 plures

286 2737 333 2772 et
360 2744 461 2772 cum
488 2730 686 2784 pluribus
718 2744 742 2771 e
774 2744 901 2779 sexu,
929 2735 976 2771 at
1008 2743 1134 2770 arnor
1159 2727 1425 2782 conjugialis
1450 2732 1520 2767 est
1547 2725 1692 2766 solum
1717 2725 1776 2766 ad

287 2807 422 2834 unam
448 2800 494 2835 et
521 2807 622 2834 cum
649 2806 737 2833 una
769 2807 792 2834 e
819 2807 957 2844 sexu;
990 2806 1042 2833 ac
1070 2806 1197 2834 amor
1217 2792 1274 2832 ad
1301 2791 1449 2844 plures
1475 2795 1521 2830 et
1548 2801 1649 2829 cum
1675 2787 1776 2841 plu-

286 2857 406 2897 ribus
443 2863 513 2898 est
550 2869 676 2897 amor
699 2856 929 2904 naturalis,
958 2862 1028 2896 est
1059 2856 1179 2896 enirn
1208 2853 1459 2895 communis
1490 2864 1591 2892 cum
1618 2851 1775 2892 bestiis

286 2926 334 2960 et
365 2920 536 2968 avibus,
564 2926 610 2960 et
650 2919 736 2960 hae
770 2925 874 2959 sunt
901 2918 1145 2967 naturales,
1173 2923 1221 2959 at
1260 2929 1387 2957 amor
1411 2914 1676 2967 conjugialis
1701 2919 1775 2955 est

287 2995 411 3023 amor
428 2982 684 3036 spiritualis,
710 2995 761 3022 ac
786 2981 1066 3034 particularis
1089 2987 1135 3022 et
1157 2980 1360 3034 proprius
1381 2977 1650 3026 hominibus,
1671 2976 1774 3030 quia
