2014 3386
0 403 18 428 *⁶
0 0 33 389 ›err-r-oewwuusw

24 106 28 111 -
26 43 29 45 .
28 27 38 35 .-

0 550 18 778 =**.V·3i‚==-‘v†=v
0 484 15 540 :45⁷
0 471 1 474 Α
0 439 9 459 “e

14 1667 17 1674 —
9 1626 17 1638 ¹-
0 1554 13 1614 ige-v„
0 1479 14 1544 ...ff
0 1422 9 1472 -u
0 1173 13 1404 ,nu-fflsqnvv-ffeu-,ru
0 1085 17 1164 -vajm
0 1029 18 1078 τῡ-ι·
0 786 21 1024 »cm-
0 784 15 790 ζ

534 309 603 341 m:
635 306 814 340 AMORE
846 294 1331 339 scokTAToR10.—N.'
1351 310 1447 352 452.
1653 311 1733 353 345

240 425 384 467 citur:
418 424 539 479 quod
566 423 824 465 tolerentur
847 436 874 464 a
899 422 1096 476 regibus,
1121 422 1481 476 magistratibus,
1506 429 1554 464 et
1579 423 1684 465 inde
1708 438 1736 465 a

237 488 473 543 judicibus,
506 487 860 541 inquisitoribus,
893 493 940 528 et
971 501 998 527 a
1029 486 1213 539 populo,
1247 486 1460 536 Londini,
1493 486 1736 528 Amstelo·

241 553 379 601 darni,
427 552 619 600 Parisiis,
667 551 892 600 Viennae,
920 550 1145 598 Venetiis,
1189 550 1421 604 Neapolis,
1469 557 1516 591 et
1556 565 1735 604 quoque

241 615 435 664 Romae,
469 621 651 668 praeter
691 614 735 655 in
778 614 933 655 multis
964 613 1063 655 aliis
1101 613 1228 662 locis,
1263 620 1424 654 notum
1466 621 1568 666 est;
1615 615 1736 656 inter

241 692 415 728 causas,
443 685 632 732 propter
657 692 783 732 quas,
811 685 915 719 sunt
942 678 1079 719 etiam
1105 685 1540 730 supramemoratae.

322 753 451 798 452.
485 740 600 795 (vii.)
638 741 766 792 Quod
779 741 1025 794 fornicatio
1057 740 1168 782 levis
1202 741 1276 788 sit,
1310 748 1524 794 quantum
1564 742 1736 794 spedat

239 803 306 845 ad
348 818 541 845 amorem
586 804 885 859 conjugialem,
918 811 961 846 et
1003 804 1118 845 lzunc
1140 804 1535 857 praesert.-Sunt
1566 805 1734 858 gradus

238 866 512 920 qualitatum
562 868 683 916 mali,
731 868 847 909 sicut
903 874 1010 908 sunt
1059 868 1228 921 gradus
1274 867 1550 921 qualitatum
1597 868 1732 919 boni;

238 944 375 984 quare
401 931 591 984 quodvis
618 931 786 971 malum
818 938 890 972 est
922 931 1065 972 levius
1097 938 1143 972 et
1176 932 1371 984 gravius,
1400 932 1516 972 sicut
1542 932 1734 985 quodvis

237 994 409 1035 bonum
441 1001 511 1035 est
545 995 705 1035 melius
741 1001 789 1036 et
835 995 1041 1048 opimius.
1102 994 1259 1036 Simile
1291 1002 1362 1036 est
1404 1009 1505 1036 cum
1538 996 1732 1037 fornica-

238 1058 381 1106 tione,
409 1071 524 1112 quae
551 1059 654 1111 quia
680 1065 751 1099 est
783 1058 939 1107 libido,
967 1072 1019 1100 ac
1052 1059 1273 1099 naturalis
1305 1059 1503 1099 hominis
1530 1060 1734 1100 nondum

238 1120 477 1175 purificati,
515 1128 587 1163 est
629 1122 826 1173 malum;
873 1122 953 1163 sed
995 1123 1100 1176 quia
1140 1123 1288 1163 omnis
1330 1122 1470 1163 homo
1512 1123 1735 1176 purificari

238 1190 409 1238 potest,
433 1185 536 1225 ideo
562 1191 783 1238 quantum
809 1186 991 1227 accedit
1017 1186 1075 1226 ad
1101 1192 1275 1227 statum
1301 1185 1600 1239 purificatum,
1629 1193 1734 1228 tan-

238 1254 336 1288 tum
368 1247 478 1288 illud
512 1248 683 1289 malum
714 1247 764 1290 fit
806 1248 949 1289 levius
981 1249 1165 1297 malum,
1201 1262 1306 1289 nam
1339 1255 1521 1290 tantum
1554 1250 1732 1291 abster-

237 1311 389 1363 gitur;
435 1312 500 1353 ita
526 1318 747 1365 quantum
775 1309 1051 1353 [¹]sornieatio
1082 1313 1260 1353 accedit
1298 1313 1355 1353 ad
1387 1326 1589 1354 amorem
1623 1327 1733 1354 con-

233 1373 467 1428 jugialem,
501 1376 576 1429 qui
619 1381 690 1416 est
723 1382 874 1416 status
906 1375 1073 1416 amoris
1106 1390 1246 1417 sexus
1278 1375 1565 1430 purificatus;
1612 1378 1734 1431 quod

237 1437 405 1479 malum
431 1438 740 1479 fornicationis
766 1438 947 1491 gravius
974 1439 1048 1486 sit,
1072 1445 1292 1492 quantum
1318 1440 1496 1481 accedit
1522 1440 1579 1480 ad
1606 1453 1732 1481 arno-

236 1514 332 1541 rem
363 1501 588 1550 adulterii,
621 1502 666 1542 in
708 1502 1015 1555 subsequente
1051 1502 1243 1543 articulo
1283 1503 1522 1544 videbitur.
1599 1502 1734 1556 Quod

235 1564 477 1606 fornicatio
503 1566 562 1607 sit
589 1565 715 1614 levis,
743 1573 962 1619 quantum
990 1564 1168 1618 spectat
1194 1566 1250 1606 ad
1276 1579 1477 1607 amorem
1501 1565 1733 1620 conjugia·

237 1627 342 1676 lem,
370 1635 441 1669 est
468 1629 571 1682 quia
596 1635 703 1670 tunc
730 1643 789 1669 ex
817 1635 942 1670 statu
967 1629 1145 1670 incasto
1170 1630 1214 1670 in
1241 1643 1331 1683 quo
1357 1636 1442 1678 est,
1470 1629 1649 1683 spectat
1675 1630 1734 1671 ad

237 1697 411 1732 statum
438 1698 642 1743 castum;
676 1698 723 1733 et
753 1699 972 1746 quantum
998 1692 1117 1733 hunc
1145 1693 1356 1745 praefert,
1386 1699 1565 1734 tantum
1592 1694 1734 1735 etiam

237 1755 283 1796 in
313 1769 369 1797 eo
400 1761 472 1796 est
503 1755 653 1809 quoad
685 1755 984 1805 intellectum,
1012 1762 1059 1797 et
1091 1763 1311 1810 quantum
1343 1770 1436 1797 non
1468 1757 1606 1798 modo
1630 1770 1733 1798 eum

237 1818 447 1872 praefert,
466 1819 545 1860 sed
564 1820 703 1860 etiam
723 1825 971 1872 praeamat,
987 1825 1168 1861 tantum
1191 1821 1235 1860 in
1262 1834 1317 1861 eo
1339 1827 1409 1860 est
1427 1820 1565 1861 etiam
1583 1821 1734 1874 quoad

237 1881 542 1931 voluntatem,
571 1883 633 1923 sic
661 1883 811 1936 quoad
837 1883 1062 1924 internum
1089 1882 1348 1934 hominem;
1382 1889 1429 1924 et
1461 1889 1569 1924 tunc
1594 1884 1735 1925 sorni-

238 1945 373 1994 catio,
417 1945 454 1986 si
493 1946 786 1987 nihilominus
827 1947 872 1987 in
913 1945 991 1987 illa
1027 1953 1216 2000 perstat,
1250 1947 1315 1987 illi
1355 1953 1426 1988 est
1467 1948 1731 1997 necessitas,

237 2005 361 2059 cujus
393 2022 555 2050 causae
595 2010 640 2051 in
680 2010 926 2063 explorato
956 2010 1077 2063 apud
1117 2010 1243 2050 illum
1275 2017 1392 2051 sunt.
1454 2009 1568 2052 Sunt
1601 2011 1734 2052 binae

237 2071 453 2121 rationes,
497 2086 610 2126 quae
651 2073 868 2122 efficiunt,
910 2074 1032 2127 quod
1072 2073 1312 2114 fornicatio
1349 2074 1467 2126 apud
1508 2074 1625 2122 illos,
1659 2075 1733 2127 qui

237 2134 496 2188 praeferunt
533 2142 580 2178 et
621 2143 889 2190 praeamant
925 2143 1098 2179 statum
1139 2137 1456 2190 conjugialem,
1495 2138 1552 2178 sit
1594 2137 1730 2178 levis:

237 2198 383 2250 prima
403 2205 489 2248 est,
514 2200 633 2253 quod
661 2199 748 2241 illis
774 2201 869 2241 vita
890 2200 1158 2254 conjugialis
1180 2201 1240 2242 sit
1263 2201 1561 2254 propositum,
1581 2201 1731 2241 inten-

237 2262 303 2303 tio
334 2275 412 2303 seu
439 2261 562 2313 finis;
596 2263 742 2304 altera
768 2270 853 2311 est,
883 2265 1004 2317 quod
1031 2265 1151 2317 apud
1183 2278 1232 2305 se
1263 2270 1479 2316 separent
1506 2263 1675 2304 malum
1706 2277 1734 2304 a

237 2324 373 2366 bono.
435 2324 570 2379 Quod
587 2327 790 2379 primum
811 2328 995 2376 attinet,
1019 2328 1139 2381 quod
1162 2327 1250 2368 illis
1272 2328 1366 2367 vita
1383 2326 1648 2379 conjugialis
1674 2326 1732 2367 sit

237 2389 538 2441 propositum,
566 2390 762 2431 intentio
794 2405 874 2432 seu
904 2390 1018 2439 finis,
1051 2397 1121 2431 est
1153 2391 1256 2444 quia
1287 2390 1425 2430 homo
1457 2389 1562 2430 talis
1593 2389 1732 2430 homo

237 2457 323 2499 est,
347 2451 491 2504 qualis
513 2458 583 2493 est
610 2453 655 2493 in
677 2466 758 2494 suo
780 2454 1030 2506 proposito,
1051 2454 1303 2494 intentione
1325 2466 1403 2493 seu
1425 2452 1527 2500 fine,
1552 2458 1598 2493 et
1621 2465 1732 2505 quo-

238 2528 325 2568 que
347 2514 451 2555 talis
474 2522 545 2556 est
567 2529 719 2557 coram
742 2517 943 2558 Domino
969 2523 1016 2558 et
1043 2529 1195 2558 coram
1218 2516 1408 2569 angelis,
1432 2516 1572 2556 immo
1594 2515 1732 2556 etiam

237 2577 343 2618 talis
361 2577 592 2631 spectatur
606 2592 759 2621 coram
773 2580 1053 2633 sapientibus
1070 2580 1113 2620 in
1133 2580 1303 2620 mundo
1323 2593 1332 2630 ;
1360 2585 1430 2620 est
1449 2579 1568 2619 enim
1583 2579 1732 2619 inten-

238 2641 303 2681 tio
335 2642 486 2682 anima
517 2643 716 2684 omnium
748 2641 991 2692 actionum,
1024 2657 1076 2684 ac
1108 2643 1215 2683 facit
1251 2643 1295 2683 in
1328 2642 1497 2682 mundo
1528 2640 1732 2694 inculpa-

239 2704 402 2754 tiones,
442 2711 489 2746 et
530 2706 892 2759 exculpationes,
931 2714 978 2748 et
1018 2713 1123 2760 post
1163 2712 1358 2747 mortem
1391 2704 1732 2758 imputationes.

241 2765 404 2819 Quoad
430 2768 634 2817 alterum,
659 2769 778 2823 quod
812 2770 886 2823 qui
917 2782 1116 2810 amorem
1149 2768 1448 2821 conjugialem
1476 2766 1732 2820 praeferunt

239 2828 412 2872 libidini
435 2831 759 2881 fornicationis,
784 2839 997 2885 separent
1020 2831 1188 2872 malum
1214 2846 1240 2872 a
1262 2831 1397 2879 bono,
1422 2831 1486 2871 ita
1508 2830 1732 2870 incastum

240 2906 268 2934 a
288 2901 442 2946 casto;
475 2902 522 2936 et
545 2896 618 2949 qui
636 2903 849 2948 separant
866 2896 944 2936 illa
961 2896 1050 2936 duo
1069 2895 1362 2948 perceptione
1385 2906 1436 2934 ac
1460 2892 1729 2940 intentione,

242 2965 487 3013 antequam
527 2960 572 3000 in
612 2959 734 3000 bono
773 2966 851 3000 aut
892 2965 1020 3000 casto
1061 2964 1182 3007 sunt,
1215 2958 1354 2998 etiam
1387 2962 1653 3010 separantur
1683 2961 1732 2996 et
