2014 3386
559 326 625 359 DE
660 325 838 358 AMORE
870 324 1295 369 CONJUGIAL1.-—N.
1326 326 1418 368 342.
1651 326 1732 369 273

235 440 584 494 unumquemvis
629 440 688 481 sit
735 439 985 481 secundum
1027 445 1202 480 statum
1243 437 1481 488 ecclesiae,
1523 438 1734 510 videatur

235 517 372 558 supra
400 503 462 558 (n.
495 513 587 555 130,
615 509 662 544 et
690 502 893 556 pluries
882 517 927 544 in
953 501 1375 556 antecedentibus).

317 576 449 622 342.
482 565 563 620 (ix
568 565 585 620 )
622 567 751 618 Quod
764 566 928 607 caelum
943 565 1321 607 Mahumedanum
1337 565 1399 606 szt
1418 571 1549 606 extra
1569 564 1733 607 caelum

238 629 564 678 Cleri'stzanum,
590 636 633 670 et
655 630 776 683 quod
795 629 915 670 zllud
934 643 979 670 zn
1004 629 1113 671 duos
1138 628 1293 678 caelos,
1320 628 1511 681 znferius
1535 635 1578 670 et
1602 635 1731 682 supe·
1783 646 1786 649 ’

233 693 348 742 rius,
367 693 429 734 sit
444 692 640 734 divisum
653 708 674 742 ,·
703 700 746 734 et
761 693 880 746 quod
891 707 974 734 non
993 692 1076 734 aliz·
1088 692 1133 733 in
1150 692 1314 733 caelum
1331 691 1509 733 illorum
1526 692 1732 745 superius

231 756 467 806 eleventur,
501 770 634 810 quam
673 757 754 810 qui
789 757 1000 798 abdicant
1021 756 1214 810 pellices,
1247 762 1291 797 et
1328 756 1487 797 vivunt
1516 770 1611 797 cum
1642 770 1731 798 una

232 833 380 869 uxore,
407 825 450 860 et
472 826 714 872 agnoscunt
736 820 974 860 Dominum
999 826 1199 863 nostrum
1222 818 1447 873 aequalem
1463 819 1554 859 Deo
1573 819 1726 869 Patri,

230 883 303 924 cui
319 882 559 924 dominium
576 890 712 935 super
726 883 891 924 caelum
912 890 954 924 et
970 890 1138 924 terram
1153 883 1306 924 datum
1323 882 1728 937 est.—Antequam

231 946 288 987 de
320 945 391 987 his
422 945 590 1000 aliquid
622 947 917 1000 singulariter
948 947 1125 995 dicitur,
1158 946 1352 987 interest
1389 952 1439 987 ut
1481 946 1632 999 aliqua
1672 946 1730 987 de

231 1009 398 1050 Divina
430 1009 615 1050 Domini
647 1011 936 1063 providentia
967 1011 1089 1051 circa
1120 1016 1272 1050 ortum
1298 1010 1533 1063 religionis
1566 1009 1729 1050 Mahu-

231 1072 453 1114 medanae
490 1074 856 1126 praemittantur.
918 1072 1052 1126 Quod
1090 1073 1204 1114 haec
1240 1073 1401 1126 religio
1442 1079 1629 1126 recepta
1668 1074 1728 1114 sit

230 1149 257 1176 a
282 1134 484 1189 pluribus
507 1137 660 1189 regnis
683 1149 818 1190 quam
841 1136 1001 1190 religio
1024 1135 1298 1185 Christiana,
1324 1143 1480 1190 potest
1508 1136 1729 1177 scandalo

229 1212 330 1240 esse
352 1199 441 1240 illis
463 1200 536 1253 qui
563 1200 620 1240 de
647 1199 814 1240 Divina
837 1200 1126 1253 providentia
1148 1201 1372 1253 cogitant,
1397 1206 1443 1241 et
1470 1199 1602 1240 simul
1629 1213 1727 1241 cre-

229 1263 345 1304 dunt
371 1263 492 1316 quod
524 1276 614 1303 non
646 1263 807 1317 aliquis
833 1263 999 1304 salvari
1030 1264 1191 1317 possit,
1220 1264 1303 1304 nisi
1335 1264 1409 1317 qui
1442 1263 1728 1305 Christianus

232 1333 368 1367 natus
409 1332 507 1377 est;
554 1332 602 1367 at
644 1326 805 1379 religio
842 1326 1183 1368 Mahumedana
1219 1340 1312 1368 non
1349 1333 1420 1368 est
1458 1327 1725 1368 scandalum

228 1389 318 1431 illis
355 1390 430 1443 qui
467 1391 659 1431 credunt
691 1390 811 1444 quod
844 1391 998 1431 omnia
1029 1392 1121 1431 sint
1155 1391 1347 1432 Divinae
1380 1391 1724 1444 providentiae;

229 1453 275 1494 hi
317 1453 563 1507 inquirunt,
596 1454 639 1494 in
682 1468 772 1507 quo
813 1461 899 1501 est,
933 1461 980 1495 et
1022 1468 1201 1508 quoque
1238 1455 1490 1495 inveniunt.
1552 1454 1640 1495 Est
1679 1455 1725 1495 in

228 1530 299 1565 eo,
319 1517 439 1570 quod
465 1516 803 1558 Mahumedana
824 1518 984 1571 religio
1007 1525 1231 1571 agnoscat
1255 1518 1501 1559 Dominum
1520 1525 1724 1559 nostrum

229 1593 311 1633 pro
354 1579 472 1620 Filio
517 1579 617 1628 Dei,
651 1581 990 1633 sapientissimo
1025 1581 1273 1630 hominum,
1308 1595 1479 1635 proque
1517 1582 1725 1623 Maximo

229 1643 473 1696 Propheta,
508 1644 582 1697 qui
614 1643 658 1684 in
691 1644 907 1684 mundum
940 1645 1065 1686 venit
1099 1651 1148 1685 ut
1181 1645 1369 1686 doceret
1400 1645 1637 1697 homines;
1675 1652 1723 1687 at

226 1699 332 1760 quia
358 1705 643 1748 Alcoranum
670 1708 809 1748 modo
835 1707 998 1748 librum
1024 1707 1258 1761 religionis
1290 1722 1396 1749 suae
1428 1708 1648 1758 fecerunt,
1676 1715 1724 1751 et

227 1770 332 1812 inde
381 1769 696 1819 Mahumedes,
739 1771 813 1824 qui
858 1771 985 1812 illum
1032 1772 1320 1825 conscripsit,
1364 1773 1724 1825 cogitationibus

226 1832 408 1875 illorum
439 1834 623 1883 insedit,
657 1840 703 1875 et
740 1834 891 1888 aliquo
923 1834 1048 1876 cultu
1079 1834 1206 1876 illum
1238 1843 1584 1889 persequuntur,
1618 1837 1722 1878 ideo

226 1909 384 1950 parum
426 1897 483 1938 de
526 1897 728 1939 Domino
763 1904 923 1938 nostro
954 1899 1180 1951 cogitant.
1252 1898 1319 1940 Ut
1360 1899 1494 1952 plene
1535 1900 1719 1949 sciatur,

227 1959 348 2013 quod
370 1959 448 2000 illa
470 1960 630 2014 religio
655 1975 715 2002 ex
740 1961 905 2002 Divina
924 1961 1108 2002 Domini
1131 1962 1416 2016 providentia
1435 1964 1722 2005 exsuscitata

225 2024 300 2072 sit,
324 2023 382 2064 ad
415 2023 658 2064 delendum
691 2023 976 2065 idololatrias
1008 2024 1200 2078 plurium
1242 2026 1464 2078 gentium,
1492 2027 1537 2067 in
1569 2027 1721 2081 aliquo

225 2086 384 2127 ordine
415 2087 618 2138 dicetur;
665 2101 802 2141 quare
833 2089 1025 2141 primum
1058 2088 1114 2129 de
1140 2089 1313 2142 origine
1345 2089 1720 2131 idololatriarum.

225 2148 355 2190 Ante
381 2149 508 2191 illam
533 2150 802 2203 religionem
829 2151 909 2192 suit
936 2151 1086 2192 cultus
1112 2151 1337 2192 idolorum
1369 2154 1414 2193 in
1446 2159 1549 2194 toto
1576 2160 1719 2195 terra-

224 2225 322 2253 rum
367 2212 489 2254 orbe.
563 2212 710 2255 Causa
757 2214 854 2263 fuit,
899 2215 1002 2268 quia
1047 2215 1270 2256 ecclesiae
1315 2222 1424 2257 ante
1468 2217 1718 2258 adventum

225 2275 425 2324 Domini,
458 2275 636 2318 fuerunt
668 2290 827 2318 omnes
858 2277 1082 2319 ecclesiae
1113 2279 1563 2331 repraesentativae;
1611 2280 1718 2321 talis

224 2339 364 2379 etiam
397 2338 479 2380 suit
513 2339 722 2381 Ecclesia
754 2340 1032 2392 Israelitica3
1078 2341 1138 2382 ibi
1170 2342 1531 2392 tabernaculum,
1565 2350 1720 2385 vestes

224 2400 472 2451 Aharonis,
519 2403 750 2452 sacrificia,
797 2404 950 2445 omnia
994 2404 1156 2459 templi
1203 2405 1628 2459 Hierosolymitani,
1671 2414 1718 2448 et

223 2457 621 2519 quoque'statuta
651 2468 1085 2520 repraesentabant:
1133 2474 1180 2509 et
1223 2469 1341 2522 apud
1383 2471 1595 2523 antiquos
1635 2470 1717 2511 fuit

224 2529 417 2569 scientia
442 2531 962 2583 correspondentiarum,
995 2545 1109 2585 quae
1136 2533 1274 2573 etiam
1303 2539 1373 2573 est
1400 2540 1717 2586 repraesenta-

224 2591 416 2640 tionum,
460 2592 557 2645 ipsa
607 2593 801 2634 scientia
846 2595 1119 2648 sapientum,
1164 2595 1382 2649 imprimis
1425 2597 1614 2637 exculta
1659 2597 1718 2638 ab

225 2653 499 2708 Aegyptiis;
545 2656 649 2696 inde
690 2656 851 2697 horum
882 2657 1242 2711 hieroglyphica.
1303 2658 1379 2699 Ex
1416 2658 1494 2700 illa
1526 2660 1718 2700 scientia

224 2718 454 2759 sciverunt
485 2718 590 2772 quid
622 2718 942 2772 significabant
974 2722 1122 2762 omnis
1154 2722 1334 2774 generis
1366 2722 1594 2771 animalia,
1619 2729 1715 2763 tum

225 2780 330 2834 quid
370 2782 518 2822 omnis
548 2783 729 2835 generis
769 2782 966 2832 arbores,
1000 2790 1049 2825 ut
1091 2791 1137 2826 et
1179 2785 1284 2838 quid
1327 2792 1522 2833 montes,
1557 2785 1714 2834 colles,

225 2842 358 2892 fluvii,
390 2843 556 2894 fontes,
591 2850 639 2885 ut
674 2851 721 2886 et
753 2846 858 2899 quid
890 2847 973 2896 sol,
1008 2847 1128 2896 luna,
1162 2854 1209 2889 et
1241 2848 1432 2898 stellae;
1478 2862 1558 2901 per
1589 2847 1715 2889 illam

224 2906 465 2948 scientiam
498 2907 578 2949 fuit
624 2908 712 2949 illis
743 2909 882 2950 etiam
915 2911 1120 2963 cognitio
1151 2911 1467 2964 spiritualium,
1501 2912 1714 2964 quoniam

225 2967 316 3020 illa,
340 2983 455 3024 quae
480 2972 955 3026 repraesentabantur,
980 2987 1094 3028 quae
1120 2973 1297 3016 fuerunt
1326 2975 1435 3015 talia
1458 2988 1571 3028 quae
1594 2975 1713 3029 sapi-
