2014 3386
27 2330 31 2339 -
5 2151 41 2298 ,sivest-⁴53⁴:

575 343 642 376 DE
674 342 856 376 AMORE
888 342 1311 386 CONJUGIAL1.—N.
1340 344 1433 388 399.
1668 346 1751 388 309

250 458 331 501 sed
348 458 488 502 etiam
506 457 625 500 ultra
641 458 700 499 ad
721 457 1000 512 vegetabilia
1020 463 1067 499 et
1090 457 1324 499 mineralia
1344 455 1407 512 (n.
1432 455 1533 511 389)
1556 471 1565 501 ε
1599 463 1749 509 trans-

249 524 287 565 it
317 524 456 565 etiam
495 523 540 564 in
572 523 721 576 ipsam
753 530 937 572 terram,
970 536 1084 577 quae
1116 522 1317 564 omnium
1343 521 1670 575 vegetabilium
1702 528 1750 564 et

250 587 534 630 mineralium
561 593 711 627 mater
737 593 835 637 est;
868 586 982 627 haec
1009 586 1130 627 enim
1156 591 1364 638 tempore
1395 585 1515 626 veris
1545 585 1590 626 in
1622 591 1750 626 statu

250 657 525 704 praeparato
556 649 615 691 ad
646 650 960 703 receptionem
991 650 1213 690 seminum
1245 649 1372 702 quasi
1412 649 1458 690 in
1499 655 1631 690 utero
1662 655 1748 698 est,

249 727 303 756 ac
330 727 431 755 cum
456 714 642 766 recepit,
667 713 796 767 quasi
822 713 1036 766 concipit,
1060 712 1139 754 illa
1163 712 1303 761 fovet,
1327 719 1498 766 gestat,
1522 712 1749 762 excludit,

213 831 216 835 .
249 775 408 827 lactat,
435 777 591 825 nutrit,
617 777 788 825 amicit,
819 777 999 826 educat,
1027 776 1244 825 custodit,
1269 782 1316 817 et
1342 776 1471 830 quasi
1497 781 1620 817 amat
1645 789 1749 829 pro-

249 842 432 895 geniem
458 854 519 881 ex
550 840 653 889 illis,
682 846 729 881 et
761 841 823 881 sic
851 853 999 893 porro.
1061 839 1174 881 Cum
1201 839 1396 892 sphaera
1422 839 1750 893 procreationis

248 905 341 947 illic
363 904 504 953 vadit,
529 905 635 958 quid
662 911 770 945 tunc
794 917 884 944 non
909 903 967 944 ad
989 903 1136 945 omnis
1159 904 1340 957 generis
1362 903 1590 952 animalia,
1610 917 1750 956 usque

249 969 308 1009 ad
334 967 543 1009 vermes?
604 966 740 1021 Quod
766 968 882 1008 sicut
910 974 1033 1008 terra
1058 967 1312 1007 communis
1338 974 1486 1008 mater
1512 966 1750 1019 vegetabi-

249 1032 358 1073 lium
385 1038 472 1081 est,
501 1032 640 1072 etiam
667 1032 725 1072 sit
752 1031 1005 1072 communis
1031 1036 1178 1072 mater
1203 1043 1339 1084 apum
1370 1031 1416 1071 in
1442 1031 1603 1084 quovis
1627 1029 1751 1071 alve-

249 1095 328 1145 ari,
357 1096 402 1136 in
428 1095 672 1148 explorato
698 1100 783 1135 est.

333 1158 471 1212 398.
506 1157 594 1212 (x.)
632 1156 761 1208 Quod
786 1157 832 1198 in
867 1171 913 1198 eo
937 1157 1091 1210 gradu
1121 1157 1169 1198 in
1200 1171 1283 1210 quo
1313 1156 1476 1198 recedit
1505 1156 1751 1197 innocentia

249 1222 376 1276 apud
384 1222 593 1274 infantes,
610 1221 743 1262 etiam
757 1220 1014 1262 remittatur
1028 1220 1203 1275 affec‘tio
1215 1227 1257 1262 et
1268 1220 1519 1275 cory'unt‘tio,
1535 1226 1577 1261 et
1592 1220 1645 1260 id
1652 1234 1749 1261 suc-

249 1285 414 1327 cessive
429 1299 565 1338 usque
584 1285 650 1326 ad
664 1283 1202 1337 separationem—Quod
1225 1298 1253 1325 a
1274 1284 1539 1337 parentibus
1561 1284 1750 1325 recedat

250 1363 379 1391 amor
410 1349 646 1396 infantum,
681 1362 759 1389 seu
791 1354 964 1400 storge,
998 1348 1248 1388 secundum
1280 1348 1586 1389 recessionem
1617 1347 1749 1388 inno-

250 1414 430 1455 centiae
467 1413 533 1465 ¹ab
577 1412 679 1461 illis,
723 1418 770 1453 et
815 1411 936 1465 quod
981 1411 1168 1452 recedat
1213 1425 1352 1465 usque
1402 1411 1460 1452 ad
1506 1411 1750 1452 liberorum

249 1476 587 1530 separationem
627 1489 654 1516 a
684 1475 822 1516 domo
853 1474 972 1527 apud
996 1474 1233 1524 homines,
1267 1481 1315 1515 et
1347 1488 1487 1528 usque
1519 1474 1577 1515 ad
1607 1473 1749 1527 rejec-

249 1541 425 1581 tionem
468 1553 495 1580 a
537 1539 808 1592 praesentia,
842 1546 889 1579 et
929 1538 986 1578 ad
1029 1538 1306 1578 oblivionem
1345 1538 1466 1591 quod
1508 1551 1568 1578 ex
1607 1538 1749 1591 stirpe

249 1617 331 1644 sua
371 1603 478 1651 sint,
511 1602 630 1654 apud
670 1601 841 1642 bestias
883 1607 930 1642 et
970 1615 1092 1649 aveS,
1126 1607 1286 1641 notum
1318 1607 1414 1641 est:
1462 1614 1523 1641 ex
1563 1601 1665 1649 hoc,
1699 1607 1749 1641 ut

249 1680 310 1708 ex
340 1666 507 1707 indicio
539 1664 823 1713 confirmato,
851 1665 990 1705 etiam
1022 1671 1234 1705 constare
1266 1671 1436 1717 potest,
1464 1665 1585 1718 quod
1617 1664 1748 1705 inno-

249 1730 404 1771 centia
434 1729 642 1783 utrinque
682 1728 871 1769 influens
903 1741 1105 1769 amorem
1137 1734 1294 1781 storge
1326 1734 1542 1769 vocatum
1579 1728 1747 1782 produ-

250 1799 340 1835 cat.

333 1866 473 1910 399.
507 1853 609 1910 (xi.)
647 1854 777 1906 Quod
802 1861 949 1903 status
980 1854 1224 1896 rationalis
1254 1854 1525 1896 innocentiae
1552 1860 1595 1895 et
1618 1847 1748 1907 pacis

249 1919 375 1973 apud
389 1926 601 1972 parentes
622 1933 731 1972 erga
752 1919 962 1970 infantes,
982 1918 1044 1959 sit
1065 1917 1185 1971 quod
1203 1917 1322 1958 nilzil
1342 1917 1487 1958 sciant
1509 1924 1552 1958 et
1568 1917 1750 1970 possint

248 1997 305 2024 ex
324 1997 383 2032 se,
407 1982 491 2023 sed
505 1996 561 2023 ex
580 1982 700 2031 aliis,
725 1981 950 2034 imprimis
974 1995 1031 2022 ex
1048 1987 1185 2034 patre
1203 1986 1246 2022 et
1268 1987 1442 2029 7natre,·
1472 1987 1514 2021 et
1538 1981 1659 2034 quod
1674 1979 1749 2021 ille

249 2053 396 2089 status
421 2046 660 2087 successive
680 2046 862 2095 recedat,
882 2045 995 2086 sicut
1015 2045 1159 2086 sciunt
1181 2051 1223 2086 et
1240 2051 1433 2098 possunt
1451 2059 1508 2086 ex
1527 2059 1574 2086 se
1597 2044 1746 2086 et⁴non

248 2124 305 2152 ex
327 2108 630 2163 illis—Quod
658 2109 850 2162 sphaera
872 2109 1038 2150 amoris
1060 2108 1296 2158 infantum,
1322 2109 1380 2150 sit
1407 2108 1600 2162 sphaera
1622 2114 1745 2149 tuta-

250 2174 389 2215 tionis
425 2179 472 2214 et
512 2173 864 2214 sustentationis
895 2172 1074 2213 illorum
1111 2172 1186 2226 qui
1226 2172 1498 2225 semetipsos
1529 2172 1668 2213 tutari
1699 2178 1746 2213 et

250 2242 508 2277 sustentare
536 2242 782 2292 nequeunt,
810 2249 944 2289 supra
975 2236 1019 2276 in
1052 2249 1133 2276 suo
1155 2235 1347 2276 articulo
1372 2236 1435 2288 (n.
1464 2234 1564 2288 391)
1589 2241 1746 2275 osten-

250 2313 350 2341 sum
376 2306 474 2350 est;
506 2300 627 2353 quod
653 2299 765 2340 haec
793 2313 930 2340 causa
955 2299 1013 2339 sit
1039 2298 1178 2339 modo
1204 2312 1340 2340 causa
1365 2298 1598 2339 rationalis
1624 2297 1745 2351 apud

250 2363 496 2411 hominem,
530 2376 620 2403 non
661 2369 814 2404 autem
855 2363 952 2415 ipsa
997 2375 1134 2403 causa
1169 2362 1334 2402 amoris
1374 2361 1494 2414 apud
1535 2360 1652 2409 illos,
1686 2360 1746 2401 ibi

250 2427 391 2468 etiam
417 2431 717 2466 memoratum
749 2431 848 2466 est:
887 2426 984 2478 ipsa
1010 2425 1253 2478 originaria
1278 2437 1413 2465 causa
1438 2423 1554 2464 illius
1580 2424 1746 2464 amoris

251 2496 323 2531 est
354 2489 615 2530 innocentia
645 2502 672 2529 a
712 2488 925 2538 Domino,
959 2502 1073 2542 quae
1106 2488 1338 2528 nesciente
1370 2486 1553 2527 homine
1585 2486 1743 2534 influit,

251 2559 299 2594 et
324 2565 508 2594 causam
538 2551 663 2592 illam
694 2552 965 2592 rationalem
998 2551 1235 2605 producit;
1278 2564 1415 2604 quare
1451 2550 1569 2591 sicut
1603 2550 1747 2602 prima

251 2629 388 2657 causa
408 2615 515 2656 facit
538 2615 838 2656 recessionem
862 2615 918 2656 ab
940 2628 1094 2656 amore
1117 2614 1210 2663 illo,
1234 2614 1298 2654 ita
1321 2612 1452 2654 simul
1475 2626 1611 2654 causa
1632 2612 1744 2653 haec

251 2679 480 2730 secunda;
513 2691 591 2719 seu
613 2678 734 2732 quod
760 2678 879 2719 idem
902 2685 988 2727 est,
1012 2679 1128 2719 sicut
1151 2677 1505 2718 communicatio
1527 2677 1745 2717 innocen-

252 2743 343 2784 tiae
369 2742 555 2791 recedit,
584 2742 648 2782 ita
673 2755 849 2795 quoque
875 2741 1000 2783 illam
1027 2741 1272 2782 comitatur
1297 2741 1414 2781 ratio
1440 2739 1743 2793 persuadens:

252 2812 301 2847 at
322 2806 410 2847 hoc
432 2805 483 2847 fit
506 2805 652 2846 solum
675 2806 792 2858 apud
816 2805 1061 2854 hominem,
1086 2810 1134 2846 ut
1156 2803 1232 2845 ille
1254 2818 1314 2845 ex
1338 2803 1481 2844 libero
1498 2802 1745 2843 secundum

252 2871 476 2911 rationem
502 2875 611 2922 agat
638 2869 759 2923 quod
790 2870 900 2922 agit,
928 2875 974 2910 et
1007 2883 1067 2910 ex
1099 2868 1199 2918 hac,
1228 2874 1276 2909 ut
1308 2882 1367 2909 ex
1401 2867 1503 2920 lege
1535 2866 1746 2908 rationali

253 2940 301 2976 et
327 2933 458 2974 simul
481 2932 639 2973 morali
666 2933 930 2985 progeniem
953 2944 1079 2972 suam
1102 2931 1307 2972 adultam
1330 2935 1556 2971 sustentet
1582 2942 1744 2970 secun-

256 2996 362 3037 dum
386 2996 686 3037 necessitates
709 3008 759 3037 ac
785 2994 1007 3036 utilitates
1024 3008 1034 3046 ;
1066 2994 1178 3035 haec
1197 2993 1397 3035 secunda
1415 3006 1549 3034 causa
1565 3005 1656 3033 non
1674 2998 1745 3034 est
