2014 3386
286 333 365 387 156
612 366 615 369 -
743 343 987 376 DELICIAE
1017 342 1324 375 SAPIENTIAE

279 463 527 511 perpetuae
555 457 645 498 sint
673 457 730 498 ab
761 457 951 498 infantia
977 457 1096 511 apud
1127 457 1359 498 hominem
1387 471 1526 512 usque
1553 457 1610 498 ad
1643 456 1778 499 finem

278 522 403 562 vitae
443 520 551 574 ejus,
585 527 631 561 et
674 527 835 574 postea
875 522 919 561 in
957 527 1211 570 aeternum,
1245 526 1317 562 est
1358 534 1509 570 causa,
1543 522 1647 575 quia
1686 535 1779 563 non

279 584 414 625 datur
439 583 538 624 finis
565 584 799 633 scientiae,
829 584 975 624 minus
1007 583 1358 637 intelligentiae,
1383 590 1431 625 et
1457 584 1604 625 adhuc
1632 585 1780 626 minus

279 649 559 702 sapientiae;
593 653 663 688 est
690 648 809 688 enim
836 646 1036 688 infinitas
1058 661 1110 688 ac
1134 648 1386 689 aeternitas
1409 648 1453 688 in
1476 648 1779 702 amplitudine

278 707 457 752 illarum
484 725 544 752 ex
572 709 757 751 Infinito
782 723 834 751 ac
862 710 1085 759 Aeterno,
1111 724 1137 751 a
1164 710 1267 763 Quo
1293 717 1426 752 sunt:
1459 711 1565 752 inde
1591 718 1663 753 est
1690 711 1778 752 hoc

278 774 643 828 philosophicum
670 780 890 823 veterum,
919 774 1040 828 quod
1066 787 1201 815 omne
1228 774 1287 815 sit
1310 774 1533 816 divisibile
1556 773 1604 816 'in
1630 774 1778 816 infini-

278 845 376 879 tum
396 852 405 889 3
439 837 509 879 cui
531 837 832 890 adjiciendum
855 843 940 886 est,
960 837 1081 891 quod
1104 836 1310 878 similiter
1328 838 1386 879 sit
1405 837 1776 891 multiplicabile:

277 900 432 954 angeli
463 906 687 948 asserunt,
717 900 838 954 quod
870 914 896 941 a
928 900 1127 941 Domino
1159 899 1448 954 perficiantur
1477 901 1702 955 sapientia
1733 902 1778 942 in

277 971 530 1013 aeternum,
559 964 679 1017 quod
707 964 846 1005 etiam
873 969 944 1005 est
967 964 1013 1004 in
1038 963 1279 1014 infinitum,
1308 964 1411 1018 quia
1436 970 1673 1006 aeternum
1705 970 1778 1006 est

276 1026 504 1068 infinitum
531 1027 766 1079 temporis.

362 1090 491 1133 186.
537 1089 622 1144 (ii.)
660 1089 789 1141 Quod
813 1089 1024 1131 similiter
1036 1090 1197 1143 forma
1226 1090 1406 1131 interna
1434 1090 1641 1141 hominis,
1665 1105 1777 1145 quae

275 1160 345 1195 est
373 1154 564 1207 spiritus
594 1153 898 1208 ejus—Quod
930 1154 1043 1195 haec
1071 1154 1288 1195 continue
1314 1159 1513 1195 mutetur
1538 1155 1655 1196 sicut
1680 1161 1776 1196 sta—

275 1223 347 1259 tus
378 1219 501 1259 vitae
532 1217 729 1258 hominis
763 1224 979 1266 mutatur,
1008 1224 1079 1258 est
1111 1218 1215 1270 quia
1246 1231 1338 1258 non
1370 1218 1504 1258 datur
1535 1218 1775 1271 quicquam

275 1282 360 1322 nisi
386 1282 430 1322 in
453 1281 612 1331 forma,
637 1287 684 1322 et
709 1288 858 1322 status
880 1282 1054 1322 inducit
1081 1281 1235 1332 illam;
1269 1295 1406 1335 quare
1429 1282 1547 1322 idem
1572 1287 1656 1330 est,
1681 1282 1776 1323 sive

276 1345 467 1394 dicatur,
508 1347 628 1399 quod
669 1351 819 1386 status
859 1346 982 1386 vitae
1023 1345 1219 1385 hominis
1261 1351 1477 1394 mutetur,
1519 1345 1613 1386 sive
1651 1345 1775 1386 dica-

274 1414 362 1457 tur,
396 1411 517 1463 quod
549 1409 693 1450 forma
724 1409 831 1462 ejus.
894 1408 1066 1450 Omnes
1095 1407 1358 1450 affeffiones
1385 1415 1433 1450 et
1465 1409 1775 1462 cogitationes

273 1471 469 1513 hominis
507 1479 612 1513 sunt
653 1473 698 1513 in
739 1472 985 1521 formis‚-et
1027 1472 1223 1513 inde‘ex
1263 1472 1432 1521 formis,
1467 1485 1572 1512 nam
1602 1471 1775 1514 formae

273 1541 380 1576 sunt
413 1534 615 1589 subjecta
655 1535 860 1587 illarum;
899 1534 1162 1577 affectiones
1194 1541 1241 1576 et
1273 1535 1582 1588 cogitationes
1614 1535 1650 1575 si
1681 1548 1774 1576 non

272 1598 421 1640 forent
454 1600 499 1640 in
532 1597 759 1652 subjectis,
783 1613 898 1653 quae
929 1599 1127 1641 formata
1157 1605 1279 1648 sunt,
1308 1599 1524 1640 darentur
1555 1599 1696 1640 etiarn
1727 1600 1773 1640 in

273 1662 436 1703 craniis
462 1676 488 1703 a
516 1663 702 1704 cerebro
728 1663 913 1713 vacuis;
946 1663 1067 1716 quod
1094 1662 1240 1703 simile
1267 1662 1383 1703 foret
1406 1663 1524 1703 sicut
1549 1675 1652 1703 cum
1674 1662 1772 1703 visu

272 1726 444 1780 absque
490 1726 638 1775 oculo,
677 1739 780 1767 cum
825 1727 982 1767 auditu
1027 1726 1199 1780 absque
1238 1739 1359 1774 aure,
1400 1731 1448 1766 et
1488 1738 1590 1766 cum
1635 1731 1772 1778 gustu

272 1789 443 1843 absque
467 1789 621 1843 lingua
640 1803 649 1839 ;
683 1790 803 1843 quod
827 1788 1029 1843 subjecta
1050 1789 1210 1830 horum
1229 1802 1442 1830 sensuum
1465 1789 1570 1837 sint,
1589 1794 1636 1829 et
1657 1788 1770 1830 haec

270 1852 458 1901 formae,
487 1859 646 1894 notum
674 1859 758 1894 est.
821 1852 957 1906 Quod
984 1853 1200 1894 continue
1227 1858 1430 1893 mutetur
1455 1858 1605 1892 status
1630 1853 1768 1901 vitae,

272 1922 320 1957 et
350 1916 456 1957 inde
487 1916 630 1957 forma
656 1916 775 1969 apud
807 1916 1054 1965 hominem,
1083 1922 1169 1965 est,
1198 1916 1300 1970 quia
1325 1916 1494 1956 veritas
1521 1921 1606 1964 est,
1634 1928 1769 1969 quam

271 1980 502 2032 sapientes
544 1979 797 2020 docuerunt
838 1985 885 2020 et
926 1980 1074 2020 adhuc
1115 1979 1299 2027 docent,
1343 1977 1596 2032 quod’non
1637 1979 1770 2021 detur

269 2043 406 2092 idem,
428 2057 506 2083 seu
528 2043 741 2084 absoluta
762 2043 980 2084 identitas
1003 2043 1206 2091 duorum,
1231 2043 1377 2082 minus
1399 2042 1591 2095 plurium
1610 2056 1620 2094 ;
1653 2043 1769 2085 sicut

270 2120 362 2147 non
405 2107 521 2147 duae
561 2106 711 2155 facies,
746 2107 893 2147 minus
927 2107 1092 2160 plures,
1126 2106 1387 2156 hominum;
1435 2106 1579 2147 simile
1621 2113 1691 2148 est
1722 2107 1767 2148 in

270 2171 554 2219 successivis,
579 2170 698 2224 quod
722 2183 813 2211 non
837 2169 970 2211 detur
991 2170 1111 2210 idem
1135 2175 1284 2210 status
1301 2169 1424 2210 vitae
1447 2183 1641 2222 sequens
1665 2183 1767 2211 cum

269 2231 545 2287 praeterito:
580 2247 639 2274 ex
666 2247 754 2287 quo
780 2233 888 2281 fluit,
913 2233 1033 2286 quod
1061 2238 1282 2286 perpetua
1308 2232 1367 2272 sit
1394 2233 1590 2273 mutatio
1616 2239 1766 2274 status

269 2297 390 2338 vitae
435 2297 553 2350 apud
598 2296 844 2344 hominem,
886 2296 1074 2349 proinde
1119 2296 1258 2336 etiam
1304 2302 1524 2348 perpetua
1569 2297 1766 2337 mutatio

269 2360 454 2409 formae,
498 2359 714 2413 imprimis
754 2359 1035 2400 internorum
1077 2357 1184 2411 ejus.
1264 2357 1331 2398 At
1371 2359 1474 2411 quia
1514 2359 1627 2399 haec
1673 2372 1765 2400 non

269 2425 440 2465 docent
481 2423 649 2476 aliquid
690 2423 746 2463 de
778 2422 1013 2476 conjugiis,
1048 2422 1128 2462 sed
1170 2422 1307 2463 modo
1349 2428 1512 2474 parant
1545 2423 1665 2464 viam
1706 2423 1765 2463 ad

269 2488 558 2540 cognitiones
585 2487 641 2526 de
667 2486 768 2534 illis,
798 2492 894 2527 tum
921 2486 1023 2539 quia
1054 2491 1159 2525 sunt
1191 2485 1329 2525 modo
1361 2485 1574 2526 scrutinia
1604 2499 1664 2526 ex
1695 2485 1764 2526 in-

268 2549 458 2592 telle&u
484 2549 811 2603 philosophica,
836 2563 950 2603 quae
977 2548 1244 2602 quibusdam
1266 2547 1431 2588 arduae
1458 2547 1764 2602 perceptionis

268 2620 389 2662 sunt,
414 2614 516 2654 ideo
542 2619 646 2666 post
675 2612 787 2653 haec
815 2625 959 2665 pauca
985 2617 1290 2652 transeuntur.

354 2675 478 2728 187.
523 2674 621 2729 (iii.)
659 2675 786 2726 Quod
810 2675 895 2716 lzae
919 2675 1181 2716 mutationes
1201 2673 1318 2715 aliae
1346 2673 1443 2715 sint
1471 2673 1598 2727 apud
1621 2673 1760 2723 viros,

267 2739 384 2781 aliae
414 2739 540 2792 apud
553 2739 769 2791 feminas,
803 2738 1008 2792 quoniam
1038 2737 1133 2778 viri
1158 2751 1186 2778 a
1216 2737 1430 2777 creatione
1458 2743 1563 2778 sunt
1579 2737 1763 2789 formae

267 2803 485 2852 scientiae,
510 2802 825 2854 intelligentiae
844 2808 885 2842 et
909 2800 1164 2854 sapientiae,
1177 2800 1378 2852 feminae
1389 2801 1574 2852 formae
1592 2799 1760 2845 amoris

267 2867 451 2907 illarum
476 2865 601 2918 apud
626 2864 960 2918 viros.—Quod
992 2865 1074 2905 viri
1114 2864 1255 2905 creati
1296 2864 1386 2904 sint
1418 2863 1589 2904 formae
1620 2862 1759 2904 intel-

268 2928 426 2978 lectus,
455 2935 503 2970 et
529 2929 650 2982 quod
681 2927 873 2969 feminae
901 2934 1084 2969 creatae
1110 2927 1201 2968 sint
1226 2926 1397 2967 formae
1424 2926 1590 2968 amoris
1620 2924 1757 2967 intel-

267 2991 412 3034 lectus
438 2992 648 3042 virorum,
674 2991 973 3045 explanatum
996 3004 1128 3045 supra
1154 2988 1215 3044 (n.
1237 2987 1312 3044 90)
1337 2989 1559 3031 videatur.
1619 2987 1755 3042 Quod
