2014 3386
566 351 633 383 DE
666 350 845 384 AMORE
876 350 1303 394 CONJUGIAL1.—N.
1334 342 1427 396 376.
1659 355 1739 398 293

245 465 291 506 in
327 464 638 519 spiritualibus
670 465 921 517 ecclesiae;
963 465 1110 508 altera
1141 471 1227 515 est,
1260 465 1483 507 intestina
1515 467 1742 520 cupiditas

245 527 487 570 vindictae.
548 527 685 581 Quod
717 529 908 582 primam
939 541 1138 578 causam,
1167 542 1282 583 quae
1314 535 1385 571 est
1417 530 1663 583 captivitas
1694 537 1742 573 et

246 591 484 633 suffocatio
510 592 844 645 cogitationum
870 593 914 633 in
942 592 1250 646 spiritualibus
1276 592 1515 642 ecclesiae,
1540 594 1739 645 attinet;

245 655 352 710 quid
381 655 461 696 illa
487 662 715 709 operatur,
744 655 959 696 concludi
984 662 1141 709 potest
1172 670 1199 697 a
1230 669 1366 709 supra
1391 657 1738 706 demonstratis,

245 719 367 772 quod
399 719 539 760 cuivis
570 719 629 760 sit
661 731 790 760 arnor
814 718 1083 772 conjugialis
1108 720 1358 761 secundum
1385 726 1559 761 statum
1591 720 1740 762 eccle-

245 783 339 824 siae
369 783 489 836 apud
520 796 584 832 se,
618 788 666 824 et
702 783 806 836 quia
837 782 1032 824 ecclesia
1072 789 1144 824 est
1188 797 1215 824 a
1256 783 1471 833 Domino,
1505 783 1626 837 quod
1662 783 1741 825 ille

244 859 373 887 amor
398 846 456 890 sit
481 846 610 886 unice
641 859 668 886 a
700 846 901 887 Domino
936 845 998 899 (n.
1027 856 1118 898 130,
1148 845 1275 900 131);
1317 859 1420 887 cum
1451 847 1605 900 itaque
1637 846 1741 887 loco

245 908 444 958 Domini,
477 908 687 950 homines
718 909 808 950 vivi
849 916 897 950 et
943 908 1142 950 defuncti
1178 910 1403 950 adeuntur
1435 916 1481 951 et
1521 911 1740 951 invocan-

244 978 332 1021 tur,
357 973 560 1026 sequitur
585 972 707 1026 quod
734 986 825 1013 non
853 973 910 1013 sit
938 979 1088 1014 status
1111 972 1347 1022 ecclesiae,
1376 985 1478 1013 cum
1501 986 1590 1026 quo
1613 986 1742 1014 amor

243 1035 512 1089 conjugialis
535 1049 673 1077 unum
699 1043 857 1090 potest
885 1050 1048 1090 agere;
1082 1042 1129 1078 et
1154 1050 1210 1078 eo
1236 1037 1398 1085 minus,
1427 1037 1534 1077 dum
1561 1043 1740 1077 mentes

243 1099 424 1140 illorum
457 1105 684 1141 terrentur
715 1100 773 1141 ad
809 1100 936 1140 illum
968 1099 1142 1141 cultum
1174 1114 1253 1154 per
1285 1101 1430 1141 minas
1473 1114 1555 1153 pro
1595 1101 1741 1141 atroci

244 1176 451 1204 carcere:
498 1163 603 1204 inde
645 1162 710 1212 fit,
744 1164 866 1217 quod
903 1163 1213 1217 cogitationes
1258 1177 1347 1205 una
1387 1177 1488 1204 cum
1532 1164 1738 1218 loquelis,

244 1226 471 1268 violenter
510 1228 800 1280 captiventur
844 1233 891 1268 et
937 1226 1239 1278 suffocentur3
1290 1227 1450 1281 quibus
1491 1227 1738 1277 suffocatis,

245 1289 435 1330 influunt
462 1289 586 1339 talia,
614 1304 730 1344 quae
761 1290 834 1332 vel
867 1297 1029 1332 contra
1055 1290 1296 1331 ecclesiam
1323 1296 1444 1339 sunt,
1473 1290 1546 1331 vel
1578 1291 1740 1343 imagi-

245 1354 372 1394 naria
407 1367 490 1407 pro
521 1353 743 1405 ecclesia;
785 1368 845 1395 ex
873 1354 1032 1408 quibus
1064 1367 1155 1394 non
1181 1354 1303 1395 aliud
1334 1354 1576 1403 redundat,
1605 1367 1740 1408 quam

246 1423 401 1458 aestus
433 1431 514 1470 pro
545 1418 723 1466 scortis,
751 1430 804 1458 ac
837 1417 943 1470 gelu
975 1431 1056 1471 pro
1088 1416 1307 1470 conjuge;
1345 1431 1405 1458 ex
1437 1418 1595 1471 quibus
1627 1418 1740 1458 duo-

245 1481 330 1522 bus
375 1480 507 1522 simul
554 1482 599 1522 in
645 1490 735 1522 uno
756 1479 995 1534 *subjeem
1037 1481 1143 1522 talis
1188 1481 1435 1522 indomitus
1482 1481 1741 1535 zelotypiae

245 1545 363 1597 ignis
386 1544 580 1597 profluit.
643 1544 776 1598 Quod
795 1544 1042 1585 secundam
1066 1557 1264 1593 causam,
1289 1558 1404 1598 quae
1427 1551 1498 1585 est
1520 1545 1741 1586 intestina

246 1608 470 1661 cupiditas
503 1607 747 1657 vindictae,
782 1609 1045 1649 concernit:
1096 1607 1209 1648 haec
1242 1621 1423 1661 prorsus
1455 1608 1630 1649 inhibet
1671 1609 1740 1649 in·

246 1671 416 1712 fluxum
461 1673 628 1713 amoris
669 1672 952 1726 conjugialis,
995 1672 1212 1713 absorbet
1259 1671 1401 1721 illum,
1445 1680 1492 1714 et
1538 1672 1738 1726 deglutit

246 1734 389 1784 illum,
413 1741 461 1776 et
479 1735 725 1788 jucundum
749 1735 856 1789 ejus,
881 1736 1002 1789 quod
1025 1742 1096 1777 est
1118 1735 1335 1785 caeleste,
1354 1737 1494 1777 vertit
1517 1737 1561 1777 in
1578 1736 1738 1789 jucun-

247 1798 354 1839 dum
377 1797 619 1847 vindictae,
643 1799 765 1853 quod
788 1805 857 1840 est
878 1799 1111 1848 infernale,
1136 1805 1182 1840 et
1205 1798 1334 1852 hujus
1357 1800 1566 1853 proxima
1587 1800 1740 1841 deter-

247 1862 436 1903 minatio
462 1868 534 1908 est
567 1862 624 1903 ad
657 1875 865 1903 uxorem.
926 1862 1001 1903 Ex
1039 1863 1309 1916 apparentia
1335 1863 1475 1903 etiam
1508 1869 1590 1911 est,
1619 1864 1740 1917 quod

248 1925 512 1979 malignitas
535 1925 902 1979 atmosphaerae,
926 1940 1040 1979 quae
1068 1940 1127 1967 ex
1154 1925 1369 1966 halitibus
1391 1925 1628 1967 virulentis
1655 1928 1740 1968 cir-

248 1988 545 2042 cumjacentis
567 1990 766 2043 regionis
787 1989 847 2030 ibi
869 1990 1228 2043 impraegnatur,
1253 1990 1311 2030 sit
1334 2002 1472 2030 causa
1494 1997 1736 2031 succentu-

247 2053 377 2093 riata.

331 2117 464 2168 3¹76·
497 2113 599 2170 (xi.)
637 2115 766 2167 Quod
776 2116 903 2169 apud
917 2116 1133 2170 quosdam
1155 2129 1237 2157 non
1258 2115 1321 2157 sit
1339 2116 1492 2170 aliqua
1507 2116 1738 2170 zelotypia,

249 2178 383 2220 etiam
413 2193 469 2220 ex
498 2179 644 2221 variis
668 2179 1069 2221 causis.-—Causae
1096 2179 1262 2220 nullius
1288 2179 1559 2233 zelotypiae,
1578 2186 1625 2221 et
1641 2193 1740 2221 ces-

249 2243 393 2283 santis
416 2242 688 2297 zelotypiae,
716 2250 821 2284 sunt
847 2243 1011 2296 plures.
1073 2242 1212 2284 Nulla
1234 2242 1465 2296 zelotypia
1490 2249 1561 2284 est
1587 2243 1740 2296 impri-

250 2307 334 2347 mis
359 2306 460 2355 illis,
485 2307 559 2360 qui
584 2320 786 2348 amorem
810 2305 1114 2359 conjugialem
1137 2319 1228 2347 non
1251 2306 1390 2359 pluris
1412 2306 1583 2347 faciunt
1606 2319 1740 2359 quam

250 2370 586 2419 scortatorium,
606 2376 653 2411 et
675 2369 808 2411 simul
830 2370 1009 2424 inglorii
1027 2375 1147 2418 sunt,
1167 2370 1298 2410 nauci
1320 2369 1576 2423 pendentes
1595 2370 1740 2409 nomi-

251 2433 319 2473 nis
358 2433 551 2484 famam;
603 2433 649 2474 hi
689 2447 780 2474 non
821 2432 1052 2474 absimiles
1093 2439 1199 2473 sunt
1241 2433 1447 2473 uxoratis
1488 2432 1740 2472 lenonibus.

251 2495 389 2537 Nulla
424 2496 654 2550 zelotypia
684 2503 755 2538 est
787 2510 964 2551 quoque
996 2496 1099 2545 illis,
1133 2496 1206 2549 qui
1238 2495 1362 2536 illam
1395 2495 1647 2547 rejecerunt
1681 2508 1740 2534 ex

251 2558 597 2601 confirmatione
628 2560 749 2613 quod
780 2560 967 2602 infestet
999 2560 1214 2607 animum,
1248 2558 1460 2612 quodque
1498 2558 1542 2598 in
1573 2569 1739 2597 vanum

251 2623 536 2664 custodiatur
561 2637 691 2672 uxor,
717 2629 764 2664 et
787 2623 909 2677 quod
936 2623 972 2663 si
998 2622 1269 2670 custoditur,
1295 2622 1522 2669 incitetur,
1547 2626 1594 2660 et
1621 2619 1741 2672 quod

251 2684 356 2726 ideo
386 2687 528 2726 satius
559 2686 618 2727 sit
649 2685 807 2727 oculos
839 2685 1095 2734 occludere,
1129 2690 1176 2726 et
1211 2698 1268 2725 ne
1304 2684 1486 2738 quidem
1513 2697 1593 2736 per
1623 2682 1740 2722 fora-

254 2760 357 2789 men
383 2748 524 2790 clavis
555 2749 599 2789 in
626 2748 765 2802 janua
789 2750 1040 2790 immittere
1071 2748 1188 2797 illos,
1218 2761 1274 2789 ne
1305 2747 1475 2800 aliquid
1507 2745 1743 2786 visualiter

254 2811 521 2865 detegatur:
564 2813 702 2866 aliqui
733 2811 987 2866 rejecerunt
1018 2807 1144 2853 illam
1176 2825 1236 2852 ex
1268 2810 1496 2851 calumnia
1527 2807 1743 2860 imposita

254 2876 424 2916 nomini
442 2875 714 2929 zelotypiae,
734 2877 996 2929 cogitantes
1013 2875 1134 2929 quod
1156 2874 1223 2915 vir
1244 2874 1318 2928 qui
1336 2874 1402 2913 vir
1420 2871 1530 2912 nihil
1550 2872 1713 2911 timeat
1731 2883 1741 2920 ;

253 2937 390 2991 aliqui
411 2937 560 2980 adacti
586 2945 693 2980 sunt
720 2939 778 2980 ad
803 2938 1094 2991 rejiciendum
1116 2937 1256 2985 illam,
1282 2949 1338 2977 ne
1364 2949 1435 2976 res
1458 2933 1742 2974 domesticae

254 3002 618 3054 pessumdentur,
639 3009 735 3044 tum
759 3015 815 3044 ne
836 3003 880 3043 in
903 3002 1100 3043 forensia
1117 3000 1341 3054 vituperia
1363 2997 1549 3046 incidat,
1570 2996 1605 3037 si
1627 3009 1743 3036 uxor
