2014 3386
321 326 407 378 264
787 337 1029 371 DELlCIAE
1061 337 1364 374 SAPIENTIAE

321 464 424 493 cere
456 465 517 493 ex
548 451 786 495 intellectu
816 453 991 509 aliquas
1022 455 1240 505 rationes,
1268 456 1428 511 quibus
1460 457 1739 512 acquiescat,
1771 467 1820 502 et

319 528 453 569 super
483 516 645 570 quibus
676 517 913 567 subsistat,
947 519 1333 572 quemadmodum
1365 521 1526 562 domus
1564 535 1701 576 super
1736 536 1819 565 suo

319 578 472 632 lapide
503 593 582 620 seu
613 580 929 631 fundamento,
958 595 1036 623 cur
1067 582 1331 637 polygamia
1362 598 1386 626 e
1419 584 1682 628 Christiano
1708 587 1818 629 orbe

318 643 539 684 damnata
564 649 649 685 est.
711 644 885 688 Notum
912 652 998 694 est,
1027 646 1149 699 quod
1174 647 1405 689 institutio
1431 648 1629 703 conjugii
1655 663 1817 693 mono-

318 707 485 760 gamici
511 707 701 749 fundata
727 709 787 749 sit
814 722 949 763 super
974 709 1132 751 Verbo
1159 710 1358 761 Domini,

384 801 490 842 Quod
507 802 566 843 qui
584 803 761 834 dimiserit
778 813 939 842 uxorem,
954 803 1023 835 nisi
1041 810 1188 845 propter
1204 806 1471 846 scortationem,
1488 814 1524 840 et
1541 808 1648 840 aliam
1666 809 1816 848 duxerit,

492 846 708 878 adulterium
724 847 925 879 committat
939 857 946 886 ;
971 854 1006 879 et
1020 849 1114 889 quod
1131 850 1176 880 ab
1192 849 1293 881 initio
1307 860 1370 882 seu
1387 861 1409 882 a
1428 851 1543 891 prima
1557 852 1817 885 instauratione

493 890 746 930 conjugiorum
771 891 889 929 fuerit,
909 897 948 923 ut
977 892 1048 923 duo
1074 892 1161 924 fiant
1185 903 1257 924 una
1285 903 1394 932 caro;
1427 901 1463 926 et
1491 896 1585 936 quod
1613 897 1723 929 homo
1743 907 1815 929 non

491 939 721 975 separaturus
739 935 786 967 sit
803 936 898 977 quod
917 935 1016 967 Deus
1037 936 1222 977 copulavit
1238 936 1383 975 (Matth.
1399 939 1469 971 xix.
1488 940 1597 980 3-11).

318 1033 408 1076 Sed
445 1036 630 1077 tametsi
662 1035 887 1078 Dominus
923 1037 1002 1079 illa
1043 1052 1104 1079 ex
1146 1038 1312 1080 Divina
1342 1039 1564 1094 conjugiis
1595 1042 1816 1096 inscripta

316 1099 419 1153 lege
459 1098 665 1150 dictavit,
699 1114 840 1154 usque
881 1102 917 1142 si
957 1115 1049 1143 non
1089 1102 1351 1144 intelle&us
1393 1111 1550 1157 potest
1589 1106 1815 1149 suffulcire

314 1163 439 1204 illam
467 1178 527 1205 ex
559 1164 754 1218 quadam
781 1178 861 1205 sua
886 1165 1077 1215 ratione,
1106 1172 1262 1220 potest
1287 1181 1428 1221 usque
1454 1167 1531 1209 ille
1557 1183 1638 1223 per
1663 1184 1815 1212 versa-

314 1227 462 1268 tiones
494 1227 578 1268 sibi
610 1234 779 1277 suetas,
809 1234 856 1269 et
888 1242 968 1282 per
999 1230 1207 1273 sinistras
1232 1230 1654 1283 interpretationes,
1683 1233 1813 1275 Divi-

315 1304 419 1331 nam
445 1290 570 1331 illam
597 1290 748 1343 legem
775 1291 1128 1341 circumducere,
1157 1299 1204 1334 et
1237 1293 1464 1335 deducere
1495 1295 1540 1335 in
1572 1296 1812 1338 obscurum

314 1354 590 1407 ambiguum,
619 1360 665 1395 et
697 1354 890 1398 demumr
912 1356 957 1395 in
989 1355 1308 1397 affirmativum
1341 1358 1634 1410 negativum3
1672 1360 1716 1400 in
1748 1360 1814 1401 af—

313 1415 588 1458 firmativum
615 1418 718 1470 quia
745 1431 804 1458 ex
831 1417 935 1471 lege
962 1419 1081 1459 civili
1108 1420 1248 1460 etiam
1275 1426 1360 1469 est,
1386 1427 1433 1462 et
1458 1421 1502 1461 in
1529 1422 1811 1475 negativum,

313 1480 415 1533 quia
438 1493 528 1520 non
551 1494 611 1521 ex
634 1481 733 1521 visu
755 1480 935 1521 illorum
958 1482 1172 1523 rationali
1199 1489 1295 1524 est:
1335 1484 1379 1524 in
1405 1483 1492 1525 hoc
1519 1486 1656 1526 cadet
1683 1499 1812 1527 mens

313 1543 530 1592 humana,
564 1544 649 1584 nisi
684 1543 909 1586 instructa
950 1546 1071 1598 prius
1102 1545 1234 1587 fuerit
1280 1547 1337 1587 de
1379 1561 1513 1601 supra
1544 1551 1812 1591 memoratis

313 1607 668 1660 cognitionibus,
688 1606 942 1649 intellectui
964 1622 1045 1662 pro
1063 1608 1400 1651 introductione
1422 1611 1466 1651 in
1489 1625 1591 1652 suas
1609 1613 1811 1654 rationes

312 1671 609 1711 inserviendis
631 1684 640 1721 ;
673 1685 788 1724 quae
810 1677 930 1720 sunt,
950 1672 1071 1726 quod
1095 1672 1227 1714 detur
1243 1686 1371 1714 amor
1387 1688 1493 1715 vere
1511 1674 1782 1729 conjugialis
1799 1690 1820 1727 ;,

313 1734 434 1787 quod
461 1734 533 1775 hic
562 1747 653 1775 non
681 1734 845 1775 dabilis
868 1735 942 1784 sit,
963 1749 1098 1790 quam
1123 1735 1243 1777 inter
1264 1736 1405 1788 du0s;
1439 1738 1559 1791 quod
1583 1751 1666 1780 nec
1689 1739 1812 1780 inter

312 1798 425 1838 duos
457 1798 541 1838 nisi
573 1811 599 1838 a
630 1797 730 1839 solo
757 1798 984 1850 Domin0;
1022 1805 1068 1840 et
1095 1799 1216 1853 quod
1242 1799 1344 1840 huic
1371 1802 1514 1842 amori
1539 1801 1807 1856 inscriptum

311 1861 370 1901 sit
403 1860 580 1902 caelum
613 1874 715 1902 cum
748 1861 957 1902 omnibus
990 1861 1084 1914 ejus
1110 1862 1418 1903 felicitatibus.
1480 1862 1570 1904 Sed
1601 1863 1730 1915 haec,
1758 1873 1806 1907 et

311 1923 440 1977 plura
461 1924 518 1964 de
541 1924 840 1965 damnatione
857 1924 1149 1978 polygamiae
1172 1939 1196 1966 e
1219 1922 1480 1967 Christiano
1500 1927 1622 1975 orbe,
1643 1941 1826 1972 secun·⁴

311 1988 419 2029 dum
450 1994 695 2041 sequentes
732 1987 951 2029 articulos
991 1989 1038 2029 in
1079 1989 1238 2030 ordine
1279 1989 1640 2032 demonstranda
1682 1998 1804 2033 sunt.

312 2050 509 2092 Articuli
535 2057 642 2092 sunt
667 2050 713 2091 hi
730 2064 801 2091 :—-

550 2147 605 2193 (i.)
643 2148 757 2194 Quod
772 2149 856 2182 nisi
872 2159 957 2183 cum
979 2160 1058 2183 una
1080 2161 1200 2184 uxore
1231 2161 1305 2184 non
1330 2150 1428 2185 dari
1448 2156 1563 2196 queat
1587 2164 1698 2187 amor
1721 2165 1809 2189 vere

736 2196 981 2241 conjugialis‚
997 2201 1261 2241 consequenter
1277 2209 1344 2232 nec
1360 2209 1448 2232 vere
1460 2200 1695 2245 conjugialis
1707 2203 1807 2236 ami·

736 2244 843 2282 citia,
865 2243 1105 2287 confidentia,
1119 2246 1307 2289 potentia,
1329 2256 1375 2279 ac
1398 2245 1493 2279 talis
1516 2249 1702 2282 mentium
1722 2259 1807 2284 con·

727 2290 884 2335 junliio
901 2294 945 2324 ut
960 2290 1034 2324 duo
1049 2292 1131 2325 sint
1149 2302 1226 2325 una
1244 2303 1345 2327 caro.

535 2336 606 2382 (ii.)
643 2337 758 2383 Quod
772 2338 828 2371 sic
846 2338 930 2371 nisi
945 2349 1030 2372 cum
1051 2348 1130 2372 una
1150 2349 1269 2372 uxore
1285 2350 1359 2373 non
1377 2339 1475 2373 dari
1487 2345 1628 2384 queant
1644 2341 1807 2377 beatitu-

734 2384 842 2418 dines
861 2384 1040 2424 caelestes,
1048 2385 1283 2431 faustitates
1301 2388 1537 2431 spirituales,
1558 2399 1605 2422 ac
1611 2389 1806 2434 jucundi-¹

733 2435 832 2465 tates
856 2432 1064 2471 naturales,
1083 2443 1180 2476 quae
1205 2433 1251 2466 ab
1272 2434 1388 2467 initio
1405 2436 1591 2478 provisae
1611 2440 1704 2470 sunt
1723 2437 1806 2472 illis

735 2480 808 2523 qui
822 2480 865 2513 in
882 2490 1011 2513 amore
1027 2490 1115 2513 vere
1131 2480 1354 2525 conjugiali
1366 2484 1469 2516 sunt.
1701 2505 1705 2509 -

516 2524 601 2570 (iii.)
639 2525 752 2571 Quod
766 2526 836 2560 illa
854 2527 983 2560 omnia
1006 2536 1079 2560 non
1099 2526 1197 2560 dari
1210 2531 1353 2570 queant
1368 2529 1451 2562 nisi
1471 2539 1496 2562 a
1517 2528 1591 2563 solo
1608 2529 1775 2565 Domino
1789 2544 1806 2572 ,·

734 2576 771 2607 et
794 2573 897 2617 quod
916 2583 989 2607 non
1014 2573 1155 2607 dentur
1174 2574 1277 2613 aliis,
1295 2585 1412 2618 quam
1437 2576 1511 2620 qui
1530 2576 1663 2620 Ipsum
1684 2577 1803 2612 solum

732 2620 886 2660 adeunt,
896 2623 933 2654 et
943 2619 1064 2654 simul
1071 2621 1214 2654 vivunt
1225 2621 1430 2655 secundum
1437 2625 1646 2667 praecepta
1660 2624 1802 2668 Ipsius.

523 2665 607 2711 (iv.)
645 2666 677 2702 C
674 2670 928 2711 onsequenter,
943 2666 1047 2711 quod
1059 2678 1132 2701 non
1146 2667 1368 2712 dariqueat
1380 2680 1490 2703 amor
1502 2680 1590 2703 vere
1602 2672 1804 2716 conjugia-

731 2714 782 2748 lis
798 2725 883 2748 cum
900 2715 982 2759 ejus
986 2714 1261 2760 felicitatibus,
1280 2717 1364 2749 nisi
1376 2726 1492 2760 quam
1510 2717 1621 2761 apud
1633 2718 1718 2752 illos
1734 2720 1809 2763 qui

733 2761 780 2795 ab
796 2761 966 2795 Ecclesia
987 2760 1215 2795 Christiana
1232 2766 1333 2797 sunt.

530 2806 599 2852 (v.)
636 2807 750 2853 Quod
765 2808 855 2842 inde
877 2809 938 2848 sit.
961 2807 1064 2852 quod
1081 2807 1306 2843 Christiano
1334 2820 1407 2843 non
1434 2809 1550 2844 liceat
1575 2811 1660 2845 m‘si
1680 2821 1798 2856 quam

732 2852 850 2888 unam
870 2865 1025 2889 uxorem
1043 2854 1189 2890 ducere.

517 2900 599 2947 (vi.)
636 2901 749 2947 Quod
776 2902 1033 2943 Christianus,
1058 2903 1097 2935 si
1113 2902 1250 2947 plures
1278 2913 1416 2937 uxores
1442 2903 1560 2943 ducit,
1591 2915 1666 2939 non
1695 2906 1802 2941 modo

730 2948 969 2983 adulterium
987 2948 1180 2990 naturale,
1197 2948 1267 2983 sed
1285 2952 1403 2984 etiam
1421 2951 1661 2986 adulterium
1677 2954 1798 2997 spiri-

729 2995 845 3037 tuale,
862 2996 1089 3031 committat.
