2014 3386
470 334 536 366 DE
569 332 747 366 AMORE
780 329 1260 366 scoRTAToR10.—N.
1287 330 1378 374 502.
1621 319 1699 372 385

200 446 480 496 violationis,
509 453 556 488 et
583 446 726 488 libido
751 444 1002 487 seducendi
1027 443 1332 504 innocentias‚
1360 442 1416 483 de
1443 441 1603 496 quibus
1630 455 1700 483 se-

199 512 365 566 quitur.
428 511 651 552 Dicuntur
673 510 896 559 libidines,
916 509 1019 563 quia
1040 514 1212 563 quanta
1230 511 1276 548 'et
1300 506 1444 561 qualis
1468 512 1537 547 est
1561 505 1702 547 libido

204 575 264 618 ad
293 575 385 625 illa,
412 581 546 617 tanta
575 580 623 616 et
654 573 762 615 talis
788 580 859 614 est
890 572 1198 627 appropriatio
1228 571 1423 612 illorum.
1487 570 1622 624 Quod
1652 572 1694 612 in

205 640 356 693 specie
387 639 621 680 libidinem
646 637 958 678 deflorationis
983 635 1234 684 concernit,
1263 641 1312 675 ut
1345 633 1574 675 convictio
1604 633 1698 675 evi-

206 703 319 745 dens
359 702 436 744 fiat
475 702 597 757 quod
643 703 702 743 sit
747 701 984 754 flagitium,
1027 699 1391 741 manifestabitur
1435 712 1495 739 ex
1539 697 1610 739 his
1654 698 1699 738 in

205 767 361 808 ordine
378 778 449 806 :—-

438 855 494 899 (i.)
530 854 597 889 Ex
608 857 716 889 statu
728 855 903 900 virginis
911 865 976 888 seu
978 853 1160 900 feminae
1169 852 1348 887 illibatae
1359 855 1450 887 ante
1462 851 1698 898 conjugium,

628 906 664 936 et
676 904 764 947 post
781 902 1016 946 conjugium.

427 948 498 993 (ii.)
537 949 651 994 Quod
662 950 880 994 virginitas
898 950 951 982 sit
967 959 1105 983 corona
1123 948 1328 987 castitatis,
1343 950 1379 982 et
1396 950 1535 981 tessera
1555 947 1700 981 amoris

628 996 871 1041 conjugialz's.

413 1042 499 1087 (iii.)
537 1042 650 1088 Quod
662 1043 863 1098 defloratio
875 1042 1014 1087 absque
1018 1042 1102 1087 fine
1115 1042 1295 1089 conjugii
1304 1042 1358 1076 sit
1363 1041 1574 1087 flagitium
1580 1042 1701 1086 prae-

419 1136 501 1182 (iv.)
538 1090 749 1183 Quobiosrgffg
768 1136 934 1176 illorum,
953 1137 1026 1181 qui
1042 1136 1153 1182 apud
1167 1147 1206 1170 se
1223 1136 1551 1180 confirmaverunt
1571 1134 1701 1169 libidi-

628 1195 711 1218 nem
745 1184 1011 1228 deflorationis
1041 1194 1118 1218 non
1149 1194 1224 1218 esse
1255 1183 1402 1218 malum
1428 1183 1593 1228 peccati,
1611 1184 1702 1228 post

628 1235 785 1266 mortem
795 1234 944 1277 gravis
959 1231 1023 1266 sit.

205 1331 419 1386 ..Sequitur
443 1330 603 1373 horum
629 1330 895 1385 explicatio.

291 1405 423 1450 502·
458 1394 525 1449 (i.)
558 1394 626 1436 De
659 1401 782 1436 statu
812 1393 1012 1447 virginis·
1043 1407 1118 1435 seu
1137 1392 1338 1445 feminae
1366 1392 1570 1434 illibatae
1598 1399 1701 1434 ante

203 1459 467 1516 conjugium,
498 1464 541 1499 et
563 1464 670 1511 post
699 1456 1185 1514 cory‘ugium.—Qualis
1216 1463 1287 1498 est
1318 1463 1466 1498 status
1497 1457 1699 1509 virginis,

205 1530 454 1577 antequam
480 1520 701 1563 instructa
733 1527 802 1563 est
833 1522 889 1562 de
920 1522 1055 1562 variis
1087 1522 1253 1562 taedae
1286 1520 1565 1574 conjugialis,
1594 1519 1702 1561 mihi

205 1586 546 1628 manifestatum
571 1592 642 1627 est
669 1586 726 1626 ab
753 1586 971 1626 uxoribus
1003 1586 1046 1626 in
1073 1585 1243 1625 mundo
1269 1584 1502 1639 spirituali,
1530 1584 1588 1625 ab
1614 1584 1702 1625 illis

203 1651 278 1699 ibi,
305 1663 420 1704 quae
446 1650 490 1690 in
516 1649 706 1690 infantia
732 1663 810 1690 sua
835 1663 860 1690 e
891 1649 1062 1690 mundo
1086 1648 1280 1690 naturali
1306 1654 1620 1697 excesserunt,
1648 1660 1701 1689 ac

203 1714 426 1756 educatae
462 1719 567 1754 sunt
597 1714 642 1754 in
674 1712 817 1754 caelo.
888 1712 1132 1761 Dixerunt,
1160 1713 1281 1766 quod
1313 1712 1421 1752 dum
1452 1712 1496 1753 in
1527 1718 1701 1752 statum

205 1776 403 1819 nubilem
443 1783 682 1826 venerunt,
716 1790 775 1817 ex
815 1776 922 1816 visis
962 1775 1243 1829 conjugibus,
1276 1776 1527 1829 inceperint
1558 1775 1701 1815 vitam

204 1839 507 1894 conjugialem
538 1853 705 1889 amare,
733 1839 814 1880 sed
846 1846 1034 1893 propter
1064 1839 1211 1880 solum
1243 1838 1379 1880 finem
1411 1845 1461 1880 ut
1493 1838 1703 1879 dicantur

204 1917 386 1953 uxoreS‚
414 1917 466 1944 ac
498 1909 547 1945 ut
577 1904 721 1944 amice
754 1909 801 1944 et
834 1902 1118 1944 confidenter
1143 1916 1244 1944 cum
1276 1916 1367 1944 uno
1391 1903 1488 1944 viro
1513 1916 1701 1943 consor-

204 1968 319 2009 tium
345 1972 551 2016 teneant,
575 1973 622 2008 et
654 1980 832 2020 quoque
859 1973 908 2008 ut
939 1966 1227 2007 abalienatae
1260 1980 1284 2007 e
1315 1966 1453 2007 domo
1484 1966 1701 2007 obedien-

204 2031 312 2079 tiae,
332 2030 398 2071 sui
419 2027 528 2081 juris
550 2029 688 2081 fiant;
721 2037 768 2072 et
795 2030 1011 2071 dixerunt
1030 2030 1151 2084 quod
1169 2030 1317 2071 solum
1335 2044 1394 2072 ex
1417 2030 1702 2072 beatitudine

205 2093 432 2135 amicitiae
471 2098 518 2134 et
558 2092 862 2135 confidentiae
894 2100 1079 2135 mutuae
1118 2107 1220 2135 cum
1261 2100 1474 2135 consorte
1509 2094 1606 2135 viro
1645 2093 1701 2135 de

205 2155 419 2210 conjugio
450 2156 768 2209 cogitaverint,
802 2163 850 2198 et
881 2170 1060 2211 prorsus
1092 2171 1183 2199 non
1225 2171 1284 2198 ex
1322 2157 1485 2199 delicio
1516 2156 1702 2210 alicujus

205 2220 428 2262 flammae.
490 2219 558 2260 At
587 2221 708 2274 quod
741 2227 889 2263 status
921 2221 1097 2262 illarum
1123 2222 1352 2275 virgineus
1385 2227 1490 2274 post
1522 2222 1702 2274 nuptias

207 2291 410 2326 mutatus
433 2284 491 2324 sit
517 2284 561 2324 in
584 2297 765 2333 novum,
790 2284 846 2326 de
872 2299 961 2339 quo
983 2286 1103 2338 prius
1127 2299 1182 2326 ne
1205 2285 1344 2326 hilum
1368 2285 1621 2335 sciverunt;
1655 2291 1702 2326 et

205 2347 462 2401 inquierunt
481 2347 602 2400 quod
621 2347 692 2389 hic
715 2354 864 2389 status
881 2355 1003 2390 esset
1026 2354 1173 2389 status
1192 2348 1484 2402 expansionis
1502 2349 1702 2389 omnium

207 2411 330 2452 vitae
354 2410 555 2462 corporis
577 2411 643 2451 sui
669 2424 695 2451 a
720 2411 873 2463 primis
899 2412 956 2452 ad
982 2410 1143 2452 ultima
1169 2411 1225 2452 ad
1252 2411 1559 2464 recipiendum
1583 2411 1702 2452 dona

208 2474 356 2516 mariti
387 2474 467 2522 sui,
502 2480 549 2515 et
589 2474 646 2515 ad
686 2474 798 2516 haec
832 2475 1075 2516 uniendum
1108 2489 1215 2517 suae
1256 2476 1393 2523 vitae,
1427 2481 1476 2516 ut
1518 2476 1580 2516 sic
1622 2475 1702 2516 fiat

207 2550 335 2579 amor
360 2536 468 2590 ejus,
497 2543 544 2578 et
570 2551 712 2589 uxor;
748 2545 796 2580 et
822 2538 942 2592 quod
968 2539 1040 2580 hic
1068 2545 1216 2580 status
1242 2538 1525 2595 inchoaverit
1551 2552 1577 2579 a
1604 2549 1701 2579 mo-³

209 2606 366 2641 mento
407 2599 732 2650 deflorationis,
766 2607 812 2643 et
853 2602 974 2656 quod
1016 2608 1121 2655 post
1162 2602 1278 2643 hanc
1321 2602 1480 2643 arserit
1522 2601 1703 2642 flamma

207 2663 373 2704 ameris
413 2662 470 2703 ad
511 2662 657 2704 solum
694 2665 920 2715 maritum,
954 2671 1000 2706 et
1040 2665 1160 2719 quod
1193 2665 1378 2706 delicias
1409 2665 1704 2718 expansionis

208 2725 336 2767 istius
368 2726 561 2767 senserit
588 2726 837 2769 caelestes:
881 2734 928 2770 et
959 2728 1080 2782 quod
1112 2728 1215 2782 quia
1244 2729 1289 2769 in
1320 2728 1439 2769 hunc
1472 2734 1644 2769 statum
1677 2741 1704 2769 a

208 2802 291 2830 suo
316 2789 479 2831 marito
505 2788 765 2831 introducta
796 2797 881 2841 est,
909 2797 955 2832 et
988 2792 1090 2845 quia
1121 2798 1192 2832 est
1224 2804 1283 2832 ex
1315 2791 1409 2840 illo,
1437 2797 1483 2832 et
1516 2792 1577 2832 sic
1610 2789 1705 2844 ejus

210 2851 255 2892 in
282 2865 344 2901 se,
373 2852 507 2905 plane
535 2865 627 2893 non
652 2854 796 2906 possit
822 2867 957 2908 quam
981 2854 1108 2895 illum
1134 2854 1280 2896 solum
1306 2867 1470 2895 amare.
1533 2853 1607 2894 Ex
1634 2853 1704 2894 his

212 2915 553 2957 manifestatum
585 2921 671 2964 est,
699 2917 843 2970 qualis
874 2924 945 2959 est
977 2923 1126 2959 status
1151 2918 1374 2970 virginum
1407 2922 1515 2958 ante
1547 2915 1701 2969 conju-

213 2978 334 3032 gium
352 2985 398 3020 et
416 2985 521 3032 post
535 2978 794 3033 conjugium
814 2980 858 3022 in
876 2981 1017 3023 caelo.
1074 2979 1208 3035 Quod
1224 2979 1380 3023 similis
1391 2972 1456 3023 ‘sit
1479 2980 1702 3034 virginum
