2014 3386
314 340 396 395 378
756 349 1088 384 VOLUPTATES
1119 350 1366 384 INSANIAE

394 474 532 520 494.
566 463 698 520 (xiv.)
736 464 866 517 Quod
880 466 1104 508 adulteria
1129 466 1257 508 tertii
1275 473 1319 508 et
1341 467 1500 521 quarti
1509 469 1692 523 gradus
1717 470 1810 514 sint

309 528 431 570 mala
455 528 640 582 peccati,
667 535 881 583 quantum
911 536 955 571 et
983 530 1114 583 quale
1142 530 1387 572 intellectus
1416 538 1459 573 et
1487 532 1732 576 voluntatis
1761 535 1810 577 in

308 592 402 634 illis
422 598 501 641 est,
520 592 616 633 sive
635 592 881 647 aHufiant,
901 593 996 635 sive
1016 594 1118 635 aaa
1139 595 1222 634 non
1231 594 1564 649 fiant.—Quod
1584 597 1810 641 adulteria

306 656 498 697 rationis
528 670 608 697 seu
639 655 919 706 intellectus,
944 671 1060 711 quae
1086 663 1192 698 sunt
1225 659 1349 699 tertii
1381 659 1567 712 gradus,
1591 674 1644 702 ac
1676 661 1809 703 adul-

306 720 422 761 teria
447 719 717 770 voluntatis,
741 734 856 775 quae
883 727 989 762 sunt
1016 721 1166 775 quarti
1192 722 1376 774 gradus,
1401 724 1651 766 secundum
1673 725 1808 779 quale

305 782 570 825 intellectus
595 790 644 825 et
675 783 931 826 voluntatis
962 784 1007 825 in
1039 784 1129 825 illis
1155 785 1247 826 sint
1274 786 1444 839 gravia,
1473 795 1810 842 consequenter

305 847 426 888 mala
444 848 637 902 peccati,
658 862 718 890 ex
741 848 1136 890 commentatione
1155 848 1211 890 de
1229 848 1317 890 inis
1335 863 1470 903 supra
1491 849 1554 902 (n.
1570 852 1806 907 490—493),

273 911 447 952 ’videri
473 918 657 965 potest3
695 925 834 953 causa
859 918 946 961 est,
975 912 1080 966 quia
1106 911 1246 954 homo
1275 919 1347 955 est
1378 913 1519 956 homo
1550 929 1610 957 ex
1643 916 1806 958 volun·-

303 980 403 1016 tate
425 981 472 1016 et
495 973 761 1026 intelle&u;
793 988 900 1016 nam
922 989 983 1017 ex
1006 975 1095 1017 illis
1117 976 1294 1017 duobus
1317 990 1408 1018 non
1431 977 1579 1020 solum
1596 979 1806 1022 existunt

302 1038 458 1079 omnia
484 1052 599 1092 quae
625 1037 738 1080 fiunt
764 1039 810 1080 in
837 1045 1007 1087 mente,
1032 1039 1114 1080 sed
1139 1040 1280 1081 etiarn
1304 1041 1458 1082 omnia
1479 1055 1594 1095 quae
1621 1041 1735 1084 fiunt
1759 1043 1804 1084 in

302 1113 492 1155 corpore
513 1115 522 1152 ;
555 1102 653 1155 quis
680 1115 772 1143 non
795 1103 939 1152 novit,
963 1102 1085 1157 quod
1111 1116 1276 1157 corpus
1299 1117 1392 1145 non
1414 1112 1525 1158 agat
1552 1119 1613 1146 ex
1639 1119 1703 1155 se,
1718 1105 1805 1162 *sed

300 1164 515 1206 voluntas
538 1179 617 1219 per
639 1178 803 1220 corpus
817 1165 839 1223 ἓ.
865 1172 963 1207 tum
986 1166 1108 1220 quod
1130 1179 1182 1207 os
1209 1180 1301 1208 non
1328 1182 1388 1210 ex
1419 1182 1469 1210 se
1491 1168 1702 1223 loquatur
1723 1168 1805 1211 sed

300 1229 524 1282 cogitatio
556 1243 635 1283 per
660 1229 742 1271 os?
783 1243 921 1284 quare
953 1230 990 1271 si
1022 1230 1272 1272 auferretur
1302 1231 1532 1281 voluntas,
1566 1240 1805 1276 momento

299 1292 570 1335 subsisteret
595 1291 715 1334 actio
732 1307 742 1345 ;
775 1300 822 1335 et
844 1294 880 1334 si
907 1293 1159 1336 auferretur
1181 1295 1419 1348 cogitatio,
1437 1303 1676 1338 momento
1697 1297 1804 1338 sub-

298 1356 484 1398 sisteret
517 1356 700 1411 loquela
726 1357 841 1398 oris:
884 1357 990 1399 inde
1022 1357 1158 1411 plane
1190 1359 1380 1400 evidens
1405 1366 1491 1409 est,
1519 1360 1642 1414 quod
1672 1360 1804 1402 adul-

300 1420 432 1470 teria,
466 1434 581 1475 quae
613 1419 718 1463 actu
749 1420 877 1470 fiunt,
905 1422 1064 1475 gravia
1095 1422 1188 1464 sint
1220 1423 1470 1464 secundum
1502 1431 1724 1478 quantum
1755 1431 1803 1467 et

297 1484 431 1539 quale
462 1483 727 1526 intellectus
759 1491 806 1526 et
832 1485 1089 1527 voluntatis
1120 1486 1165 1527 in
1197 1485 1286 1527 illis
1312 1493 1412 1538 est;
1445 1488 1567 1541 quod
1593 1488 1805 1531 similiter

281 1548 456 1601 ¹gravia
477 1548 585 1598 sint,
605 1548 642 1589 si
664 1548 827 1589 eadem
850 1561 942 1590 non
965 1547 1070 1590 actu
1092 1548 1220 1599 fiunt,
1236 1556 1421 1592 constat
1442 1565 1502 1592 ex
1523 1551 1595 1596 his
1617 1551 1803 1594 Domini

295 1611 446 1654 verbis
464 1624 473 1652 z

363 1698 382 1712 ‘¹
396 1695 541 1729 Dictum
559 1703 615 1729 est
632 1707 654 1729 a
670 1698 865 1736 veteribus,
883 1697 965 1730 Non
984 1698 1233 1730 moechaberis
1248 1708 1256 1737 ς
1283 1698 1361 1739 Ego
1378 1708 1466 1731 vero
1483 1699 1564 1731 dico
1580 1700 1694 1738 vobis,
1705 1700 1801 1742 quod

471 1742 502 1773 si
523 1742 601 1782 quis
621 1742 803 1782 aspexerit
824 1742 1011 1774 mulierem
1033 1742 1191 1781 alterius,
1210 1743 1261 1775 ita
1284 1749 1323 1774 ut
1347 1743 1580 1784 concupiscat
1600 1744 1709 1783 illam,
1724 1743 1800 1786 jam

470 1785 684 1817 adulterium
702 1795 782 1817 cum
800 1785 862 1817 illa
879 1786 1100 1818 commiserit
1117 1786 1154 1818 in
1172 1786 1280 1818 corde
1292 1786 1311 1799 '’
1327 1786 1473 1827 (Matth.
1490 1797 1523 1821 v.
1542 1795 1593 1827 27,
1611 1787 1668 1828 28)
1683 1797 1691 1827 ;

297 1862 477 1903 “corde
521 1862 815 1904 committere
855 1862 1172 1911 adulterium,”
1221 1868 1293 1905 est
1349 1862 1605 1905 voluntate.
1681 1862 1799 1907 Sunt

294 1925 470 1967 multae
498 1939 678 1974 causae,
707 1940 822 1980 quae
863 1926 1052 1975 faciunt,
1080 1926 1201 1980 quod
1241 1926 1424 1968 adulter
1464 1940 1555 1967 non
1597 1927 1656 1968 sit
1694 1926 1800 1970 actu

294 1989 489 2038 adulter,
518 1996 566 2030 et
599 2003 739 2043 usque
766 1989 1009 2031 voluntate
1040 2004 1092 2031 ac
1126 1988 1392 2041 intellectm
1433 1996 1539 2032 sunt
1573 1991 1693 2032 enim
1725 1992 1799 2046 qui

294 2052 531 2094 abstinent
554 2053 612 2093 ab
634 2052 871 2094 adulteriis
889 2053 1040 2107 quoad
1058 2052 1225 2102 actum,
1246 2067 1305 2094 ex
1329 2054 1494 2095 timore
1519 2053 1635 2108 legis
1651 2055 1797 2096 civilis

293 2123 342 2158 et
364 2115 459 2169 ejus
477 2129 726 2170 poenarum
745 2130 754 2167 ;
788 2131 848 2157 ex
872 2117 1038 2158 timore
1055 2115 1260 2170 jacturae
1282 2117 1430 2158 famae
1453 2124 1500 2159 et
1522 2118 1627 2159 inde
1650 2118 1798 2160 hono-

293 2180 382 2231 ris;
424 2194 484 2221 ex
517 2181 681 2221 timore
709 2180 970 2220 morborum
1003 2194 1063 2221 ex
1095 2180 1213 2231 illis;
1260 2195 1320 2221 ex
1354 2182 1517 2222 timore
1544 2180 1797 2235 jurgiorum

293 2243 419 2284 domi
446 2244 504 2284 ab
530 2257 688 2292 uxore,
714 2250 760 2284 et
788 2244 894 2285 inde
921 2243 1320 2298 intranquillitatis
1346 2245 1502 2296 vitae;
1545 2259 1605 2286 ex
1631 2246 1798 2289 timore

293 2306 524 2348 vindictae
564 2321 590 2348 a
631 2308 798 2348 marito
830 2314 907 2348 aut
939 2307 996 2349 ab
1028 2307 1178 2357 affine,
1212 2308 1279 2350 ita
1311 2322 1492 2363 quoque
1534 2323 1594 2350 ex
1632 2310 1797 2352 timore

292 2370 533 2412 verberum
574 2385 600 2411 a
641 2370 847 2422 famulis;
895 2385 955 2412 ex
997 2377 1227 2424 egestate,
1261 2379 1339 2413 aut
1370 2386 1430 2413 ex
1471 2373 1694 2424 avaritia;
1736 2387 1797 2415 ex

293 2433 615 2476 imbecillitate
643 2434 832 2475 oriunda
857 2434 930 2476 vel
957 2448 1017 2476 ex
1045 2435 1224 2484 morbo,
1252 2435 1326 2476 vel
1359 2449 1418 2477 ex
1445 2436 1601 2485 abusu,
1630 2436 1704 2478 vel
1735 2450 1796 2478 ex

293 2505 466 2547 aetate,
494 2499 567 2539 vel
594 2513 653 2539 ex
681 2499 973 2552 impotentia,
1001 2505 1048 2540 et
1080 2499 1186 2540 inde
1213 2500 1411 2553 pudore:
1446 2500 1482 2540 si
1508 2501 1607 2554 quis
1634 2514 1694 2541 ex
1725 2500 1796 2542 his

293 2567 341 2603 et
367 2562 585 2615 parilibus
612 2563 759 2603 causis
785 2562 843 2603 ab
869 2562 1107 2604 adulteriis
1135 2561 1239 2604 actu
1271 2576 1319 2604 se
1351 2564 1538 2612 retinet,
1566 2569 1613 2605 et
1639 2569 1795 2605 tamen

292 2623 537 2666 voluntate
578 2631 625 2666 et
667 2624 907 2666 intellectu
939 2639 1020 2679 pro
1051 2625 1141 2666 illis
1181 2631 1270 2674 est,
1298 2639 1439 2680 usque
1472 2632 1544 2667 est
1584 2625 1793 2676 adulter-3

294 2687 590 2729 nihilominus
622 2689 744 2729 enim
777 2689 923 2730 credit
956 2689 1077 2742 quod
1120 2702 1211 2730 non
1253 2695 1450 2743 peccata
1486 2690 1592 2738 sint,
1627 2695 1674 2730 et
1715 2688 1794 2730 illa

293 2764 449 2793 coram
474 2752 574 2793 Deo
597 2765 687 2792 non
710 2752 871 2793 illicita
893 2752 1001 2793 facit
1027 2752 1072 2793 in
1099 2765 1180 2793 suo
1203 2754 1376 2806 spiritu,
1401 2759 1448 2795 et
1472 2753 1535 2794 sic
1562 2753 1607 2794 in
1633 2752 1794 2806 spiritu

292 2816 546 2856 committit
573 2815 665 2863 illa,
693 2816 882 2857 tametsi
909 2829 1001 2857 non
1027 2828 1217 2869 corpore
1244 2829 1397 2858 coram
1424 2816 1620 2858 mundo:
1654 2829 1792 2869 quare

292 2885 399 2932 post
427 2886 640 2927 mortem,
669 2892 772 2920 cum
799 2878 849 2920 fit
876 2880 1074 2933 spiritus,
1103 2886 1264 2932 aperte
1291 2879 1491 2934 loquitur
1516 2893 1597 2933 pro
1623 2878 1726 2921 illis.

376 2952 514 2997 495.
548 2941 666 2995 (xv.)
704 2941 833 2992 Quod
857 2942 1083 2984 adulteria
1113 2956 1169 2983 ex
1202 2943 1432 2995 proposito
1462 2942 1720 2991 voluntatis,
1751 2947 1795 2982 et

292 3005 516 3046 adulteria
536 3020 592 3046 ex
611 3005 936 3060 confirmatione
952 3005 1208 3054 z'ntelleHuS,
1229 3006 1422 3047 reddant
1440 3005 1638 3049 homines
1656 3011 1786 3047 natu-

2003 1310 2005 1316 .
2003 1201 2014 1206 ²
2003 1187 2005 1190 .
