2014 3386
302 349 384 391 304
762 349 1005 382 DELICIAE
1036 349 1340 383 SAPIENTIAE

301 461 448 503 aufers
475 461 721 515 singularia
746 469 817 505 est
843 463 1098 505 universale
1124 463 1272 505 solum
1298 464 1480 516 n0men,
1504 470 1552 507 et
1578 471 1649 508 est
1670 462 1794 510 'sicut

300 525 599 579 superficiale,
628 527 747 568 intra
773 528 893 581 quod
925 541 1017 569 non
1044 527 1213 582 aliquid
1245 535 1343 570 est:
1381 542 1519 583 quare
1545 531 1796 573 attribuere

300 589 402 631 Deo
420 590 674 631 universale
691 592 909 644 regimen,
929 597 976 632 et
994 592 1166 633 auferre
1185 592 1444 645 singularia,
1462 599 1532 635 est
1550 607 1668 635 vana
1684 608 1793 644 vox,

300 659 349 694 et
375 652 491 694 sicut
519 654 799 706 praedicatio
821 655 1070 696 inanitatis.
1132 654 1429 709 Comparatio
1452 669 1553 697 cum
1575 658 1796 711 regimine

300 717 544 757 universali
582 730 741 770 regum
782 723 946 767 terrae,
975 731 1066 759 non
1106 717 1248 759 valet.
1311 719 1423 760 Inde
1463 733 1582 762 nunc
1614 721 1793 772 dicitur,

300 780 422 833 quod
448 780 581 821 binae
608 780 713 821 illae
739 781 960 835 sphaerae
986 781 1306 823 universaliter
1331 789 1378 824 et
1410 783 1702 836 singulariter
1725 785 1795 826 in·-

299 843 457 884 fluant.

384 908 523 961 389.
554 905 690 960 Quod
713 907 933 962 sphaerae
956 908 1225 961 procreandi
1251 921 1304 950 ac
1330 909 1510 950 tutandi
1537 916 1794 964 procreata,

302 984 381 1011 seu
412 970 633 1024 sphaerae
665 973 831 1012 amoris
862 972 1132 1025 conjugialis
1169 979 1216 1013 et
1258 974 1426 1013 amoris
1456 973 1694 1023 infantum,
1727 975 1796 1015 in-

300 1034 443 1075 fluant
463 1035 508 1075 in
527 1036 679 1076 omnia
696 1035 811 1077 caeli
835 1042 881 1077 et
904 1037 948 1077 in
966 1037 1118 1077 omnia
1137 1037 1305 1084 mundi,
1325 1050 1351 1077 a
1373 1037 1526 1091 primis
1543 1038 1600 1079 ad
1619 1037 1795 1087 ultima,

302 1103 374 1139 est
400 1099 504 1152 quia
526 1097 703 1148 cuncta,
728 1113 844 1153 quae
870 1099 1127 1152 procedunt
1153 1113 1180 1141 a
1206 1099 1422 1150 Domino,
1447 1114 1526 1141 seu
1551 1115 1578 1142 a
1603 1100 1700 1143 sole
1722 1101 1797 1155 qui

302 1161 360 1202 ab
387 1161 493 1215 Ipso
520 1168 606 1211 est,
634 1168 680 1203 et
713 1163 756 1203 in
785 1177 874 1216 quo
902 1163 1020 1216 Ipse,
1045 1169 1288 1204 transeunt
1312 1164 1570 1215 universum
1593 1170 1797 1205 creatum

302 1238 444 1279 usque
467 1226 524 1266 ad
548 1227 749 1274 omnium
768 1226 929 1267 ultima
947 1225 1041 1279 ejus
1059 1240 1068 1277 ;
1101 1239 1238 1267 causa
1260 1232 1343 1275 est,
1363 1228 1467 1281 quia
1483 1227 1664 1277 Divina,
1683 1241 1799 1282 quae

300 1288 346 1331 in
368 1290 689 1342 progressione
711 1296 935 1331 vocantur
956 1289 1176 1331 caelestia
1201 1296 1248 1331 et
1275 1290 1539 1344 spiritualia,
1564 1295 1669 1331 sunt
1693 1303 1798 1344 spa·

301 1353 353 1394 tii
378 1359 425 1394 et
452 1353 672 1406 temporis
694 1354 931 1407 expertia;
964 1353 1085 1408 quod
1107 1353 1163 1395 de
1189 1353 1498 1407 spiritualibus
1520 1353 1646 1395 nulla
1667 1367 1798 1408 prae-

302 1417 472 1458 dicatio
487 1417 671 1457 extensi
690 1417 764 1466 sit,
781 1417 884 1470 quia
901 1417 1025 1458 nulla
1043 1418 1180 1471 spatii
1198 1424 1244 1458 et
1263 1418 1498 1470 temporis,
1517 1423 1679 1458 notum
1697 1424 1768 1460 est
1787 1430 1798 1469 ;

302 1480 408 1521 inde
427 1487 512 1530 est,
530 1480 651 1533 quod
670 1481 882 1534 quicquid
907 1481 1114 1534 procedit
1136 1494 1163 1522 a
1185 1481 1399 1530 Domino,
1418 1481 1463 1521 in
1485 1482 1676 1522 instanti
1693 1482 1752 1523 sit
1773 1495 1802 1523 a

302 1545 457 1599 primis
479 1545 524 1585 in
548 1543 719 1585 ultimis
737 1558 746 1587 :
779 1544 900 1598 quod
924 1544 1118 1598 sphaera
1139 1545 1305 1585 amoris
1324 1544 1592 1598 conjugialis
1614 1546 1680 1586 ita
1701 1545 1800 1586 uni·

303 1607 493 1649 versalis
525 1608 599 1656 sit,
632 1607 842 1648 videatur
873 1621 1008 1661 supra
1042 1606 1104 1661 (n.
1133 1606 1364 1661 222—225).
1426 1607 1561 1660 Quod
1593 1607 1803 1649 similiter

304 1671 501 1726 sphaera
529 1671 698 1711 amoris
729 1670 974 1720 infantum,
1008 1677 1140 1724 patet
1171 1685 1232 1712 ex
1265 1671 1345 1712 illo
1377 1684 1532 1712 amore
1571 1671 1617 1712 in
1655 1670 1799 1720 caelo,

305 1736 380 1779 ubi
411 1734 609 1775 infantes
650 1748 674 1775 e
711 1735 843 1775 terris
875 1739 1008 1785 sunt;
1057 1748 1207 1787 exque
1238 1733 1317 1774 illo
1349 1747 1504 1774 amore
1543 1733 1588 1774 in
1629 1733 1801 1775 mundo

305 1799 425 1853 apud
454 1799 679 1846 homines,
713 1798 833 1851 apud
865 1799 1036 1839 bestias
1069 1803 1117 1838 et
1158 1811 1280 1847 aves,
1314 1803 1565 1850 serpentes,
1598 1795 1798 1838 insecta:

305 1862 434 1915 hujus
460 1862 626 1906 amoris
652 1861 851 1914 analoga
877 1862 1017 1902 etiam
1041 1861 1208 1902 dantur
1233 1861 1277 1901 in
1303 1861 1456 1913 regnis
1479 1859 1726 1913 vegetabili
1751 1866 1800 1901 et

307 1926 539 1976 minerali;
572 1926 616 1965 in
639 1924 905 1977 vegetabili,
925 1925 1046 1978 quod
1070 1925 1245 1965 semina
1263 1924 1580 1964 custodiantur
1602 1924 1799 1976 putami-

308 1990 438 2030 nibus
465 1989 582 2029 sicut
609 1988 772 2037 fasciis,
800 2001 851 2028 ac
884 1988 1069 2040 insuper
1099 1987 1144 2027 in
1171 1985 1313 2028 fructu
1340 1987 1458 2027 sicut
1490 1987 1534 2026 in
1567 1986 1719 2035 domo,
1747 1999 1800 2028 ac

308 2053 562 2094 nutriantur
602 2064 739 2091 succo
770 2051 887 2092 sicut
928 2049 1078 2112 lacte;
1125 2050 1246 2103 quod
1278 2049 1446 2103 aliquid
1479 2049 1624 2090 simile
1656 2050 1715 2090 sit
1755 2050 1800 2090 in

307 2116 506 2165 mineris,
544 2121 675 2168 patet
708 2129 734 2155 a
770 2114 1034 2155 matricibus
1067 2118 1114 2154 et
1152 2113 1312 2162 thecis,
1346 2114 1390 2154 in
1431 2113 1592 2166 quibus
1624 2113 1802 2155 nobiles

308 2192 533 2234 gemmae,
562 2185 609 2219 et
635 2178 804 2219 nobilia
831 2176 1033 2226 metalla,
1057 2177 1367 2218 reconduntur
1393 2183 1440 2217 et
1468 2177 1800 2218 custodiuntur.

392 2253 534 2297 390.
575 2241 710 2294 Quod
750 2241 944 2295 sphaera
979 2240 1262 2294 procreandi,
1302 2246 1349 2281 et
1390 2239 1584 2293 sphaera
1620 2241 1802 2282 tutandi

307 2312 562 2362 procreata,
590 2306 634 2346 in
666 2306 883 2346 continua
908 2304 1022 2345 serie
1054 2316 1191 2344 unum
1223 2303 1408 2351 saciant,
1436 2309 1508 2344 est
1541 2304 1644 2364 quia
1674 2316 1803 2346 amor

308 2369 578 2426 procreandi
609 2369 903 2410 continuatur
942 2367 986 2408 in
1019 2379 1221 2408 amorem
1253 2367 1506 2420 procreati:
1553 2366 1698 2420 qualis
1729 2373 1802 2409 est

308 2448 436 2477 amor
472 2433 740 2487 procreandi
777 2430 1071 2485 cognoscitur
1110 2443 1171 2471 ex
1210 2429 1303 2482 ejus
1334 2428 1548 2482 jucundo,
1583 2430 1703 2484 quod
1741 2430 1802 2471 sit

308 2497 649 2552 supereminens
675 2501 722 2536 et
748 2494 1105 2536 transcendens:
1144 2493 1188 2533 in
1215 2492 1295 2533 illo
1320 2499 1391 2533 est
1416 2499 1567 2535 status
1590 2506 1800 2546 procrea·

309 2562 447 2605 tionis
484 2560 603 2614 apud
643 2560 777 2607 viros,
811 2571 863 2599 ac
901 2557 1143 2610 insigniter
1181 2562 1333 2597 status
1369 2556 1645 2610 receptionis
1681 2555 1802 2610 apud

310 2625 535 2667 mulieres.
598 2622 700 2663 Hoc
729 2634 903 2662 summe
920 2620 1168 2674 jucundum
1190 2633 1292 2660 cum
1319 2633 1400 2660 suo
1427 2632 1580 2660 amore
1602 2620 1803 2673 sequitur

309 2689 354 2730 in
381 2693 576 2742 partum,
602 2693 648 2727 et
675 2686 735 2726 ibi
761 2699 810 2726 se
837 2684 1013 2738 implet.

393 2760 526 2806 391.
560 2747 657 2804 (iv.)
694 2747 822 2800 Quod
846 2747 1041 2801 sphaera
1068 2744 1236 2787 amoris
1261 2745 1496 2798 infantum,
1522 2745 1586 2786 sit
1607 2744 1804 2798 sphaera

311 2815 473 2857 tutelae
500 2820 544 2855 et
579 2812 915 2854 sustentationis
954 2810 1146 2858 illorum,
1178 2809 1259 2863 qm·
1290 2809 1550 2862 semetipSos
1581 2807 1728 2850 tutari
1761 2814 1804 2849 et

312 2884 563 2921 sustentare
586 2875 1006 2930 nequeunt.-Quod
1037 2874 1327 2928 operationes
1354 2885 1512 2917 usuum
1545 2886 1570 2914 a
1602 2872 1803 2913 Domino

313 2956 393 2997 per
415 2941 631 2996 sphaeras
650 2940 951 2994 procedentes
973 2938 1032 2980 ab
1054 2937 1174 2991 Ipso,
1195 2937 1286 2978 sint
1310 2936 1475 2977 Divina
1496 2935 1800 2990 providentia,

315 3019 449 3060 supra
492 3004 553 3060 (n.
582 3003 684 3058 386)
719 3001 888 3044 dictum
920 3007 1020 3055 est;
1079 3000 1191 3042 haec
1224 3000 1378 3055 itaque
1410 2999 1682 3054 intelligitur
1721 3010 1802 3052 per
