2014 3386
578 329 646 364 DE
678 327 859 362 AMORE
890 314 1322 370 CONJUGIAL1.—N.'
1351 324 1412 368 15.
1695 325 1746 368 19

245 446 345 482 caeli
362 451 456 482 sunt
473 443 623 480 formae
637 440 994 489 repraesentativae
1009 451 1077 475 seu
1095 438 1180 486 typi
1198 437 1493 474 beatitudinum
1513 436 1744 473 caelestium

247 501 288 535 in
316 499 398 535 suis
423 497 664 544 originibus;
690 502 731 531 et
756 495 850 542 quia
877 494 1049 529 influxus
1078 493 1220 528 harum
1248 491 1545 527 beatitudinum
1574 491 1746 536 elevavit

247 558 403 588 mentes
422 557 587 590 vestras,
605 548 859 587 clamavistis.
879 552 892 571 ⁴·
902 547 960 582 En
981 546 1136 582 caelum
1163 545 1203 580 in
1229 544 1358 580 forma
1374 544 1395 586 ;'
1419 550 1462 579 at
1483 543 1550 584 illi,
1568 543 1636 590 qui
1663 554 1745 578 non

245 604 444 651 recipiunt
461 603 572 638 illum
591 602 796 642 influxum,
814 599 996 646 spectant
1014 598 1260 645 paradisiaca
1277 598 1376 633 haec
1393 608 1473 633 non
1492 597 1608 632 aliter
1625 607 1744 643 quam

245 657 464 698 silvestria3
489 662 531 692 et
547 666 687 694 omnes
706 654 761 689 illi
781 653 978 699 recipiunt
996 652 1200 692 influxum,
1215 651 1285 697 qui
1308 651 1348 686 in
1369 661 1505 686 amore
1522 661 1618 685 usus
1632 657 1746 690 sunt;

245 717 287 746 at
308 710 420 745 illum
446 720 526 745 non
548 708 759 754 recipiunt.
779 706 847 753 qui
874 706 914 741 in
936 716 1072 741 amore
1097 704 1247 751 gloriae
1273 710 1378 745 sunt,
1400 709 1441 739 et
1462 713 1542 738 non
1563 713 1614 738 ex
1634 702 1746 738 usu.’'

247 763 395 799 Postea
411 761 598 808 exposuit
612 767 653 797 et
670 760 820 801 docuit,
834 759 930 806 quid
950 758 1108 805 singula
1124 757 1231 793 horti
1250 756 1367 793 istius
1393 756 1746 803 repraesentabant

245 823 287 853 et
304 815 594 862 significabant.

317 877 395 917 14.
430 868 532 904 Cum
547 867 587 903 in
605 867 669 903 his
685 872 809 907 erant,
823 865 935 902 venit
949 864 1114 900 nuntius
1127 875 1151 900 a
1164 863 1354 910 principe,
1368 862 1436 909 qui
1456 862 1642 898 invitavit
1656 861 1746 897 illos

246 922 297 958 ad
323 921 614 958 comedendum
642 930 785 966 panem
806 930 964 960 secum3
990 924 1031 954 et
1052 918 1170 953 simul
1195 924 1294 952 tunc
1311 917 1393 952 duo
1419 916 1612 952 satellites
1632 915 1745 950 aulae

246 975 513 1021 apportabant
532 980 665 1009 vestes
686 972 803 1019 byssi,
825 978 867 1008 et
892 971 1090 1011 dixerunt,
1113 970 1305 1006 “Induite
1331 970 1413 1011 has,
1435 969 1530 1016 quia
1550 979 1669 1004 nemo
1694 969 1745 1004 ad

246 1039 425 1064 mensam
443 1026 632 1073 principis
643 1025 872 1061 admittitur
885 1024 960 1060 nisi
975 1024 1139 1060 indutus
1151 1023 1329 1059 vestibus
1343 1022 1480 1058 caeli.”

320 1081 370 1116 Et
390 1080 648 1116 accinxerunt
668 1090 721 1120 se,
737 1085 779 1114 et
799 1077 979 1114 comitati
997 1084 1091 1113 sunt
1108 1077 1294 1124 angelum
1313 1087 1441 1116 suum,
1457 1081 1498 1111 et
1516 1075 1746 1110 introduce-

246 1134 393 1170 bantur
410 1134 450 1168 in
469 1133 721 1179 hypethrum‚
740 1130 1047 1167 ambulatorium
1067 1130 1214 1176 palatii,
1233 1136 1274 1165 et
1295 1128 1578 1175 exspec'tabant
1599 1127 1745 1174 princi·

247 1198 361 1234 pem:
394 1193 435 1222 et
461 1186 514 1221 ibi
540 1185 704 1232 angelus
732 1184 949 1220 Insertabat
970 1183 1060 1219 illos
1077 1182 1291 1219 consortiis
1312 1194 1402 1218 curn
1425 1181 1678 1229 magnatibus
1705 1187 1746 1216 et

247 1239 576 1279 moderatoribus,
590 1237 658 1284 qui
676 1238 798 1273 etiam
820 1237 1168 1283 praestolabantur
1188 1236 1420 1283 principem.
1472 1235 1523 1271 Et
1543 1245 1635 1271 ecce
1654 1241 1746 1281 post

246 1293 427 1328 horulam
443 1298 603 1338 apertae
620 1297 714 1326 sunt
731 1290 848 1332 fores,
862 1297 903 1326 et
917 1301 987 1336 per
1003 1301 1123 1325 unam
1142 1289 1326 1325 latiorem
1343 1290 1393 1325 ab
1411 1288 1621 1324 occidente
1634 1288 1746 1323 vide-

246 1352 340 1381 runt
353 1346 439 1392 ejus
455 1344 662 1380 introitum
678 1344 717 1379 in
733 1343 873 1379 ordine
886 1350 927 1379 et
942 1354 1088 1389 pompa
1101 1342 1387 1389 processionis:
1412 1342 1618 1389 praeibant
1633 1341 1744 1376 illum

246 1398 499 1437 consiliariia
511 1398 646 1438 latere,
661 1403 753 1443 post
767 1397 841 1432 hos
855 1396 1069 1432 consiliarii
1087 1407 1110 1432 a
1127 1396 1306 1436 cameris,
1321 1402 1362 1431 et
1375 1402 1467 1441 post
1480 1395 1554 1430 hos
1568 1394 1745 1441 primarii

246 1463 297 1488 ex
316 1452 427 1493 aula;
453 1451 494 1486 in
515 1451 659 1486 horum
681 1449 814 1485 medio
836 1448 914 1484 fuit
937 1449 1132 1496 princeps,
1159 1455 1200 1485 et
1222 1455 1314 1495 post
1335 1449 1446 1484 illum
1471 1448 1589 1484 aulici
1612 1447 1745 1483 variae

246 1505 525 1546 distinctionis,
539 1511 581 1540 et
597 1503 742 1539 ultimo
760 1504 973 1546 satellites3
999 1514 1140 1540 omnes
1157 1502 1433 1539 connumerati
1451 1502 1502 1538 ad
1523 1508 1685 1538 centum
1705 1508 1746 1537 et

245 1559 403 1606 viginti.

319 1612 500 1659 Angelus
518 1618 628 1648 stans
646 1618 739 1648 ante
758 1612 895 1647 decem
918 1621 1045 1647 novos
1066 1610 1250 1651 advenas,
1269 1620 1318 1646 ex
1337 1608 1487 1645 vestitu
1507 1614 1607 1643 tunc
1626 1617 1746 1653 appa-

249 1672 383 1701 rentes
414 1672 460 1701 ut
486 1665 680 1712 inquilini,
700 1665 867 1701 accessit
892 1675 983 1700 curn
1012 1664 1090 1699 illis
1115 1664 1165 1699 ad
1194 1662 1425 1709 principem,
1451 1668 1492 1697 et
1518 1667 1746 1696 reverenter

246 1718 417 1754 adduxit
443 1719 552 1760 illos3
578 1725 619 1754 et
645 1718 827 1765 princeps
854 1718 894 1753 in
921 1717 1177 1764 procedendo
1204 1727 1285 1751 non
1313 1722 1502 1755 moratus,
1528 1714 1630 1750 dixit
1656 1714 1745 1754 illis,

247 1777 267 1789 “
279 1771 424 1807 Venite
442 1782 598 1807 mecum
616 1771 665 1807 ad
686 1771 866 1817 panem.''

319 1824 370 1859 Et
391 1824 516 1860 secuti
534 1831 628 1860 sunt
647 1824 687 1859 in
705 1824 934 1864 triclinium,
950 1829 992 1859 et
1004 1822 1193 1859 viderunt
1206 1833 1383 1858 mensam
1398 1820 1608 1867 magnifice
1625 1830 1746 1866 appa-

246 1883 384 1918 ratam,
411 1877 451 1912 in
482 1877 616 1913 medio
641 1877 728 1924 ejus
754 1877 950 1912 excelsam
981 1876 1227 1923 pyramidem
1257 1886 1306 1910 ex
1335 1886 1432 1910 auro
1459 1885 1551 1910 cum
1580 1880 1744 1909 centum

247 1930 423 1966 scutellis
454 1930 494 1965 in
523 1930 669 1976 triplici
700 1930 842 1966 ordine
875 1940 994 1976 super
1019 1929 1160 1972 formis
1189 1928 1283 1969 suis,
1314 1939 1433 1974 super
1458 1927 1602 1974 quibus
1631 1933 1746 1962 erant

247 1994 370 2030 panes
390 1983 622 2024 saccharini,
644 1990 685 2019 et
706 1990 838 2019 musta
856 1983 1042 2018 vinorum
1064 1988 1262 2022 concreta,
1283 1992 1374 2016 cum
1395 1980 1483 2016 aliis
1508 1979 1675 2015 lautitiis
1695 1990 1746 2014 ex

247 2047 349 2082 pane
374 2042 415 2072 et
436 2036 530 2072 vino
551 2035 764 2072 confectis:
789 2047 835 2071 ac
855 2047 927 2082 per
947 2035 1119 2070 mediam
1146 2034 1392 2081 pyramidem
1414 2033 1621 2069 scaturivit
1641 2033 1746 2069 sicut

247 2089 338 2125 fons
355 2089 500 2125 saliens
518 2100 608 2124 cum
627 2089 722 2124 vino
741 2088 936 2129 nectareo,
956 2088 1070 2134 cujus
1087 2098 1190 2123 vena
1206 2099 1255 2123 ex
1276 2087 1507 2123 summitate
1530 2085 1746 2133 pyramidis

246 2142 434 2188 dispersit
450 2153 503 2183 se,
522 2149 563 2177 et
580 2143 747 2189 cyathos
767 2141 959 2188 implevit.
1010 2141 1075 2176 Ad
1095 2141 1221 2176 latera
1237 2140 1358 2186 hujus
1375 2140 1554 2176 excelsae
1575 2139 1746 2186 pyrami-

246 2195 309 2231 dis
326 2202 439 2231 erant
451 2195 584 2230 variae
602 2195 752 2230 formae
766 2195 958 2230 caelestes
976 2205 1024 2230 ex
1042 2204 1150 2234 aur0,
1165 2204 1284 2239 super
1297 2193 1441 2239 quibus
1455 2199 1568 2228 erant
1586 2193 1746 2239 patinae

246 2255 287 2284 et
313 2248 482 2294 patellae
512 2248 610 2284 cibis
637 2248 769 2283 omnis
796 2247 954 2294 generis
985 2246 1175 2283 refertae:
1211 2247 1364 2282 formae
1397 2246 1600 2286 caelestes,
1627 2256 1747 2292 super

247 2299 392 2347 quibus
413 2301 574 2347 patinae
595 2307 636 2336 et
658 2301 838 2347 patellae,
859 2306 972 2336 erant
993 2300 1144 2336 formae
1165 2299 1261 2336 artis
1282 2311 1331 2335 ex
1352 2299 1559 2345 sapientia,
1581 2309 1683 2344 quae
1705 2298 1745 2333 in

247 2354 399 2389 mundo
421 2365 501 2389 non
521 2354 655 2399 aliqua
675 2360 759 2389 arte
781 2353 943 2394 exarari,
963 2364 1036 2388 nec
1055 2363 1155 2388 voce
1177 2352 1346 2388 describi
1368 2358 1559 2398 possunt:
1585 2351 1746 2397 patinae

246 2413 288 2442 et
301 2407 470 2452 patellae
484 2413 597 2442 erant
611 2417 659 2442 ex
672 2413 850 2453 argento,
866 2406 1192 2441 circumcaelatae
1207 2406 1402 2441 similibus
1416 2405 1556 2440 formis
1571 2405 1610 2439 in
1626 2404 1746 2450 plano

246 2469 336 2495 cum
355 2459 636 2495 sustentaculis
649 2459 751 2500 suis;
773 2458 907 2506 cyathi
925 2465 1039 2494 erant
1052 2470 1101 2495 ex
1114 2459 1284 2506 gemmis
1299 2458 1602 2505 pellucentibus.
1638 2457 1746 2492 Talis

247 2519 333 2548 erat
349 2519 562 2558 apparatus
582 2523 753 2548 mensae.

318 2572 397 2612 15.
432 2564 616 2601 Amit‘tus
629 2571 762 2600 autem
778 2564 967 2611 principis
982 2570 1023 2600 et
1035 2564 1121 2610 ejus
1134 2564 1407 2600 ministrorum
1422 2571 1506 2599 erat
1518 2563 1594 2599 hic.
1632 2562 1746 2598 Prin-

247 2629 341 2665 ceps
363 2620 526 2655 indutus
547 2625 632 2655 erat
652 2618 767 2654 talari
793 2619 937 2654 coloris
964 2618 1162 2664 purpurei,
1182 2618 1376 2664 insignito
1401 2618 1528 2653 stellis
1553 2615 1746 2663 acupiftis

248 2673 394 2709 coloris
420 2673 620 2720 argentei:
654 2673 728 2708 sub
756 2672 871 2707 talari
899 2671 1054 2708 cin-stus
1081 2679 1167 2708 erat
1193 2672 1330 2707 tunica
1354 2682 1405 2707 ex
1431 2671 1559 2707 serico
1586 2671 1745 2705 lucente

248 2726 393 2762 coloris
410 2726 680 2773 hyacinthini;
707 2726 806 2762 haec
823 2732 909 2762 erat
925 2726 1030 2762 circa
1048 2725 1186 2772 peetus
1204 2732 1352 2772 aperta,
1370 2725 1437 2760 ubi
1457 2725 1634 2760 anterior
1654 2734 1745 2769 pars

249 2779 455 2824 cujusdam
481 2790 606 2815 zonae
631 2791 722 2815 cum
750 2779 895 2825 insigni
921 2790 1015 2814 suae
1036 2779 1240 2814 societatis
1260 2779 1346 2814 visa
1371 2785 1454 2819 est:
1480 2778 1635 2824 insigne
1660 2783 1745 2811 erat

249 2830 381 2876 aquila
400 2842 519 2878 super
539 2832 657 2878 pullis
685 2832 723 2867 in
745 2833 894 2868 vertice
919 2832 1070 2867 arboris
1092 2832 1263 2867 cubans:
1289 2832 1367 2866 hoc
1387 2837 1472 2867 erat
1493 2842 1541 2866 ex
1566 2829 1744 2875 fulgente

250 2893 346 2918 auro
364 2883 646 2920 circumcineto
664 2885 954 2920 adamantibus.
1004 2884 1229 2920 Consiliarii
1252 2895 1275 2919 a
1291 2884 1416 2919 latere
1435 2889 1548 2919 erant
1566 2893 1646 2917 non
1665 2882 1745 2917 dis·

249 2935 432 2971 similiter
460 2936 606 2977 amic’ti,
639 2938 709 2973 sed
739 2938 888 2984 absque
920 2937 987 2972 illo
1018 2937 1184 2983 insigni;
1221 2937 1312 2972 loco
1342 2937 1428 2983 ejus
1458 2942 1570 2971 erant
1598 2934 1743 2980 sculpti

250 2988 425 3035 sapphiri
450 2999 472 3025 e
497 2990 601 3026 collo
626 3001 675 3026 ex
699 3001 820 3027 aureo
841 2997 984 3037 torque
1005 2991 1238 3037 pendentes·
1288 2989 1420 3025 Aulici
1443 2995 1555 3025 erant
1579 2989 1617 3024 in
1638 2988 1744 3034 togis

1748 388 1753 409 l
