2014 3386
296 313 352 356 88
759 322 1002 357 DELICIAE
1032 323 1338 359 SAPIENTIAE

294 449 473 491 quoque
499 435 619 491 apud
644 436 864 491 angelos:
895 437 1035 479 homo
1060 437 1180 480 enim
1206 452 1411 481 crescere
1432 445 1589 495 potest
1611 440 1792 496 sapien·

294 501 358 541 tia
383 500 441 541 ad
472 500 609 552 finem
634 501 759 543 vitae
785 513 894 543 suae
924 502 969 542 in
1000 502 1187 552 mundo,
1215 509 1263 544 et
1290 509 1455 557 postea
1479 505 1525 546 in
1551 511 1792 547 aeternum

291 563 337 604 in
368 563 521 605 caelo:
564 570 611 606 et
643 570 863 618 quantum
889 565 1052 606 crescit
1083 566 1319 619 sapientia,
1347 573 1528 608 tantum
1562 567 1792 621 perficitur

292 625 388 680 ejus
413 626 556 668 forma
571 641 581 678 ;
614 633 661 669 et
686 626 799 669 haec
825 627 969 669 forma
994 641 1087 669 non
1113 629 1272 682 recipit
1298 643 1500 672 amorem
1526 645 1680 681 sexuS,
1707 632 1790 673 sed

291 703 493 731 amorem
511 691 639 732 unius
656 705 681 732 e
698 705 814 732 sexu
833 704 843 743 ;
876 704 979 732 cum
995 691 1081 732 hac
1099 692 1219 733 enirn
1238 699 1393 746 potest
1411 695 1522 735 uniri
1539 695 1596 736 ad
1613 695 1788 746 intima,

290 753 337 794 in
368 754 529 807 quibus
560 760 631 796 est
663 753 840 795 caelum
865 767 968 796 cum
993 755 1083 796 suis
1113 755 1330 807 felicibus,
1358 763 1405 799 et
1436 757 1549 799 haec
1581 759 1687 800 unio
1717 765 1790 801 est

289 818 456 858 amoris
483 816 764 871 conjugialis.

376 890 475 934 94.
518 879 617 935 (vi.)
664 880 795 932 Quod
822 894 950 923 amor
993 895 1127 937 sexus
1160 882 1223 923 sit
1255 883 1432 924 externi
1456 898 1532 925 seu
1561 885 1787 927 naturalis

290 942 496 993 hominis,
514 950 558 985 et
573 944 692 997 quod
702 944 803 985 inde
817 944 888 985 hic
902 944 965 986 sit
979 945 1217 986 communis
1233 946 1356 986 omni
1366 946 1787 990 anz'malz'.—Omnis

290 1006 431 1048 homo
457 1007 658 1048 nascitur
679 1021 936 1061 corporeuS,
961 1014 1008 1049 et
1034 1007 1084 1050 fit
1110 1009 1296 1050 interius
1318 1016 1364 1050 et
1390 1010 1577 1051 interius
1599 1017 1785 1053 natura-

287 1069 358 1120 lis,
385 1076 432 1111 et
457 1070 574 1112 sicut
599 1076 723 1112 amat
749 1070 1103 1124 intelligentiam
1129 1070 1179 1113 fit
1205 1072 1456 1122 rationalis,
1482 1079 1530 1115 et
1556 1080 1719 1126 postea
1748 1075 1785 1116 si

287 1139 413 1175 amat
445 1134 717 1187 sapientiam
749 1133 799 1176 fit
831 1134 1105 1188 spiritualis;
1145 1135 1251 1189 quid
1283 1136 1508 1189 sapientia
1538 1150 1617 1190 per
1647 1151 1783 1191 quam

285 1196 425 1238 homo
452 1196 502 1238 fit
524 1197 782 1250 spiritualis,
807 1197 852 1238 in
879 1198 1173 1252 sequentibus
1199 1197 1261 1252 (n.
1285 1198 1382 1253 130)
1411 1199 1598 1241 dicetur.
1651 1199 1784 1243 Nunc

286 1261 402 1302 sicut
428 1260 568 1302 homo
591 1260 882 1314 progreditur
911 1274 938 1302 a
963 1261 1155 1303 scientia
1179 1262 1225 1302 in
1250 1261 1620 1315 intelligentiam,
1648 1269 1696 1306 et
1727 1264 1786 1305 ab

285 1323 370 1365 hac
393 1324 437 1365 in
459 1324 747 1377 sapientiam,
766 1324 830 1365 ita
853 1324 991 1366 etiarn
1008 1338 1137 1366 mens
1155 1324 1247 1379 ejus
1265 1331 1412 1367 mutat
1429 1339 1556 1366 suam
1576 1326 1782 1377 formam,

285 1388 486 1442 aperitur
511 1388 630 1429 enim
657 1387 757 1441 plus
789 1394 836 1430 et
876 1388 991 1441 plus,
1019 1402 1071 1429 ac
1104 1389 1285 1443 propius
1325 1403 1373 1430 se
1413 1387 1648 1443 conjungit
1679 1403 1783 1432 cum

286 1451 429 1501 caelo,
458 1457 505 1493 et
531 1465 611 1504 per
636 1451 813 1492 caelum
839 1465 941 1493 cum
969 1452 1193 1504 Domino;
1230 1452 1336 1493 inde
1362 1451 1412 1494 fit
1443 1453 1670 1495 amantior
1689 1454 1784 1495 veri

284 1521 331 1556 et
354 1515 598 1559 studiosior
614 1514 722 1556 boni
738 1515 874 1556 vitae.
934 1514 980 1556 Si
1002 1515 1155 1569 itaque
1173 1515 1379 1556 subsistit
1400 1516 1445 1556 in
1467 1516 1612 1569 primo
1630 1515 1783 1559 limine

283 1577 329 1619 in
361 1578 679 1631 progressione
715 1578 774 1619 ad
810 1578 1095 1631 sapientiam,
1128 1585 1284 1620 manet
1315 1578 1459 1620 forma
1490 1579 1657 1620 mentis
1687 1579 1782 1632 ejus

284 1641 516 1690 naturalis,
556 1647 604 1683 et
643 1641 756 1682 haec
790 1642 950 1695 recipit
986 1642 1206 1683 influxum
1243 1641 1462 1696 sphaerae
1499 1642 1779 1692 universalis,

283 1718 398 1758 quae
424 1710 494 1745 est
526 1704 722 1758 conjugii
753 1704 862 1746 boni
893 1711 941 1747 et
971 1705 1078 1754 veri,
1108 1718 1198 1746 non
1229 1705 1363 1746 aliter
1392 1718 1527 1759 quam
1558 1706 1781 1759 recipiunt

281 1768 408 1809 illum
434 1766 635 1821 subjecta
659 1768 868 1810 inferiora
892 1770 1020 1822 regni
1045 1768 1267 1818 animalis,
1292 1782 1405 1823 quae
1427 1775 1650 1810 vocantur
1674 1769 1779 1810 bes-

282 1832 372 1873 tiae
398 1837 445 1872 et
470 1845 604 1882 aves;
637 1845 752 1885 quae
778 1832 880 1885 quia
906 1845 1027 1872 mere
1054 1831 1285 1873 naturales
1310 1838 1431 1881 sunt,
1455 1831 1505 1873 fit
1536 1831 1614 1873 ille
1638 1832 1779 1875 homo

280 1895 368 1936 illis
390 1894 562 1944 similis,
586 1901 632 1935 et
655 1895 718 1935 sic
741 1895 1038 1936 consimiliter
1059 1901 1182 1936 amat
1204 1909 1366 1936 sexum
1389 1897 1505 1937 sicut
1527 1895 1644 1937 illae.
1705 1896 1780 1938 Ita

279 1958 550 2011 intelligitur
576 1957 679 2007 hoc,
704 1958 824 2011 quod
851 1972 977 2000 amor
999 1972 1136 1999 sexus
1163 1959 1221 2000 sit
1247 1960 1428 2001 externi
1454 1974 1533 2001 seu
1559 1960 1778 2002 naturalis

279 2021 474 2063 hominis
499 2028 546 2062 et
572 2021 693 2075 quod
719 2021 825 2063 inde
850 2021 926 2063 ille
952 2022 1010 2063 sit
1033 2023 1286 2063 communis
1311 2023 1434 2064 omni
1460 2022 1655 2065 animali.

363 2095 460 2140 95.
494 2083 606 2138 (vii.)
641 2083 735 2125 Sed
752 2085 872 2138 quod
888 2099 1014 2126 amor
1033 2085 1291 2139 conjugialis
1313 2085 1375 2126 sit
1394 2086 1562 2127 interni
1581 2100 1657 2127 seu
1681 2086 1777 2139 spi-

279 2148 462 2190 ritualis
488 2147 713 2196 homz'nz‘s,·
753 2154 796 2189 et
824 2148 944 2201 quod
968 2147 1039 2189 lzz'c
1068 2149 1134 2189 sit
1156 2149 1373 2202 proprius
1397 2148 1776 2203 lzomz'nz'.—Quod

277 2225 405 2253 amor
422 2211 690 2265 conjugialis
712 2211 771 2252 sit
793 2211 959 2252 interni
982 2226 1060 2253 seu
1082 2212 1327 2265 spiritualis
1348 2212 1556 2262 hominis,
1576 2219 1647 2254 est
1669 2213 1774 2267 quia

277 2289 365 2330 quo
391 2274 491 2329 plus
516 2275 654 2316 homo
686 2274 736 2316 fit
768 2275 1032 2328 intelligens
1064 2282 1110 2317 et
1142 2276 1336 2329 sapiens,
1364 2290 1419 2317 eo
1458 2275 1559 2329 plus
1583 2274 1681 2332 [¹³fit,
1701 2277 1770 2317 in—

277 2345 433 2380 ternus
465 2352 544 2379 seu
576 2337 848 2391 spiritualis;
891 2345 938 2380 et
979 2353 1034 2380 eo
1070 2338 1173 2392 plus
1205 2338 1434 2392 perficitur
1469 2337 1564 2391 ejus
1602 2340 1770 2381 mentis

275 2402 432 2451 forma,
457 2408 504 2443 et
526 2401 639 2442 haec
662 2401 806 2442 forma
827 2403 987 2456 recipit
1011 2415 1213 2443 amorem
1237 2402 1554 2456 conjugialem,
1579 2403 1770 2456 percipit

276 2466 397 2506 enim
424 2471 470 2506 et
492 2465 635 2505 sentit
661 2465 705 2505 in
732 2464 819 2505 hoc
837 2463 1086 2516 jucundum
1109 2465 1355 2519 spirituale,
1375 2465 1495 2519 quod
1518 2465 1639 2506 intus
1661 2465 1770 2506 bea-

275 2527 495 2569 tificatum
518 2533 602 2576 est,
627 2533 674 2568 et
700 2541 759 2568 ex
789 2527 875 2568 hoc
894 2525 1142 2579 jucundum
1165 2527 1387 2577 naturale,
1411 2527 1532 2581 quod
1554 2528 1767 2578 animam,

275 2591 418 2633 vitam
444 2597 491 2632 et
517 2591 765 2631 essentiam
793 2591 933 2632 trahit
960 2605 1019 2632 ex
1052 2591 1143 2632 illo.

358 2655 460 2708 96.
497 2652 631 2707 Quod
649 2667 776 2695 amor
792 2652 1057 2707 conjugialis
1080 2655 1138 2695 sit
1156 2654 1360 2707 proprius
1377 2653 1561 2702 homini,
1577 2659 1648 2695 est
1666 2653 1770 2707 quia

275 2717 399 2759 solus
424 2717 562 2758 homo
589 2723 744 2770 potest
767 2718 1008 2770 spiritualis
1035 2716 1140 2765 fieri,
1165 2723 1318 2771 potest
1341 2717 1459 2757 enim
1482 2715 1768 2758 intellectum

274 2794 404 2822 suum
440 2780 619 2822 elevare
655 2793 790 2833 supra
820 2793 997 2821 amores
1027 2794 1132 2821 suos
1164 2779 1406 2828 naturales,
1440 2786 1487 2820 et
1518 2793 1578 2820 ex
1607 2779 1767 2821 altitu·

274 2844 379 2885 dine
410 2844 488 2886 illa
517 2844 670 2885 videre
706 2843 807 2885 illos
844 2843 955 2884 infra
986 2857 1048 2892 se,
1081 2850 1128 2884 et
1155 2842 1355 2895 judicare
1387 2843 1443 2883 de
1475 2842 1577 2892 illis,
1610 2842 1770 2896 quales

274 2914 396 2956 sunt,
436 2913 484 2949 et
524 2921 702 2961 quoque
735 2907 993 2955 emendare,
1033 2907 1259 2959 castigare
1299 2912 1346 2947 et
1371 2919 1605 2947 removere
1635 2906 1764 2947 illos:

273 2970 362 3012 hoc
395 2984 487 3013 non
518 2977 673 3025 potest
705 2969 844 3011 ullum
876 2970 1057 3020 animal,
1086 2982 1187 3010 narn
1221 2982 1397 3010 amores
1428 2968 1556 3022 hujus
1581 2981 1765 3023 prorsus
