2014 3386
590 348 658 382 DE
683 327 868 380 'AMORE
900 313 1323 389 coNJUG1ALL—Nss
1352 336 1417 376 80.
1726 342 1783 388 77

282 464 406 500 robur
416 462 479 499 vel
497 473 546 498 ex
567 461 821 501 hereditario,
833 460 898 496 vel
916 471 965 496 ex
978 458 1221 499 valetudine,
1235 458 1299 493 vel
1318 469 1367 493 ex
1384 455 1651 503 temperantia
1663 456 1781 496 vitae,

282 518 347 553 vel
367 527 416 552 ex
437 516 568 551 calore
585 514 785 550 climatis?
811 520 851 549 et
872 524 1031 560 quoque
1053 523 1125 558 per
1145 512 1358 558 pharmaca
1379 516 1513 556 potest
1534 509 1781 544 corroborari

281 577 323 606 et
341 568 598 606 exstimulari.
649 568 772 604 Estne
791 567 920 602 simile
935 566 1039 613 apud
1059 565 1219 605 bestias,
1235 564 1429 610 imprimis
1443 563 1548 609 apud
1567 573 1661 598 aves
1679 573 1781 608 quae

282 634 325 659 se
346 629 482 658 amant
503 622 613 668 paria
633 628 674 657 et
695 620 834 667 paria?
885 620 1008 655 Estne
1025 629 1138 654 amor
1160 619 1224 653 ille
1245 617 1443 653 carnalis?
1493 617 1600 664 Quid
1623 617 1782 651 carnale

281 686 495 712 commune
509 676 630 710 habet
643 685 735 710 cum
748 680 855 709 statu
868 672 1063 719 spirituali
1076 670 1293 708 ecclesiae?
1325 671 1432 706 Num
1447 681 1560 705 amor
1571 670 1636 705 ille
1649 669 1781 715 quoad

281 728 468 764 effectum
490 728 675 763 ultimum
705 738 796 762 curn
822 737 946 762 uxore
972 725 1106 761 differt
1127 725 1252 759 hilum
1283 725 1332 759 ab
1357 734 1492 759 amore
1513 723 1646 769 quoad
1670 723 1780 757 illum

281 782 468 818 effectum
495 792 585 817 curn
608 779 845 816 meretrice?
879 780 1001 815 Estne
1027 778 1167 814 similis
1188 777 1324 817 libido,
1347 784 1387 812 et
1413 776 1541 812 simile
1563 775 1782 811 delicium?

282 835 415 883 Quare
434 835 668 880 injuriosum
685 840 746 870 est
759 833 956 869 deducere
970 832 1166 878 originem
1178 831 1325 866 amoris
1339 829 1577 877 conjugialis
1594 840 1618 865 a
1634 828 1782 865 sanc'tis

282 887 511 924 ecclesiae.''

355 941 431 977 His
448 940 597 976 auditis
615 940 788 975 diximus
805 938 855 974 ad
878 938 978 978 illos,
997 943 1018 956 “
1032 937 1344 973 Ratiocinamini
1362 948 1411 972 ex
1430 943 1566 972 oestro
1584 935 1782 976 lasciviae,

281 1001 324 1031 et
342 1006 422 1030 non
441 1005 490 1030 ex
507 1005 642 1029 amore
657 992 874 1039 conjugiali
890 1004 898 1033 ;
926 1002 1088 1038 prorsus
1107 1002 1187 1026 non
1206 990 1316 1026 scitis
1331 991 1428 1036 quid
1443 1001 1557 1025 amor
1570 989 1776 1035 conjugia-

281 1048 340 1089 lis,
355 1047 449 1094 quia
466 1047 583 1094 friget
602 1046 667 1082 ille
681 1046 787 1092 apud
803 1055 896 1081 vos:
921 1056 970 1080 ex
983 1043 1101 1080 dietis
1114 1044 1256 1079 vestris
1270 1043 1494 1079 confirmati
1510 1054 1657 1083 sumus,
1672 1042 1782 1088 quod

281 1112 354 1137 vos
379 1100 467 1136 sitis
496 1111 545 1136 ex
574 1099 735 1135 saeculo
755 1099 862 1145 quod
882 1105 1051 1134 vocatur
1070 1105 1110 1133 et
1139 1097 1324 1133 consistit
1350 1108 1400 1132 ex
1430 1096 1534 1132 ferro
1564 1103 1605 1131 et
1634 1096 1782 1142 argilla,

282 1165 384 1201 quae
402 1165 483 1189 non
495 1153 723 1193 cohaerent,
737 1152 956 1187 secundum
972 1149 1283 1197 praedictionem
1303 1150 1326 1185 a
1342 1150 1510 1185 Daniele
1529 1151 1628 1195 (cap.
1644 1149 1681 1184 ii.
1696 1149 1758 1193 43)
1774 1161 1782 1190 ;

282 1207 413 1243 facitis
438 1207 545 1242 enim
567 1216 743 1241 amorem
770 1204 1036 1251 conjugialem
1067 1211 1108 1240 et
1137 1215 1314 1239 amorem
1341 1203 1623 1242 scortatorium
1645 1214 1781 1237 unum.

284 1260 390 1296 Num
409 1260 450 1295 hi
470 1260 551 1295 duo
563 1260 652 1305 plus
666 1259 882 1294 cohaerent
896 1269 1015 1304 quam
1031 1257 1180 1293 ferrum
1199 1264 1240 1293 et
1258 1257 1396 1303 argilla
1411 1256 1426 1292 ?
1477 1256 1561 1291 Vos
1574 1255 1782 1291 credimini

282 1321 324 1351 et
339 1313 538 1349 vocamini
557 1312 768 1358 sapientes,
783 1318 959 1346 attamen
980 1311 1079 1346 nihil
1095 1311 1226 1346 minus
1245 1322 1363 1357 quam
1382 1310 1587 1355 sapientes
1605 1309 1738 1345 estis.‘'

356 1367 433 1403 His
446 1366 606 1406 auditis,
619 1364 776 1400 accensi
792 1364 848 1399 ira
860 1364 1097 1404 clamabant,
1113 1370 1153 1399 et
1171 1365 1448 1399 convocabant
1460 1364 1629 1403 turbam,
1644 1369 1690 1397 ut
1708 1373 1782 1398 nos
1817 1404 1822 1411 Ι

283 1420 495 1467 ejicerent;
528 1419 599 1455 sed
625 1425 723 1453 tunc
747 1428 796 1453 ex
822 1417 1004 1463 potentia
1028 1417 1143 1453 nobis
1170 1428 1193 1452 a
1220 1416 1396 1452 Domino
1422 1417 1517 1451 data
1537 1415 1783 1451 extensimus

284 1486 436 1515 manus,
455 1481 495 1509 et
516 1485 607 1510 ecce
626 1480 832 1520 presteres,
851 1472 1045 1508 echidnae
1067 1478 1107 1507 et
1128 1471 1289 1519 hydrae,
1308 1478 1349 1506 et
1369 1481 1530 1516 quoque
1548 1471 1740 1504 dracones
1761 1480 1783 1504 e

283 1527 444 1562 deserto
462 1526 639 1566 aderant,
657 1533 698 1561 et
720 1526 971 1565 invadebant,
989 1530 1031 1560 et
1052 1523 1272 1570 implebant
1292 1523 1441 1563 urbem,
1460 1533 1509 1558 ex
1530 1533 1610 1568 quo
1629 1521 1784 1556 habita-

283 1587 391 1616 tores
409 1579 536 1614 territi
555 1578 648 1614 facti
666 1578 918 1624 aufugerunt.

358 1633 408 1668 Et
425 1632 527 1667 dixit
545 1632 642 1667 mihi
661 1632 836 1678 angelus,
852 1635 872 1650 ‘⁴
886 1631 932 1666 In
951 1630 1153 1677 regionem
1172 1628 1275 1664 hanc
1293 1628 1459 1664 cottidie
1474 1628 1671 1663 accedunt
1689 1627 1783 1662 novi

283 1697 306 1722 e
323 1686 477 1726 tellure,
495 1696 542 1721 ac
560 1686 712 1731 priores
730 1696 801 1731 per
817 1684 924 1720 vices
943 1684 1173 1730 relegantur
1190 1689 1231 1718 et
1249 1682 1493 1728 dejiciuntur
1511 1682 1550 1716 in
1568 1681 1779 1727 voragines

284 1739 516 1779 occidentis,
535 1749 636 1784 quae
656 1749 677 1773 e
695 1737 915 1784 longinquo
934 1743 1129 1783 apparent
1146 1736 1249 1772 sicut
1267 1742 1412 1782 stagna
1431 1735 1534 1782 ignis
1555 1741 1596 1770 et
1617 1734 1783 1780 sulphu-

284 1792 359 1833 ris:
384 1803 524 1828 omnes
543 1792 596 1827 ibi
614 1798 709 1827 sunt
726 1798 767 1827 et
785 1790 1012 1837 spirituales
1031 1797 1082 1827 et.
1094 1789 1294 1825 naturales
1315 1788 1525 1824 adulteri.’'

285 1906 386 1952 8ο.
416 1907 612 1950 Sextum
639 1906 939 1950 Memorabile
959 1920 1030 1948 :—

356 1995 457 2033 Cum
476 1996 575 2032 haec
595 1995 704 2032 diesta
719 2002 824 2036 sunt,
843 1994 1018 2042 speclavi
1037 1995 1087 2030 ad
1106 1994 1225 2030 finem
1244 1993 1477 2034 occidentis,
1496 1999 1537 2029 et
1555 2005 1647 2029 ecce
1665 2004 1785 2040 appa-

285 2057 450 2085 ruerunt
470 2050 575 2085 sicut
595 2057 739 2096 stagna
760 2049 862 2096 ignis
883 2056 923 2085 et
944 2048 1165 2095 sulphuris;
1195 2055 1235 2084 et
1256 2047 1435 2094 quaesivi
1453 2048 1651 2094 angelum,
1674 2047 1786 2083 “Cur

284 2110 477 2149 apparent
495 2102 648 2139 inferna
666 2102 718 2138 ibi
736 2102 831 2138 talia
841 2102 881 2138 ?’'

358 2155 595 2202 Respondit,
610 2161 631 2174 ⁴⁴
642 2156 852 2202 Apparent
870 2154 974 2191 sicut
991 2161 1134 2202 stagna
1150 2165 1199 2190 ex
1217 2153 1564 2190 falsificationibus
1577 2153 1672 2194 veri,
1687 2152 1782 2199 quia

284 2219 389 2255 aqua
406 2209 444 2244 in
463 2220 581 2245 sensu
597 2209 792 2255 spirituali
811 2215 872 2244 est
883 2219 1046 2249 verum;
1072 2215 1113 2244 et
1131 2214 1296 2254 apparet
1310 2208 1414 2243 sicut
1429 2207 1531 2253 ignis
1546 2207 1693 2242 circum
1715 2207 1781 2242 illa

283 2269 326 2298 et
347 2262 386 2297 in
409 2262 486 2298 illis
507 2274 556 2298 ex
574 2273 711 2298 amore
730 2262 834 2303 mali,
857 2268 898 2297 et
915 2262 1017 2297 sicut
1035 2261 1203 2307 sulphur
1223 2272 1272 2296 ex
1293 2272 1427 2296 amore
1446 2261 1544 2296 falsi.
1595 2260 1689 2295 Tria
1707 2260 1783 2300 illa,

285 2322 482 2362 stagnum,
498 2315 600 2362 ignis
613 2322 654 2351 et
671 2315 849 2361 sulphur,
860 2322 956 2351 sunt
974 2314 1241 2360 apparentiae,
1256 2315 1349 2361 quia
1362 2321 1455 2350 sunt
1469 2313 1785 2359 corresponden-

284 2368 365 2404 tiae
384 2369 577 2404 malorum
593 2379 786 2409 amorum,
803 2368 842 2403 in
860 2368 1006 2414 quibus
1020 2375 1135 2408 sunt:
1160 2374 1254 2403 sunt
1267 2379 1408 2403 omnes
1427 2367 1479 2402 ibi
1500 2367 1642 2402 inclusi
1656 2373 1784 2401 aeter-

286 2420 347 2456 nis
361 2422 581 2468 ergastulis,
596 2429 636 2457 et
654 2422 837 2456 laborant
855 2432 927 2467 pro
943 2420 1063 2462 vic'tu,
1078 2420 1227 2456 amictu
1245 2428 1286 2457 et
1303 2420 1427 2462 lect03
1453 2427 1494 2456 et
1512 2421 1607 2455 dum
1623 2418 1786 2455 malefa-

285 2475 408 2516 ciunt,
426 2476 600 2522 graviter
617 2482 658 2511 et
676 2476 818 2511 misere
836 2476 1067 2522 puniuntur.

359 2527 509 2564 Iterum
525 2529 702 2575 quaesivi
717 2529 913 2575 angelum,
929 2534 949 2547 ‘¹
962 2528 1043 2564 Cur
1053 2528 1200 2569 dixisti,
1215 2529 1323 2575 quod
1339 2528 1392 2564 ibi
1406 2529 1487 2564 sint
1501 2528 1726 2575 spirituales
1745 2534 1786 2564 et

288 2581 486 2617 naturales
504 2581 703 2617 adulteri?
729 2592 800 2617 cur
818 2593 910 2622 non,
930 2581 1206 2617 malefactores
1224 2589 1265 2617 et
1284 2582 1395 2628 impii
1409 2581 1448 2617 ?'’

361 2633 596 2680 Respondit,
616 2640 636 2654 “
651 2634 756 2682 Quia
780 2645 920 2670 omnes
947 2634 1002 2670 illi
1029 2635 1097 2681 qui
1125 2645 1197 2681 pro
1218 2635 1344 2670 nihilo
1366 2641 1554 2681 reputant
1578 2633 1784 2673 adulteria.

289 2685 367 2721 hoc
385 2694 456 2727 est,
475 2687 543 2733 qui
562 2688 733 2723 credunt
750 2695 791 2723 et
808 2687 960 2723 faciunt
975 2688 1042 2723 illa
1059 2699 1108 2723 ex
1122 2687 1358 2723 confirmato
1376 2695 1417 2723 et
1434 2688 1491 2723 sic
1510 2699 1558 2723 ex
1577 2686 1786 2733 proposito

289 2739 397 2785 quod
416 2747 578 2785 peccata
596 2746 679 2776 non·
695 2740 786 2781 sint,
801 2747 895 2776 sunt
908 2741 1029 2776 corde
1043 2751 1117 2776 suo
1132 2739 1406 2776 malefactores
1425 2748 1465 2776 et
1485 2740 1594 2786 impii
1610 2752 1618 2780 ς
1645 2740 1786 2785 conju-

290 2791 394 2838 giale
413 2792 519 2828 enim
541 2793 759 2829 humanum
786 2800 828 2829 et
853 2793 993 2840 religio
1019 2805 1098 2829 una
1119 2795 1272 2829 vadunt
1298 2794 1337 2829 in
1364 2793 1474 2829 omni
1498 2804 1635 2839 passm
1665 2803 1786 2828 omne

290 2844 504 2891 vestigium
518 2853 559 2881 et
576 2846 707 2882 omnis
720 2858 878 2894 gressus
896 2858 945 2882 ex
963 2847 1154 2893 religione
1173 2854 1213 2882 et
1232 2847 1271 2882 in
1291 2847 1535 2892 religionem.
1551 2853 1610 2881 est
1626 2856 1786 2891 quoque

291 2897 504 2944 vestigium
523 2906 564 2934 et
580 2910 740 2945 gressus
758 2911 781 2935 a
798 2900 1014 2946 conjugiali
1033 2907 1073 2936 et
1101 2900 1139 2935 in
1158 2900 1383 2947 conjugiale
1402 2900 1509 2946 quod
1529 2898 1727 2945 peculiare
1745 2904 1787 2934 et

294 2950 497 2996 proprium
516 2958 577 2986 est
596 2952 748 2987 homini
768 2952 1035 2989 Christiano.''

365 3003 431 3039 Ad
455 3003 820 3052 interrogationem,
840 3005 979 3053 “Quid
1002 3006 1227 3053 conjugiale
1251 3006 1348 3042 illud
1362 3006 1401 3042 ?'’
1427 3005 1539 3047 dixit,
1559 3005 1663 3041 “Est
1685 3004 1787 3041 desi-
