2014 3386
518 355 584 387 DE
617 353 796 386 AMORE
827 350 1252 395 CONJUGIAL1.—N.
1282 351 1376 393 243.
1615 350 1687 393 195

192 471 302 525 ligio
333 475 415 520 est,
448 468 498 511 fit
530 468 683 522 frigus,
717 467 839 522 quod
879 466 938 508 ab
977 466 1128 507 anima
1160 463 1399 506 descendit
1440 463 1485 504 in
1526 476 1690 518 corpus

192 548 332 589 usque
358 534 403 574 in
430 533 667 580 cuticulas‚
691 546 752 573 ex
778 545 867 586 quo
893 530 1082 572 tandem
1110 542 1202 570 non
1228 529 1425 569 sustinet
1448 527 1690 580 conjugem

190 597 354 639 intueri
385 597 497 638 facie
530 594 717 644 directa,
746 608 829 636 nec
862 594 1032 648 alloqui
1063 594 1108 634 in
1141 591 1463 633 communione
1494 591 1689 644 respira—

189 662 381 709 tionum‚
409 673 492 701 nec
520 660 605 700 nisi
631 672 747 700 voce
773 658 873 699 soni
904 655 1103 705 retracti,
1132 669 1216 696 nec
1244 661 1436 708 tangere
1463 666 1614 701 manu,
1643 658 1690 692 et

189 725 270 765 vix
309 730 474 777 terg03
521 728 571 763 ut
612 728 854 763 taceantur
894 721 1111 768 insaniae,
1147 733 1262 773 quae
1302 731 1362 759 ex
1402 717 1569 770 frigore
1609 715 1690 756 illo

191 788 440 841 subrepunt
462 787 507 827 in
526 786 850 839 cogitationes,
871 798 981 839 quas
1000 797 1090 825 non
1110 782 1353 837 propalant
1371 795 1381 832 ;
1414 794 1529 835 quae
1552 792 1691 821 causa

190 857 277 899 est,
296 851 417 905 quod
439 850 550 891 talia
573 847 785 902 conjugia
807 862 833 889 a
855 848 1113 902 semetipsis
1136 847 1400 887 solvantur:
1434 850 1688 899 praeterea,

190 915 312 969 quod
344 915 507 968 impius
538 913 791 967 vilipendat
824 912 1080 966 conjugem,
1114 917 1274 952 notum
1306 916 1405 961 est3
1450 915 1498 950 et
1529 920 1690 949 omnes

190 979 265 1032 qui
291 978 462 1031 absque
488 977 710 1031 religione
736 983 857 1024 sunt,
886 976 1009 1030 impii
1035 981 1155 1015 sunt.

273 1049 400 1095 242·
434 1040 548 1095 (vii.)
586 1040 714 1090 Quod
732 1053 971 1080 causarum
996 1039 1277 1079 internarum
1290 1036 1533 1090 frigorum
1554 1034 1690 1076 tertia

190 1104 264 1154 sit,
288 1105 409 1158 quod
428 1105 521 1146 alia
546 1104 701 1157 relzg-zb
725 1103 788 1144 sit
811 1103 900 1152 uni,
919 1109 962 1144 et
985 1102 1080 1144 alia
1100 1100 1457 1143 alteret-Causa
1478 1105 1565 1148 est,
1585 1099 1691 1153 quia

190 1169 310 1223 apud
332 1169 436 1210 illos
459 1181 550 1209 non
574 1174 730 1222 potest
753 1168 924 1208 bonum
942 1179 1044 1208 cum
1068 1180 1149 1207 suo
1172 1164 1562 1218 correspondente
1581 1176 1691 1204 vero

191 1231 419 1286 conjungi,
454 1246 570 1272 uxor
609 1232 729 1273 enim
769 1237 840 1272 est
876 1231 1046 1272 bonum
1087 1230 1182 1271 veri
1222 1229 1383 1277 mariti,
1426 1234 1474 1269 et
1514 1227 1586 1268 hic
1619 1233 1690 1268 est

190 1309 346 1336 verum
373 1296 480 1336 boni
506 1296 676 1344 uxoris,
705 1301 754 1336 ut
780 1308 914 1349 supra
940 1301 1175 1335 ostensum
1203 1299 1302 1345 est;
1335 1293 1440 1334 inde
1467 1305 1558 1333 non
1586 1298 1690 1344 pot-

191 1364 263 1400 est
294 1373 355 1400 ex
386 1359 560 1399 duabus
592 1358 829 1399 animabus
861 1357 955 1399 fieri
987 1371 1075 1398 una
1107 1358 1287 1407 anima3
1320 1356 1425 1397 inde
1457 1355 1691 1407 scaturigo

191 1421 310 1463 illius
346 1423 512 1462 amoris
549 1421 789 1469 clauditur,
823 1435 910 1475 qua
950 1420 1106 1462 clausa
1142 1421 1323 1461 venitur
1353 1420 1397 1460 in
1435 1417 1691 1471 conjugiale

191 1485 312 1540 quod
345 1485 457 1526 infra
489 1485 635 1534 sedet,
663 1485 786 1539 quod
819 1491 890 1526 est
927 1485 1034 1525 boni
1075 1497 1177 1524 cum
1209 1483 1300 1524 alio
1331 1497 1453 1532 vero,
1487 1496 1566 1523 seu
1597 1481 1692 1522 veri

192 1561 295 1590 cum
322 1549 413 1590 alio
438 1549 561 1589 bono
587 1562 722 1602 quam
749 1562 845 1597 suo,
870 1549 988 1589 inter
1010 1562 1125 1602 quae
1152 1560 1244 1588 non
1270 1547 1404 1587 datur
1429 1559 1558 1586 amor
1579 1558 1690 1587 con·

192 1626 323 1663 cors;
356 1613 460 1653 inde
486 1613 605 1666 apud
632 1611 888 1665 conjugem,
917 1612 991 1665 qui
1022 1612 1067 1652 in
1098 1611 1224 1652 falsis
1250 1610 1481 1663 religionis
1508 1615 1594 1657 est,
1622 1609 1691 1650 in—

193 1682 352 1730 ceptat
383 1675 535 1728 frigus,
569 1676 691 1729 quod
728 1676 980 1716 intenditur
1011 1676 1127 1715 sicut
1159 1675 1255 1715 abit
1296 1675 1341 1715 in
1373 1674 1602 1714 diversum
1633 1673 1692 1713 ab

193 1740 354 1781 altero.
417 1739 662 1793 Quondam
689 1740 733 1780 in
756 1739 864 1780 urbe
891 1752 1061 1791 magna
1087 1744 1367 1792 pervagatus
1398 1737 1576 1791 plateas
1603 1735 1691 1776 fine

192 1803 446 1858 inquirendi
477 1803 839 1853 habitationem;
873 1815 924 1843 ac
953 1802 1118 1843 intravi
1144 1802 1345 1850 domurn,
1373 1801 1448 1842 ubi
1475 1799 1691 1853 conjuges

193 1868 399 1908 diversae
417 1867 648 1920 religionis
666 1866 1088 1907 commorabantur:
1123 1872 1231 1906 tunc
1251 1878 1323 1906 me
1341 1865 1398 1906 de
1416 1878 1470 1905 eo
1488 1864 1691 1905 nescium

195 1929 384 1971 allocuti
416 1930 582 1983 angeli,
610 1931 842 1978 dicebant,
876 1930 980 1970 Non
1014 1942 1256 1983 possumus
1289 1935 1443 1970 tecum
1474 1928 1520 1969 in
1553 1928 1692 1968 domo

196 1993 274 2034 illa
299 2006 498 2042 manere,
525 1994 629 2048 quia
655 1993 873 2047 conjuges
907 1994 966 2034 ibi
998 1994 1043 2034 in
1075 1993 1274 2034 discordi
1305 1992 1525 2045 religione
1558 1998 1689 2032 sunt:

193 2056 280 2098 hoc
326 2058 640 2112 percipiebant
684 2071 744 2099 ex
791 2058 1028 2098 disunione
1072 2058 1250 2098 interna
1293 2057 1544 2097 animarum
1588 2055 1691 2096 illo-

194 2133 307 2162 rum.

279 2193 408 2238 243.
442 2183 572 2238 (viii.)
610 2183 739 2236 Quod
753 2198 990 2226 causarum
1012 2184 1295 2225 internarum
1319 2189 1484 2237 quarta
1514 2182 1578 2224 sit
1589 2182 1691 2235 fal-

195 2249 311 2289 sitas
336 2248 791 2302 religionis—Causa
823 2255 910 2298 est,
943 2249 1048 2302 quia
1086 2248 1263 2289 falsitas
1299 2248 1343 2288 in
1382 2246 1692 2301 spiritualibus

195 2311 267 2353 vel
299 2312 443 2353 aufert
475 2312 758 2365 religionem,
785 2312 860 2353 vel
892 2318 1166 2366 conspurcat
1203 2311 1357 2362 illam3
1399 2311 1543 2352 aufert
1573 2310 1694 2363 apud
1731 2334 1736 2344 ‹

196 2389 308 2429 quos
330 2376 555 2428 genuinae
578 2377 798 2417 veritates
820 2375 1087 2417 falsificatae
1110 2380 1240 2426 sunt;
1274 2380 1550 2427 conspurcat
1573 2373 1693 2427 apud

196 2452 308 2492 quos
339 2439 565 2480 falsitates
597 2439 779 2493 quidem
811 2445 932 2488 sunt,
962 2439 1042 2480 sed
1075 2452 1167 2480 non
1198 2439 1424 2491 genuinae
1455 2438 1690 2483 veritates,

196 2515 311 2556 quae
333 2502 436 2543 ideo
459 2516 549 2543 non
572 2502 798 2543 falsificari
820 2509 1070 2557 potuerunt
1089 2516 1098 2553 ;
1131 2502 1252 2556 apud
1275 2502 1358 2543 hos
1381 2502 1477 2542 dari
1499 2507 1693 2554 possunt

197 2565 318 2606 bona
349 2579 451 2607 cum
482 2567 642 2620 quibus
682 2566 796 2607 salsa
836 2566 915 2607 illa
952 2580 1032 2620 per
1067 2566 1401 2620 applicationes
1433 2579 1460 2606 a
1491 2565 1693 2605 Domino

199 2628 411 2682 conjungi
443 2635 659 2682 possunt3
705 2636 810 2671 sunt
840 2630 960 2671 enim
998 2630 1112 2671 haec
1150 2629 1266 2670 falsa
1302 2629 1420 2670 sicut
1451 2629 1562 2669 varii
1595 2628 1693 2668 toni

199 2691 448 2742 discordes,
481 2694 556 2747 qui
597 2707 676 2747 per
711 2693 906 2735 solertes
939 2692 1241 2743 adductiones
1278 2699 1325 2734 et
1362 2691 1693 2733 insinuationes

200 2755 442 2798 trahuntur
480 2757 524 2797 in
565 2756 865 2806 harmoniam,
908 2757 1028 2798 unde
1071 2758 1212 2798 etiam
1253 2755 1384 2810 hujus
1424 2754 1691 2809 gratitudo;

200 2819 319 2871 apud
349 2819 434 2860 hos
471 2819 630 2874 aliquis
670 2833 798 2861 amor
828 2819 1096 2874 conjugialis
1136 2819 1299 2861 dabilis
1336 2825 1421 2867 est,
1456 2818 1536 2858 sed
1574 2817 1693 2870 apud

202 2882 303 2923 illos
334 2884 408 2936 qui
449 2885 646 2936 genuina
676 2898 784 2925 vera
815 2884 1037 2925 ecclesiae
1074 2884 1194 2937 apud
1235 2897 1284 2924 se
1323 2881 1691 2927 falsificaverunt,

202 2958 292 2986 non
315 2945 504 2987 dabilis:
538 2960 599 2987 ex
624 2946 693 2987 his
719 2953 790 2988 est
816 2960 1016 3001 regnans
1042 2947 1302 2999 ignorantia
1327 2946 1383 2986 de
1410 2958 1563 2986 amore
1585 2956 1692 2984 vere

203 3007 458 3062 conjugiali,
497 3016 574 3052 aut
621 3011 837 3064 negativa
881 3011 1109 3051 dubitatio
1149 3011 1270 3063 quod
1311 3008 1472 3049 dabilis
1517 3007 1601 3058 sit;
1644 3013 1691 3048 et
