2014 3386
361 325 413 369 54
824 322 1067 355 DELICIAE
1099 322 1403 356 SAPIENTIAE

1052 522 1175 578 [1V.]

694 659 772 701 DE
804 659 997 702 AMORE
1026 668 1161 701 VERE
1194 658 1520 712 CONJUGIALI.

443 807 534 853 57.
565 797 652 839 Est
670 810 799 838 amor
815 796 1083 850 conjugialis
1100 795 1304 838 infinitae
1321 797 1559 839 varietatis
1577 811 1586 848 ;
1613 811 1705 840 non
1721 798 1857 840 datur
1902 849 1906 853 ι

360 861 519 903 similis
541 861 661 915 apud
687 874 824 902 unum
848 861 993 915 qualis
1010 866 1082 901 est
1109 861 1228 914 apud
1255 860 1464 902 alterum.
1524 860 1734 915 Apparet
1757 862 1855 916 qui-

360 925 466 966 dem
503 925 619 966 sicut
660 924 818 966 similis
858 924 979 977 apud
1019 923 1205 973 multos,
1247 924 1327 965 sed
1368 925 1433 966 ita
1473 930 1662 978 apparet
1701 938 1854 966 coram

355 989 526 1043 judicio
552 990 770 1042 corporis,
798 995 845 1029 et
877 988 1018 1029 homo
1049 1002 1108 1029 ex
1141 988 1226 1029 hoc
1254 987 1423 1042 judicio
1454 992 1611 1042 parum
1638 989 1855 1030 discernit

360 1052 488 1101 talia,
522 1053 626 1106 quia
661 1058 732 1094 est
768 1064 970 1093 crassum
1007 1057 1055 1092 et
1088 1050 1256 1102 hebes;
1295 1065 1374 1105 per
1405 1051 1622 1105 judicium
1654 1053 1855 1106 corporis

359 1116 632 1169 intelligitur
652 1114 870 1169 judicium
897 1115 1064 1155 mentis
1090 1128 1149 1155 ex
1176 1115 1382 1156 sensibus
1406 1116 1626 1156 externis.
1681 1115 1750 1157 At
1777 1129 1854 1157 co-

359 1193 456 1221 ram
474 1179 575 1228 illis,
595 1180 669 1233 qui
687 1193 746 1220 ex
759 1178 930 1232 judicio
948 1178 1130 1231 spiritus
1147 1179 1319 1226 vident,
1339 1184 1560 1232 apparent
1578 1179 1851 1228 discrimina,

359 1250 407 1285 et
440 1241 700 1284 distinctius
726 1255 881 1284 coram
914 1241 1018 1291 illis,
1046 1242 1120 1295 qui
1146 1242 1291 1282 visum
1317 1241 1446 1295 hujus
1474 1241 1628 1295 judicii
1661 1249 1854 1295 possunt

359 1306 494 1350 altius
526 1306 720 1355 elevare,
753 1305 875 1360 quod
907 1303 957 1346 fit
988 1319 1068 1359 per
1099 1303 1418 1346 abduetionem
1450 1305 1544 1358 ejus
1576 1319 1602 1346 a
1633 1305 1854 1355 sensibus,

359 1378 407 1413 et
429 1370 763 1412 exaltationem
785 1368 881 1422 ejus
903 1369 947 1409 in
971 1368 1119 1410 lucem
1137 1369 1442 1422 superiorem;
1474 1368 1519 1409 hi
1542 1369 1729 1410 tandem
1747 1382 1853 1423 pos-

358 1441 466 1476 sunt
503 1433 769 1475 confirmare
810 1447 858 1474 se
898 1431 1151 1482 intellestu,
1185 1439 1233 1473 et
1273 1433 1336 1473 sic
1368 1433 1537 1482 videre,
1571 1433 1692 1486 quod
1729 1445 1857 1475 amor

359 1497 627 1551 conjugialis
659 1511 750 1538 non
782 1497 916 1538 detur
941 1496 1098 1537 similis
1130 1496 1250 1550 apud
1282 1509 1434 1545 unum,
1463 1495 1608 1550 qualis
1639 1502 1710 1538 est
1735 1496 1855 1550 apud

359 1561 567 1603 alterum.
630 1559 699 1602 At
726 1574 866 1614 usque
889 1573 1025 1601 nemo
1047 1566 1204 1613 potest
1230 1558 1430 1600 infinitas
1452 1560 1701 1600 varietates
1726 1558 1856 1612 hujus

358 1625 525 1666 amoris
551 1625 596 1665 in
623 1624 773 1678 aliqua
799 1623 898 1664 luce
922 1621 1185 1664 intelleEtus
1212 1623 1352 1663 etiam
1379 1622 1548 1663 elevati
1573 1623 1741 1670 videre,
1769 1622 1856 1663 nisi

358 1690 552 1743 primum
584 1689 699 1729 sciat
727 1686 872 1741 qualis
898 1686 976 1727 ille
1001 1699 1130 1727 amor
1160 1692 1230 1727 est
1260 1686 1304 1726 in
1336 1686 1434 1739 ipsa
1464 1699 1545 1726 sua
1576 1685 1776 1727 essentia
1806 1691 1854 1727 et

358 1753 639 1805 integritate,
673 1751 738 1792 ita
769 1750 914 1804 qualis
950 1750 1045 1798 fuit,
1079 1749 1262 1803 quando
1299 1763 1388 1790 una
1422 1762 1524 1790 cum
1561 1749 1657 1790 vita
1686 1762 1714 1789 a
1753 1748 1855 1790 Deo

358 1815 528 1856 inditus
556 1820 625 1856 est
650 1814 847 1855 homini:
882 1814 965 1854 nisi
997 1813 1067 1854 hic
1095 1812 1187 1866 ejus
1219 1819 1384 1861 status,
1412 1813 1486 1866 qui
1511 1812 1592 1853 fuit
1619 1810 1849 1865 perfeetisa

358 1879 512 1928 simus,
541 1883 767 1927 noscatur,
794 1877 960 1918 frustra
986 1876 1136 1931 aliqua
1161 1876 1451 1930 inquisitione
1477 1875 1734 1916 discrimina
1760 1875 1854 1929 ejus

358 1947 550 1996 possunt
580 1942 762 1994 detegi;
802 1954 893 1982 non
925 1941 1044 1982 enim
1077 1947 1148 1982 est
1188 1939 1373 1993 aliquod
1414 1938 1579 1980 stabile
1619 1937 1851 1993 punctum,

358 2020 418 2047 ex
440 2019 529 2059 quo
552 2011 601 2046 ut
625 2005 816 2046 exordio
833 2004 1092 2045 discrimina
1114 2004 1412 2052 deducantur,
1432 2009 1479 2043 et
1501 2003 1559 2043 ad
1581 2002 1717 2056 quod,
1737 2003 1853 2045 sicut

358 2069 651 2118 collimando,
684 2069 763 2109 illa
795 2082 843 2109 se
874 2068 1087 2117 referant,
1121 2074 1167 2108 et
1200 2068 1262 2108 sic
1295 2081 1400 2107 vere
1432 2072 1477 2107 et
1508 2080 1599 2106 non
1630 2065 1854 2107 fallaciter

358 2138 625 2186 appareant.
686 2131 816 2173 Haec
843 2145 980 2172 causa
1002 2137 1088 2180 est,
1113 2131 1232 2185 quod
1259 2130 1330 2171 hic
1357 2130 1662 2183 ingrediamur
1684 2129 1852 2170 descri-

357 2197 464 2237 bere
504 2208 707 2236 amorem
747 2195 875 2236 illum
905 2196 950 2236 in
982 2208 1062 2235 sua
1094 2194 1291 2248 genuina
1323 2194 1548 2243 essentia;
1587 2198 1634 2233 et
1666 2192 1768 2246 quia
1807 2191 1853 2232 in

357 2259 441 2300 hac
473 2259 553 2300 fuit
579 2259 668 2307 ille,
697 2259 877 2312 quando
909 2272 997 2299 una
1023 2271 1125 2299 cum
1156 2258 1250 2299 vita
1282 2271 1308 2298 a
1339 2257 1439 2298 Deo
1470 2256 1637 2297 infusus
1668 2261 1738 2296 est
1769 2254 1851 2296 ho-

358 2323 480 2371 mini,
508 2322 765 2363 describere
797 2321 923 2362 illum
955 2322 1098 2375 qualis
1130 2321 1209 2363 fuit
1241 2322 1286 2362 in
1318 2321 1551 2374 primaevo
1581 2333 1662 2360 suo
1693 2324 1847 2370 statu;

357 2393 404 2427 et
436 2386 540 2439 quia
570 2386 614 2426 in
646 2385 733 2425 hoc
767 2391 891 2425 statu
922 2385 1004 2426 suit
1037 2385 1113 2426 ille
1144 2398 1250 2425 vere
1282 2383 1562 2437 conjugialis,
1595 2382 1850 2424 inscribitur

355 2448 427 2489 hic
452 2448 779 2502 paragraphuS,
803 2447 870 2487 De
889 2448 1056 2488 Amore
1075 2462 1176 2488 vere
1195 2446 1233 2489 C
1232 2446 1460 2502 ory‘ugialz'.
1513 2446 1581 2488 At
1602 2446 1714 2487 haec
1733 2445 1851 2487 illius

356 2511 605 2565 descriptio
631 2510 707 2552 fiet
734 2511 779 2551 in
804 2510 890 2551 hoc
919 2511 1074 2551 ordine
1091 2524 1161 2551 2——

596 2599 650 2643 (i.)
689 2599 801 2644 Quod
813 2599 926 2633 detur
939 2611 1048 2633 amor
1062 2610 1150 2633 vere
1165 2599 1411 2644 conjugt’alzs,
1425 2600 1497 2643 qui
1509 2598 1619 2632 hodie
1634 2602 1716 2632 tam
1730 2608 1850 2633 rarus

779 2650 843 2685 est,
863 2650 906 2680 ut
925 2657 999 2680 non
1019 2648 1170 2680 sciatur
1186 2647 1314 2690 qualis
1330 2650 1392 2685 est,
1414 2649 1450 2680 et
1469 2647 1542 2679 vix
1558 2645 1660 2689 quod
1671 2647 1734 2680 sit.

579 2693 650 2738 (ii.)
689 2693 800 2738 Quod
813 2693 921 2727 illius
938 2695 1083 2727 amoris
1099 2695 1207 2738 ongo
1222 2695 1276 2727 sit
1293 2704 1340 2727 ex
1355 2693 1531 2738 conjugio
1547 2692 1684 2726 boniet
1703 2693 1800 2728 veri.

563 2740 649 2787 (iii.)
685 2740 799 2786 Quod
819 2740 928 2774 illius
952 2741 1098 2773 amoris
1122 2740 1453 2785 correspondentia
1481 2740 1535 2773 sit
1557 2750 1641 2773 cum
1670 2739 1849 2785 conjugio

780 2787 948 2821 Domini
963 2790 999 2820 et
1015 2786 1216 2821 Ecclesiae.

564 2834 648 2881 (iv.)
684 2834 797 2881 Quod
806 2834 870 2868 ille
883 2845 1002 2873 amor,
1016 2844 1063 2867 ex
1075 2844 1144 2866 sua
1159 2834 1309 2878 orzjgine
1320 2836 1357 2866 et
1369 2843 1418 2866 ex
1428 2843 1498 2866 sua
1512 2832 1846 2878 correspondentia

777 2881 974 2926 spedatus,
986 2882 1040 2914 sit
1055 2880 1232 2919 caelestis,
1249 2879 1479 2925 spiritualis,
1497 2880 1655 2919 sanans,
1666 2882 1797 2925 purus
1811 2882 1848 2913 et

779 2927 945 2962 mundus
957 2930 1059 2973 prae
1075 2928 1183 2961 omni
1195 2937 1332 2966 amore,
1351 2927 1424 2970 qui
1444 2938 1468 2960 a
1486 2927 1652 2961 Domino
1667 2930 1722 2961 est
1740 2924 1851 2972 apud

777 2975 929 3022 angelos
945 2974 1052 3014 caeli,
1070 2977 1107 3008 et
1123 2973 1234 3019 apud
1245 2973 1413 3008 homines
1429 2973 1610 3009 ecclesiae.
