2014 3386
352 353 435 397 370
793 352 1122 387 VOLUPTATES
1154 354 1401 389 INSANIAE

1413 442 1428 458 Ι

352 465 582 520 utriusque
608 465 731 507 vitae
763 479 812 507 se
843 466 1017 514 uniant,
1045 472 1379 521 consequenter
1404 468 1598 518 animae,
1626 468 1728 523 quia
1760 469 1847 511 hae

351 535 456 570 sunt
483 529 704 583 principia
729 529 852 570 vitae
873 542 882 570 :
915 529 1029 571 haec
1057 531 1163 571 unio
1188 530 1442 572 animarum
1468 545 1559 572 non
1586 525 1750 574 dabilis
1775 540 1848 575 est

350 593 433 634 nisi
451 605 595 651 quam
610 593 654 633 in
677 592 899 647 conjugiis
918 594 1264 646 monogamicis,
1285 608 1363 635 seu
1385 595 1514 636 unius
1531 595 1612 636 viri
1634 608 1737 637 cum
1759 609 1849 638 una

310 685 314 688 »
349 670 507 706 uxore,
536 669 628 697 non
654 662 810 698 autem
835 657 880 698 in
907 656 1131 710 conjugiis
1157 657 1476 711 polygamicis,
1503 654 1741 700 seuunius
1765 659 1848 701 viri

348 733 451 762 cum
478 719 694 774 pluribus,
721 720 827 775 quia
853 720 896 761 in
929 720 998 761 his
1024 727 1097 762 est
1124 731 1253 762 amor
1278 722 1463 771 divisus,
1490 723 1535 763 in
1563 722 1653 763 illis
1680 722 1846 764 unitus.

349 783 485 838 Quod
508 796 637 825 amor
657 782 927 838 conjugialis
953 785 997 825 in
1023 797 1236 838 suprema
1256 784 1342 826 hac
1366 786 1474 827 sede
1498 787 1558 827 sit
1583 785 1844 840 spiritualis,

348 846 533 889 samstus
564 854 611 890 et
643 862 793 902 puruS‚
821 854 894 890 est
928 861 1081 898 causa,
1109 849 1213 902 quia
1243 849 1395 890 anima
1426 849 1619 902 cujusvis
1650 849 1847 891 hominis

347 925 408 952 ex
434 911 610 965 origine
636 925 716 953 sua
747 917 818 953 est
845 911 1087 963 caelestis3
1129 926 1268 966 quare
1293 912 1372 954 illa
1401 926 1428 954 a
1460 913 1659 954 Domino
1684 914 1844 955 imme·

347 975 472 1016 diate
513 976 676 1030 recipit
707 975 943 1025 influxum,
976 975 1139 1029 recipit
1175 976 1295 1017 enim
1336 976 1395 1017 ab
1435 976 1543 1030 Ipso
1584 976 1844 1030 conjugium

346 1039 513 1080 amoris
540 1045 586 1080 et
613 1039 879 1093 sapientiae,
904 1052 982 1080 seu
1008 1039 1116 1080 boni
1142 1045 1189 1080 et
1216 1040 1324 1088 veri,
1349 1045 1396 1081 et
1423 1038 1495 1080 hic
1518 1039 1714 1081 influxus
1736 1040 1844 1082 facit

346 1102 474 1144 illum
505 1102 753 1152 hominem,
788 1109 835 1144 et
866 1102 1108 1156 distinguit
1145 1116 1171 1144 a
1211 1103 1384 1144 bestiis.
1444 1102 1520 1144 Ex
1560 1103 1647 1145 hac
1680 1103 1845 1146 unione

347 1167 614 1215 animarum,
647 1179 775 1208 amor
805 1165 1088 1220 conjugialis‚
1122 1167 1196 1220 qui
1227 1166 1287 1207 ibi
1318 1173 1389 1208 est
1430 1166 1474 1207 in
1511 1167 1734 1221 spirituali
1764 1180 1846 1209 sua

344 1229 595 1271 'sanctitate
622 1236 669 1272 et
702 1230 917 1284 puritate,
946 1229 1104 1272 defluit
1136 1231 1180 1271 in
1212 1231 1356 1271 vitam
1382 1231 1523 1272 totius
1549 1231 1764 1285 corporis,
1791 1244 1844 1272 ac

344 1294 509 1348 implet
546 1294 673 1335 illam
714 1294 863 1335 beatis
890 1292 1115 1347 jucundis,
1149 1294 1365 1347 quamdiu
1395 1307 1513 1335 vena
1552 1293 1646 1347 ejus
1686 1300 1846 1348 aperta

347 1364 519 1407 manet,
548 1358 669 1412 quod
696 1357 748 1399 fit
775 1357 895 1411 apud
921 1356 1025 1398 illos
1052 1357 1126 1411 qui
1153 1372 1178 1398 a
1205 1357 1406 1399 Domino
1432 1357 1690 1411 spirituales
1716 1357 1843 1399 fiunt.

348 1420 483 1474 Quod
522 1421 633 1463 nihil
674 1421 797 1462 aliud
837 1421 956 1463 hanc
989 1422 1156 1462 amoris
1189 1420 1458 1475 conjugialis
1499 1422 1670 1470 sedem,
1703 1421 1841 1475 origi-

348 1499 467 1534 nem,
511 1499 590 1526 seu
630 1485 806 1527 fontem
847 1491 895 1526 et
937 1484 1032 1539 ejus
1073 1497 1252 1534 venam,
1291 1484 1507 1526 occludat
1549 1491 1596 1526 et
1641 1485 1840 1534 obturet,

347 1562 481 1605 quam
500 1549 788 1598 adulterium,
806 1554 934 1602 patet
952 1562 978 1590 a
996 1548 1182 1590 Domini
1199 1549 1363 1598 verbis,
1385 1548 1519 1602 Quod
1539 1549 1687 1589 solum
1707 1561 1841 1602 prop·

348 1621 418 1656 ter
448 1612 721 1654 adulterium
754 1612 891 1654 liceat
928 1612 1162 1653 dimittere
1195 1625 1402 1661 uxorem,
1435 1617 1483 1654 et
1513 1611 1650 1653 aliam
1676 1611 1843 1652 ducere

346 1677 535 1732 (Matth.
564 1677 662 1717 xix.
702 1675 837 1730 4—9);
886 1682 983 1717 tum
1024 1689 1085 1717 ex
1125 1676 1196 1717 his
1227 1676 1302 1724 ibi,
1337 1675 1473 1730 Quod
1504 1676 1579 1730 qui
1610 1675 1842 1717 dimissam

346 1742 487 1791 ducit,
512 1740 788 1782 adulterium
815 1740 1081 1781 committat
1105 1737 1239 1794 (vers.
1266 1738 1329 1793 9).
1389 1739 1503 1781 Cum
1530 1740 1686 1793 itaque
1707 1751 1842 1793 purus

347 1811 394 1847 et
418 1803 602 1845 sanctus
626 1804 702 1845 ille
724 1804 825 1845 sons
842 1803 1097 1852 obturatur,
1116 1809 1165 1844 ut
1189 1816 1323 1856 supra
1345 1801 1515 1844 dictum
1538 1809 1624 1851 est,
1649 1803 1842 1844 circum-

347 1869 544 1922 stipatur
589 1867 665 1908 ille
709 1867 1022 1915 foeditatibus,
1055 1867 1173 1908 sicut
1213 1879 1398 1919 gemma
1434 1866 1725 1914 stercoribus,
1761 1871 1843 1906 aut

348 1932 477 1986 panis
509 1932 698 1979 vomitu,
733 1944 848 1984 quae
879 1930 1068 1984 puritati
1099 1935 1146 1971 et
1179 1927 1413 1970 sanffitati
1444 1929 1563 1969 illius
1594 1928 1733 1969 sontis
1764 1941 1844 1969 seu

348 1995 514 2036 amoris
540 1993 809 2047 conjugialis
837 2006 1020 2046 prorsus
1046 1992 1261 2047 opposita
1286 1999 1392 2033 sunt
1415 2006 1424 2042 ;
1457 2006 1516 2033 ex
1543 1988 1632 2045 qua
1657 1991 1843 2046 opposi-

348 2059 474 2100 tione
501 2064 573 2100 est
597 2057 737 2110 frigus
764 2056 1036 2109 conjugiale,
1065 2062 1111 2098 et
1138 2055 1387 2097 secundum
1413 2055 1501 2096 hoc
1529 2061 1599 2096 est
1623 2054 1842 2097 lascivum

349 2121 516 2175 volupe
538 2121 704 2163 amoris
727 2120 1000 2169 scortatorii,
1025 2119 1146 2173 quod
1172 2133 1220 2160 se
1246 2125 1412 2172 sponte
1435 2118 1689 2159 consumit:
1723 2118 1844 2172 quod

349 2185 435 2226 hoc
469 2185 527 2226 sit
559 2184 729 2225 malum
761 2184 955 2237 peccati,
984 2190 1055 2224 est
1087 2183 1191 2236 quia
1222 2180 1430 2223 sanetum
1458 2181 1673 2234 operitur,
1701 2188 1748 2223 et
1781 2181 1843 2222 sic

349 2262 467 2290 vena
493 2247 588 2302 ejus
613 2248 657 2288 in
684 2261 847 2301 corpus
873 2247 1137 2295 obstruitur,
1165 2251 1212 2287 et
1236 2245 1337 2286 loco
1364 2244 1457 2298 ejus
1483 2244 1719 2298 profanum
1742 2257 1843 2287 suc-

350 2313 488 2361 cedit,
512 2321 559 2353 et
586 2310 714 2365 hujus
740 2323 857 2352 vena
882 2310 926 2351 in
952 2323 1115 2364 corpus
1138 2308 1363 2363 aperitur;
1396 2308 1501 2349 inde
1523 2307 1662 2349 homo
1687 2320 1714 2349 a
1739 2320 1844 2349 cae·

350 2376 452 2418 lesti
478 2375 528 2418 fit
555 2374 797 2417 infernalis.

434 2438 569 2492 483.
612 2438 697 2480 His
742 2437 953 2491 adjiciam
990 2436 1142 2490 aliqua
1185 2449 1209 2477 e
1250 2435 1422 2476 mundo
1462 2433 1695 2489 spirituali,
1729 2446 1844 2488 quae

351 2509 610 2544 memoratu
636 2495 778 2556 digna
802 2507 909 2542 sunt
929 2514 1000 2542 :—

423 2604 595 2641 *Audivi
619 2604 684 2644 ibi,
706 2603 814 2649 quod
837 2602 1074 2649 quibusdam
1095 2600 1191 2637 viris
1212 2600 1390 2636 uxoratis
1415 2600 1467 2636 sit
1492 2599 1617 2635 libido
1642 2598 1844 2635 scortandi

352 2669 441 2694 cum
473 2658 631 2693 feminis
661 2657 821 2692 illibatis
849 2667 918 2692 seu
950 2654 1190 2701 virginibus;
1223 2654 1460 2700 quibusdam
1490 2663 1579 2688 cum
1611 2651 1744 2687 libatis
1770 2661 1842 2687 ‘seu

351 2711 515 2751 scortis;
541 2710 777 2756 quibusdam
797 2720 886 2744 cum
902 2708 1059 2744 feminis
1074 2707 1268 2742 maritatis
1285 2717 1354 2742 seu
1373 2705 1582 2746 uxoribus;
1606 2703 1845 2750 quibusdam
1866 2710 1870 2713 '

352 2775 443 2800 curn
457 2764 604 2799 talibus
619 2774 668 2799 ex
682 2763 805 2798 nobili
821 2761 1013 2808 prosapia,
1028 2766 1068 2796 et
1082 2760 1318 2806 quibusdam
1335 2770 1383 2794 ex
1402 2770 1481 2794 non
1497 2758 1617 2793 nobili
1633 2767 1641 2793 ε
1661 2757 1770 2803 quod
1790 2756 1846 2792 ita

352 2818 415 2858 sit,
434 2828 482 2853 ex
501 2816 679 2863 pluribus
697 2826 718 2851 e
731 2815 851 2852 variis
870 2814 1001 2860 regnis
1021 2813 1059 2848 in
1080 2813 1149 2848 illo
1167 2813 1319 2847 mundo
1337 2811 1595 2847 confirmatus
1613 2821 1713 2845 sum.

424 2870 525 2906 Cum
541 2869 757 2905 meditatus
775 2878 863 2903 sum
883 2868 933 2903 de
946 2866 1139 2902 varietate
1152 2866 1291 2900 talium
1306 2865 1526 2904 libidinum,
1541 2862 1730 2910 quaesivi,
1750 2871 1842 2897 num

391 3015 411 3037 ²⁸¹
436 3014 542 3045 NOTA
564 3012 845 3044 tormina—Ab
860 3011 1002 3042 Aud'tore
1015 3010 1079 3040 hoc
1095 3009 1309 3039 Memorabile
1322 3008 1419 3048 signis
1433 3007 1589 3038 citationis
1603 3007 1763 3037 inclusum
1775 3010 1832 3037 est.
