2014 3386
262 357 347 389 220
701 396 704 399 ,
726 358 967 391 DELICIAE
998 358 1302 392 SAPIENTIAE

262 470 400 512 tiones
421 484 505 512 non
524 473 801 527 conjungunt,
821 471 981 513 dentur
999 478 1219 521 externae,
1243 486 1353 526 quae
1376 471 1591 514 simulant
1614 472 1757 514 inter·.

260 547 357 582 nas,
393 540 436 574 et
464 533 867 575 consociant.—Per
897 533 1161 576 affectiones
1192 535 1395 576 internas
1434 535 1754 589 intelliguntur

259 595 580 637 inclinationes
598 603 795 646 mutuae,
815 611 929 650 quae
947 598 991 638 in
1009 598 1239 651 utriusque
1258 604 1411 639 mente
1428 604 1534 639 sunt
1553 612 1576 639 e
1595 597 1751 650 caelo;

259 665 306 700 at
328 673 408 713 per
424 658 686 700 affectiones
708 666 927 701 externas
949 660 1267 713 intelliguntur
1283 661 1618 711 inclinationes,
1636 675 1752 715 quae

258 722 303 763 in
344 723 575 776 utriusque
616 729 771 764 mente
812 729 917 764 sunt
958 737 983 764 e
1024 723 1217 764 mundo:
1261 723 1347 764 hae
1378 723 1641 765 affectiones
1673 738 1752 766 seu

258 785 580 827 inclinationes
606 787 788 840 quidem
814 800 956 840 aeque
982 792 1087 827 sunt
1115 787 1297 836 mentis,
1325 787 1405 828 sed
1432 793 1659 841 occupant
1682 788 1751 828 in-

258 848 466 890 feriorem
498 848 592 902 ejus
623 850 872 902 regionem,
906 849 1013 890 illae
1046 855 1200 890 autem
1233 851 1538 903 superiorem:
1573 857 1621 892 at
1647 851 1761 904 quia.

259 918 477 966 utraeque
509 912 665 953 sedem
697 925 826 953 suam
861 913 906 953 in
938 918 1094 953 mente
1126 913 1388 962 sortiuntur,
1422 920 1578 967 potest
1611 914 1748 962 credi,

258 975 379 1028 quod
405 975 575 1016 similes
601 976 692 1016 sint
718 982 765 1016 et
792 976 1094 1027 conveniant;
1128 976 1209 1016 sed
1241 977 1428 1018 tametsi
1460 990 1551 1017 non
1578 976 1750 1018 similes

259 1044 379 1088 sunt,
407 1053 548 1092 usque
575 1045 766 1092 possunt
793 1052 1011 1092 apparere
1037 1039 1153 1080 sicut
1180 1039 1366 1088 similes,
1393 1046 1442 1080 at
1468 1040 1586 1092 apud
1613 1053 1749 1093 quos·

257 1101 363 1142 dam
389 1102 596 1142 existunt
624 1102 739 1142 sicut
766 1102 1128 1150 convenientiae,
1157 1108 1204 1143 et
1230 1102 1350 1156 apud
1380 1103 1600 1156 quosdam
1633 1102 1750 1144 sicut

256 1163 455 1205 blandae
485 1164 814 1205 simulationes
886 1164 973 1205 Est
1002 1165 1226 1218 quaedam
1258 1165 1517 1206 communio
1547 1179 1574 1206 a
1605 1166 1750 1219 primo

255 1228 438 1269 foedere
470 1220 667 1280 conjugii
698 1228 875 1281 utrique
905 1227 1195 1281 implantata,
1223 1242 1354 1282 quae,
1369 1229 1557 1270 tametsi
1588 1219 1750 1270 animis

256 1292 496 1340 dissident,
517 1305 656 1345 usque
673 1291 809 1332 insita
830 1297 985 1331 manet
1003 1304 1013 1341 ;
1047 1297 1095 1332 ut
1115 1291 1373 1332 communio
1395 1292 1748 1345 possessionum,

255 1360 304 1396 et
336 1355 381 1395 in
413 1354 568 1395 multis
601 1354 860 1394 communio
892 1367 1065 1403 usuum,
1091 1361 1137 1395 et
1163 1355 1386 1396 variarum
1418 1356 1749 1397 necessitatum

255 1419 431 1467 domus,
459 1424 506 1458 et
532 1417 638 1458 inde
664 1431 842 1471 quoque
869 1418 1218 1470 cogitationum,
1242 1424 1289 1459 et
1314 1419 1595 1472 quorundam
1621 1414 1749 1460 arca·

255 1494 430 1529 norum,
464 1487 535 1521 est
567 1493 745 1534 quoque
777 1481 1036 1521 communio
1068 1481 1169 1528 tori,
1203 1486 1251 1522 et
1282 1482 1542 1522 communio
1584 1482 1749 1523 amoris

253 1545 477 1586 infantum
495 1557 504 1594 ;
538 1549 719 1596 praeter
736 1542 877 1596 plura,
897 1557 1011 1597 quae
1028 1544 1131 1597 quia
1147 1543 1316 1585 foederi
1335 1544 1591 1597 conjugiali,
1608 1545 1748 1585 etiam

255 1607 484 1648 mentibus
516 1606 711 1654 illorum,
745 1606 965 1660 inscripta
996 1613 1114 1647 sunt.
1186 1606 1260 1647 Ex
1292 1606 1361 1647 his
1393 1614 1497 1648 sunt
1530 1607 1748 1660 imprimis

253 1676 472 1711 externae
498 1667 774 1718 affectiones,
795 1682 909 1722 quae
931 1669 1186 1711 assimilant
1204 1670 1432 1721 internas;
1465 1670 1570 1711 illae
1593 1676 1745 1711 autem

253 1747 369 1787 quae
395 1732 534 1773 modo
560 1732 775 1772 simulant
800 1731 916 1780 illas,
945 1738 1050 1773 sunt
1083 1733 1248 1785 partim
1275 1747 1335 1773 ex
1361 1733 1522 1774 eadem
1555 1733 1743 1785 origine,

253 1802 301 1837 et
327 1797 492 1850 partim
520 1810 580 1836 ex
607 1795 721 1845 alia;
756 1795 836 1836 sed
859 1795 915 1835 de
938 1795 1139 1848 utrisque
1165 1796 1316 1848 agitur
1332 1796 1376 1836 in
1403 1796 1710 1849 sequentibus.

336 1858 463 1912 278·
506 1857 621 1912 (vii.)
657 1856 785 1907 Quod
801 1858 901 1899 inde
916 1857 977 1898 sit
994 1864 1218 1910 apparens
1235 1873 1372 1907 amor,
1391 1865 1614 1911 apparens
1632 1857 1744 1899 ami·

251 1921 370 1971 citz'a,
394 1927 437 1962 et
453 1922 598 1973 favor
626 1921 743 1962 inter
771 1920 1343 1974 conjuges.—Apparentes
1368 1935 1559 1969 amoreS‚
1587 1922 1744 1962 amici—

251 1986 345 2026 tiae
385 1990 432 2025 et
469 1984 646 2024 favores
683 1985 803 2025 inter
833 1983 1067 2036 conjuges,
1101 1990 1440 2037 consequuntur
1470 1998 1531 2025 ex
1562 1984 1744 2026 foedere

252 2047 496 2100 conjugiali
523 2061 663 2100 usque
689 2047 745 2087 ad
770 2046 905 2087 finem
928 2047 1051 2087 vitae
1082 2044 1231 2099 pacto,
1259 2052 1305 2087 et
1336 2060 1396 2087 ex
1423 2048 1743 2089 communione

251 2110 495 2164 conjugiali
527 2111 631 2151 inde
658 2110 990 2150 confoederatis
1022 2109 1253 2162 inscripta,
1278 2123 1337 2150 ex
1363 2123 1451 2163 qua
1481 2109 1744 2151 affectiones

251 2181 473 2215 externae
504 2172 811 2213 assimilantes
842 2172 1045 2216 internas
1077 2177 1366 2219 enascuntur,
1395 2178 1444 2213 ut
1470 2185 1579 2213 mox
1607 2187 1742 2226 supra

251 2237 544 2290 indigitatum
576 2242 674 2286 est;
706 2241 753 2276 et
786 2241 1024 2288 praeterea
1054 2248 1115 2275 ex
1148 2235 1308 2282 causis,
1336 2248 1450 2287 quae
1482 2242 1587 2276 sunt
1619 2236 1740 2277 utili-

251 2307 374 2343 tates
391 2305 438 2340 et
454 2300 756 2340 necessitates
774 2312 784 2349 ;
816 2312 876 2339 ex
894 2298 1053 2351 quibus
1072 2298 1238 2350 partim
1256 2298 1462 2338 existunt
1480 2297 1742 2341 affectiones

251 2370 473 2405 externae
507 2360 834 2415 conjunctivae,
875 2360 949 2402 vel
986 2359 1308 2408 simulatoriae,
1348 2374 1427 2413 per
1462 2375 1573 2414 quas
1613 2375 1741 2403 amor

251 2433 472 2468 externus
498 2431 690 2479 apparet
716 2425 834 2466 sicut
859 2424 1074 2473 internus,
1098 2429 1145 2464 et
1170 2423 1372 2464 amicitia
1403 2430 1598 2465 externa
1623 2425 1740 2467 sicut

250 2491 444 2531 interna.

335 2560 462 2606 2¹79.
509 2550 640 2606 (viii.)
689 2550 817 2602 Quod
850 2549 1141 2603 apparentiae
1182 2548 1266 2590 lzae
1307 2548 1400 2590 sint
1437 2549 1739 2592 simulationes

249 2615 530 2670 conjugiales,
554 2628 665 2667 quae
685 2612 949 2662 laudabiles,
971 2613 1077 2666 quia
1101 2612 1230 2653 utiles
1251 2619 1293 2653 et
1313 2613 1738 2654 necessariae—Di-

250 2685 414 2720 cuntur
439 2678 769 2726 simulationes,
798 2678 900 2730 quia
930 2677 1096 2717 dantur
1126 2676 1244 2716 inter
1274 2675 1378 2716 illos
1409 2676 1483 2729 qui
1514 2676 1738 2717 dissident

250 2742 493 2790 mentibus,
520 2747 568 2782 et
599 2754 658 2781 ex
691 2739 969 2781 dissidentiis
1000 2738 1087 2779 illis
1118 2738 1306 2779 interius
1336 2738 1381 2779 in
1412 2739 1575 2791 frigore
1601 2745 1738 2790 sunt;

249 2805 432 2859 quando
464 2817 603 2857 usque
634 2803 678 2843 in
709 2803 929 2851 externis,
953 2802 1070 2842 sicut
1101 2807 1285 2853 oportet
1317 2807 1364 2842 et
1395 2801 1543 2850 decet,
1572 2814 1737 2842 conso-

249 2869 365 2909 ciam
396 2868 538 2908 vitam
571 2867 741 2913 vivunt,
769 2872 877 2906 tunc
910 2864 1265 2906 cohabitationis
1296 2864 1474 2904 illorum
1505 2865 1738 2905 consortia

247 2931 401 2971 vocari
438 2935 628 2983 possunt
669 2928 999 2976 simulationes,
1040 2926 1120 2967 sed
1157 2925 1449 2979 conjugiales,
1488 2941 1602 2980 quae
1633 2927 1737 2980 quia

247 2992 500 3033 laudabiles
522 2998 626 3033 sunt
650 2997 835 3045 propter
856 3004 974 3040 usus,
994 3002 1174 3044 prorsus
1191 2990 1532 3043 distinguuntur
1548 3004 1575 3032 a
1595 2991 1733 3031 simu-
