2014 3386
305 342 388 384 218
770 352 1013 385 DELICIAE
1045 351 1349 386 SAPIENTIAE

302 480 390 508 nae
415 471 463 508 et
485 471 718 516 externae,
743 472 815 508 est
836 467 939 521 quia
960 466 1047 508 illis
1070 473 1141 508 est
1167 480 1296 509 mens
1318 473 1365 509 et
1385 481 1563 522 corpus,
1587 481 1639 510 ac
1664 467 1800 510 affec·
1863 466 1870 472 ⁷

302 531 455 572 tiones
480 536 528 571 et
554 529 660 571 inde
686 530 994 583 cogitationes
1021 536 1128 572 sunt
1154 531 1338 580 mentis,
1361 545 1413 572 ac
1440 531 1728 572 sensationes
1753 537 1800 572 et

302 593 409 635 inde
439 593 707 646 voluptates
747 599 853 635 sunt
891 594 1109 647 corporis.
1169 593 1357 635 Accidit
1394 595 1454 636 ibi
1494 608 1646 648 saepe,
1679 594 1802 648 quod

303 663 408 711 post
433 662 629 697 mortem
658 657 791 698 amici
821 657 1115 706 conveniant,
1144 662 1190 697 et
1214 657 1517 698 amicitiarum
1544 670 1724 699 suarum
1755 658 1802 698 in

303 719 473 760 mundo
499 719 634 773 priori
659 720 971 769 recordentur,
1000 726 1047 760 et
1075 726 1183 760 tunc
1211 720 1402 761 credant
1423 721 1543 774 quod
1570 720 1802 762 amicitiae

304 783 448 823 vitam
480 790 529 823 ut
561 783 681 836 prius
714 783 1021 824 consociaturi
1052 783 1171 834 sint;
1212 783 1294 823 sed
1325 796 1427 824 cum
1459 784 1503 824 in
1535 783 1667 825 caelo
1697 797 1800 838 per-

303 847 467 900 cipitur
492 847 783 887 consocietas
810 846 902 896 illa,
929 860 1044 900 quae
1070 852 1141 887 est
1168 847 1306 887 modo
1331 845 1619 888 affeetionum
1642 854 1801 888 exter-

303 923 476 958 narum,
497 909 546 951 fit
569 911 799 963 separatio
817 910 1066 951 secundum
1083 910 1315 960 internas;
1347 916 1393 951 et
1406 917 1514 951 tunc
1530 925 1554 951 e
1569 917 1802 952 conventu

303 973 382 1015 illo
407 973 545 1028 aliqui
577 973 843 1027 relegantur
867 974 912 1014 in
944 973 1325 1026 septentrionem,
1353 979 1401 1014 et
1433 973 1571 1028 aliqui
1602 975 1646 1015 in
1678 974 1800 1015 occi·

302 1037 506 1086 dentem,
535 1042 582 1078 et
612 1037 779 1090 singuli
811 1037 869 1078 ad
900 1037 1145 1077 distantias
1177 1036 1296 1077 inter
1322 1050 1384 1086 se,
1418 1043 1467 1077 ut
1500 1051 1548 1078 se
1579 1050 1801 1091 nusquam

302 1101 490 1142 videant
513 1100 722 1154 amplius,
747 1114 831 1142 nec
856 1105 1171 1153 cognoscant;
1205 1113 1310 1140 nam
1337 1100 1381 1140 in
1408 1099 1520 1141 locis
1542 1113 1799 1142 commora-

302 1165 437 1206 tionis
468 1164 664 1213 illorum,
692 1164 993 1205 immutantur
1024 1163 1238 1211 faciebus,
1267 1177 1381 1217 quae
1413 1162 1700 1205 affectionum
1731 1164 1801 1205 in-

263 1249 266 1253 ·
302 1235 534 1270 ternarum
575 1227 755 1268 illorum
796 1226 908 1268 fiunt
947 1226 1136 1280 effigies.
1209 1225 1285 1267 Ex
1327 1226 1396 1267 his
1427 1233 1570 1281 patet,
1603 1227 1724 1281 quod
1755 1227 1801 1268 in

303 1292 474 1333 mundo
492 1290 713 1346 spirituali
735 1304 894 1332 omnes
913 1290 1250 1344 conjungantur
1267 1291 1516 1332 secundum
1538 1289 1802 1333 affectiones

302 1355 518 1403 internas,
542 1360 589 1396 et
613 1366 705 1395 non
731 1354 982 1396 secundum
1006 1361 1242 1405 externas,
1270 1354 1354 1395 nisi
1379 1355 1465 1396 hae
1492 1368 1629 1396 unum
1652 1361 1802 1408 ,agant

303 1430 406 1459 cum
432 1418 636 1460 internis.

387 1491 512 1537 2¹74.
546 1481 645 1537 (iii.)
683 1481 813 1533 Quod
822 1481 915 1523 sint
928 1489 1136 1524 externae
1151 1482 1419 1537 affefft'z’ones,
1434 1482 1671 1523 secundum
1686 1494 1802 1536 quas

303 1546 591 1587 matrimonia
626 1546 911 1587 communiter
947 1546 1272 1587 contrahuntur
1305 1546 1367 1587 z’n'
1387 1546 1560 1595 mundo,
1593 1552 1664 1587 est
1696 1546 1801 1600 quia-

304 1608 567 1651 affec’tiones
598 1610 806 1651 internae
837 1623 939 1651 raro
971 1609 1295 1660 consuluntur3
1337 1615 1383 1650 et
1414 1610 1450 1650 si
1487 1608 1799 1658 consuluntur,

305 1687 445 1727 usque
471 1687 564 1714 non
585 1674 766 1714 videtur
787 1673 1038 1714 similitudo
1063 1672 1241 1714 illarum
1264 1674 1309 1714 in
1334 1673 1516 1722 femina,
1540 1673 1652 1714 haec
1679 1673 1802 1714 enim

303 1749 363 1778 ex
390 1738 548 1778 nativa
570 1737 677 1778 dote
698 1736 891 1778 retrahit
914 1737 1118 1778 internas
1144 1737 1188 1777 in
1211 1736 1468 1789 penetralia
1489 1737 1657 1777 mentis
1678 1749 1800 1776 suae.

304 1799 587 1841 Affeetiones
614 1806 850 1849 externae,
878 1804 994 1854 quae
1020 1800 1141 1840 viros
1167 1800 1224 1840 ad
1251 1799 1616 1840 contrahendum
1642 1799 1801 1839 matri-

304 1864 458 1905 monia
488 1864 723 1912 inducunt,
751 1870 856 1904 sunt
883 1863 1060 1916 plures;
1093 1863 1237 1917 prima
1263 1861 1440 1903 affectio
1471 1861 1601 1914 hujus
1632 1860 1801 1902 saeculi

304 1933 375 1968 est
396 1926 459 1968 rei
479 1926 710 1967 familiaris
737 1925 1034 1979 amplificatio
1061 1940 1141 1979 per
1162 1939 1287 1979 opes,
1312 1932 1408 1966 tam
1435 1931 1484 1966 ut
1511 1924 1800 1977 locupleten-

304 1996 391 2039 tur,
424 2002 559 2043 quam
597 1996 646 2030 ut
687 1995 935 2043 suppetant
967 1989 1152 2042 copiae;
1199 1988 1346 2029 altera
1381 1993 1451 2028 est
1486 1987 1706 2040 aspiratio
1742 1987 1801 2028 ad

304 2053 516 2102 honores,
549 2051 623 2093 vel
668 2058 717 2093 ut
763 2052 1196 2105 magnipendantur,
1229 2050 1303 2092 vel
1348 2057 1397 2091 ut
1438 2051 1483 2091 in
1523 2049 1802 2103 amplificato

304 2122 433 2158 statu
464 2116 671 2157 fortunae
703 2116 823 2156 sint:
858 2121 1038 2168 praeter
1069 2114 1152 2155 has
1184 2120 1288 2155 sunt
1318 2114 1470 2154 variae
1502 2112 1802 2167 pellectiones

307 2186 354 2221 et
381 2179 810 2233 concupiscentiae;
842 2178 928 2219 hae
955 2191 1039 2219 nec
1067 2178 1180 2218 dant
1214 2177 1363 2218 locum
1391 2176 1666 2230 explorandi
1690 2189 1802 2218 con-

305 2243 562 2284 venientias
587 2241 875 2283 affeffionum
908 2242 1202 2282 internarum.
1263 2240 1338 2281 Ex
1371 2240 1439 2280 his
1472 2241 1627 2293 paucis
1654 2245 1800 2293 patet,

305 2307 426 2362 quod
454 2307 746 2348 matrimonia
771 2306 1076 2347 communiter
1102 2304 1432 2346 contrahantur
1456 2305 1501 2345 in
1527 2304 1697 2345 mundo
1728 2317 1800 2345 se·

306 2371 503 2413 cundum
530 2369 792 2412 affeffiones
818 2375 1053 2411 externas.
1119 2371 1122 2375 ⁴
1824 2416 1826 2421 ,

390 2442 514 2486 275.
557 2432 656 2487 (iv.)
692 2432 785 2474 Sed
815 2432 934 2486 quod
968 2431 1013 2473 si
1044 2444 1127 2471 non
1164 2430 1363 2471 internae
1391 2430 1659 2484 affec‘h‘ones,
1691 2442 1804 2483 quae

260 2515 265 2519 ·
305 2499 574 2553 conjungunt
593 2503 769 2546 mentes,
792 2496 957 2545 insunt,
978 2494 1263 2536 matrimonia
1284 2494 1329 2534 in
1351 2494 1475 2534 domo
1495 2493 1804 2535 solvantur.—

307 2561 485 2602 Dicitur
515 2561 559 2601 in
586 2560 737 2609 domo,
765 2560 868 2614 quia
899 2559 1109 2613 privatim
1137 2558 1256 2598 inter
1287 2557 1415 2607 illos;
1448 2557 1569 2611 quod
1602 2557 1667 2606 fit,
1694 2557 1801 2598 dum

306 2625 436 2679 primi
458 2623 635 2665 calores
653 2624 832 2664 accensi
851 2630 1059 2677 tempore
1077 2621 1463 2675 desponsationis,
1483 2627 1530 2662 et
1552 2620 1802 2673 flagrantes

307 2688 414 2728 dum
441 2688 615 2728 instant
643 2688 843 2740 nuptiae,
868 2685 1121 2727 successive
1143 2691 1306 2738 postea
1329 2690 1517 2737 propter
1538 2684 1801 2737 discrepan-

307 2751 420 2792 tiam
465 2748 754 2791 affeffldonum
803 2750 1098 2796 internarum,
1145 2747 1478 2795 defervescunt,
1526 2752 1573 2787 et
1618 2746 1801 2787 demum

308 2815 479 2856 abeunt
511 2815 556 2855 in
588 2813 779 2866 frigora:
825 2813 946 2866 quod
978 2818 1087 2853 tunc
1120 2809 1382 2851 affefflones
1415 2816 1653 2858 externae,
1686 2822 1803 2863 quae

308 2879 587 2919 induxerunt
613 2883 660 2918 et
686 2875 1020 2917 allectaverunt
1045 2874 1148 2915 illos
1179 2873 1237 2914 ad
1270 2873 1625 2921 matrimonium,
1649 2872 1801 2925 dispa-

308 2948 478 2989 rentur,
513 2947 562 2982 ut
607 2953 690 2981 nec
720 2924 930 2993 ¹amplius‘
975 2936 1270 2990 conjungant.
1313 2943 1472 2977 notum
1517 2941 1602 2976 est.
1665 2932 1801 2986 Quod

309 3006 477 3059 frigora
516 3004 780 3046 oboriantur
812 3017 870 3044 ex
904 3002 1037 3043 variis
1077 3001 1225 3042 causis
1265 3000 1470 3048 internis,
1503 2998 1722 3052 externis,
1755 3002 1803 3038 et
