2014 3386
537 359 603 392 DE
635 357 814 391 AMORE
846 357 1274 401 CONJUGIAL1.——N.
1307 360 1397 402 199.
1632 349 1709 402 163

213 474 496 530 affec‘lionum
523 473 882 515 marial—Haec
909 486 1045 515 unum
1077 478 1183 514 sunt
1215 485 1317 516 cum
1343 472 1464 515 'binis
1491 472 1707 523 articulis,-

211 539 287 593 qui
308 537 600 592 praecedunt,
621 538 723 591 quia
741 536 1000 579 affectiones
1018 543 1123 578 sunt
1140 536 1420 587 voluntatis;
1447 549 1552 577 nam
1574 532 1709 577 affec-

212 603 375 651 tiones,
411 615 525 655 quae
567 614 656 641 non
697 601 818 641 aliud
859 607 965 642 sunt
1005 614 1140 655 quam
1179 600 1486 642 derivationes
1525 600 1707 648 amoris,

211 665 409 710 formant
435 663 736 714 voluntatem,
763 678 815 705 ac
847 664 1016 705 faciunt
1048 666 1095 705 e't
1127 669 1410 716 componunt
1442 662 1594 713 illam;
1627 663 1708 703 sed

211 728 298 770 hae
323 734 429 769 sunt
460 727 579 781 apud
605 728 724 769 viros
755 728 800 768 in
832 726 1082 777 intellectu,
1110 727 1229 780 apud
1260 726 1450 767 feminas
1477 733 1632 767 autem
1664 727 1709 767 in

210 791 464 833 voluntate.

294 854 424 906 198.
460 853 594 908 (xiii.)
633 853 762 905 Quod
764 854 985 907 formatio
1001 853 1084 896 illa
1091 854 1186 909 fiat
1199 859 1286 907 per
1300 852 1582 906 receptionem
1597 860 1707 906 pro-

203 917 499 972 pagationum
524 918 699 959 animae
722 918 890 967 mariti,
913 931 1008 959 cum
1033 917 1186 960 delicio
1210 916 1398 959 oriundo
1422 931 1478 957 ex
1505 931 1564 966 eo,
1593 917 1714 970 quod

208 981 316 1023 velit
334 995 429 1022 esse
447 981 692 1033 sapientiae
715 982 791 1022 sui
807 981 968 1022 mariti
987 994 1124 1024 amor.
1161 979 1289 1022 Haec
1316 980 1579 1021 coincidunt
1603 993 1706 1021 cum

208 1044 452 1098 explicatis
492 1058 626 1098 supra
669 1044 731 1099 (n.
771 1054 862 1097 172,
901 1043 1014 1098 173),
1057 1058 1194 1098 quare
1231 1044 1419 1086 ulterior
1458 1044 1708 1096 explicatio

208 1108 521 1161 pertransitur.
596 1107 800 1149 Deliciae
832 1107 1110 1161 conjugiales
1146 1107 1264 1160 apud
1302 1120 1469 1150 uxores
1501 1121 1592 1148 non
1624 1107 1706 1148 ali-

209 1170 328 1213 unde
368 1172 540 1212 ducunt
582 1178 746 1220 ortum,
780 1184 916 1225 quam
955 1171 1076 1225 quod
1116 1170 1261 1212 velint
1301 1183 1436 1211 unum
1472 1185 1571 1212 esse
1603 1183 1705 1211 cum

208 1235 395 1283 maritis,
425 1235 542 1275 sicut
568 1234 736 1275 bonum
762 1241 833 1276 est
865 1247 1002 1275 unum
1035 1247 1137 1277 cum
1163 1248 1272 1275 vero
1304 1234 1348 1274 in
1375 1234 1587 1287 conjugio
1613 1235 1704 1287 spi·

206 1297 382 1348 ritua1i;
415 1298 535 1351 quod
562 1311 689 1339 amor
711 1298 976 1351 conjugialis
1002 1312 1062 1339 ex
1088 1297 1174 1339 hoc
1202 1297 1414 1351 conjugio
1436 1298 1703 1347 descendat,

207 1361 495 1414 singulariter
520 1361 565 1401 in
597 1375 677 1402 suo
709 1363 858 1414 capite
884 1362 1252 1403 demonstratum
1284 1368 1369 1403 est.
1429 1361 1627 1411 Exinde,
1656 1368 1705 1404 ut

206 1425 251 1466 in
283 1423 432 1477 effigie
464 1425 605 1466 videri
637 1431 806 1478 potest,
840 1426 960 1479 quod
992 1439 1109 1467 uxor
1139 1424 1388 1478 conjungat
1428 1425 1512 1465 sibi
1544 1425 1702 1474 virum,

206 1488 323 1529 sicut
355 1488 524 1529 bonum
555 1488 790 1542 conjungit
821 1490 905 1530 sibi
936 1501 1119 1540 verum;
1152 1494 1199 1530 et
1231 1487 1352 1542 quod
1383 1489 1450 1530 vir
1474 1489 1703 1542 reciproce

206 1550 454 1605 conjungat
482 1565 530 1592 se
557 1552 701 1600 uxori,
730 1552 979 1593 secundum
1005 1552 1317 1605 receptionem
1344 1551 1436 1605 ejus
1462 1552 1627 1592 amoris
1659 1553 1702 1593 in

205 1627 269 1664 se,
302 1615 417 1655 sicut
457 1628 612 1655 verum
654 1615 886 1668 reciproce
927 1614 1162 1668 conjungit
1202 1629 1250 1656 se
1290 1615 1413 1656 bono
1453 1615 1703 1656 secundum

204 1679 516 1731 receptionem
548 1678 655 1719 boni
687 1679 731 1719 in
763 1692 839 1730 se;
872 1685 919 1720 et
946 1679 1066 1732 quod
1098 1680 1160 1720 sic
1193 1692 1321 1720 amor
1352 1679 1506 1719 uxoris
1537 1678 1703 1720 formet

205 1755 253 1782 se
279 1754 359 1794 per
383 1742 652 1795 sapientiam
678 1743 772 1791 viri,
801 1743 917 1783 sicut
949 1743 1118 1783 bonum
1150 1742 1315 1783 format
1341 1756 1389 1783 se
1415 1755 1498 1795 per¹
1519 1755 1701 1793 verum;

204 1811 274 1846 est
306 1805 426 1846 enim
459 1819 615 1846 verum
655 1806 800 1846 forma
840 1806 960 1847 boni.
1021 1805 1097 1847 Ex
1128 1805 1198 1846 his
1230 1807 1370 1847 etiam
1402 1811 1546 1859 patet,
1579 1806 1702 1859 quod

203 1868 392 1910 deliciae
420 1869 699 1922 conjugiales
725 1870 843 1922 apud
870 1882 1060 1911 uxorem
1086 1870 1176 1910 sint
1203 1870 1513 1922 principaliter
1539 1883 1598 1910 ex
1630 1883 1700 1919 eo,

203 1932 324 1986 quod
346 1932 457 1973 velit
481 1946 617 1974 unum
641 1947 740 1974 esse
763 1946 863 1974 cum
887 1934 1065 1982 marito,
1090 1940 1426 1987 consequenter
1446 1933 1567 1987 quod
1591 1933 1702 1978 velit

203 2009 302 2036 esse
329 1996 581 2049 sapientiae
608 1997 673 2037 sui
700 1997 848 2037 mariti
875 2010 1029 2048 amor;
1062 1998 1204 2038 sentit
1231 1997 1351 2037 enim
1379 2003 1487 2038 tunc
1515 1996 1702 2039 delicias

202 2059 269 2099 sui
294 2058 456 2100 caloris
481 2060 525 2100 in
558 2059 656 2100 luce
683 2061 776 2109 viri,
804 2060 1054 2101 secundum
1080 2060 1315 2114 explicata
1345 2061 1388 2101 in
1421 2060 1612 2102 articulo
1643 2061 1699 2102 iv.

205 2120 268 2175 (n.
300 2122 412 2176 188.)
1276 2157 1283 2165 .

287 2196 419 2239 199.
454 2184 587 2240 (xiv.)
625 2185 752 2236 Quod
767 2186 832 2227 sic
840 2187 1070 2239 formetur
1085 2186 1214 2240 virgo
1234 2187 1280 2228 in
1302 2201 1496 2236 uxorem,
1516 2193 1559 2228 et
1563 2188 1698 2241 juve-

202 2248 272 2289 nis
297 2249 342 2289 in
365 2249 754 2291 marinum—Hoc
781 2250 878 2291 fluit
905 2257 953 2291 ut
980 2264 1266 2304 consequens
1291 2265 1351 2292 ex
1378 2251 1699 2292 antecedenti-

201 2311 284 2352 bus
324 2313 368 2352 in
409 2312 495 2353 hoc
534 2314 698 2365 capite,
742 2320 789 2354 et
831 2315 874 2354 in
916 2315 1066 2367 capite
1107 2315 1242 2367 priori
1280 2315 1338 2363 de
1379 2313 1699 2367 conjunctione

200 2373 443 2428 conjugum
470 2376 511 2416 in
540 2390 677 2417 unam
704 2390 900 2418 carnem.
962 2376 1098 2430 Quod
1123 2378 1253 2430 virgo
1279 2377 1358 2418 fiat
1384 2385 1462 2419 aut
1488 2377 1608 2418 facta
1638 2378 1698 2419 sit

201 2451 331 2487 uxor,
365 2445 435 2479 est
476 2440 579 2492 quia
611 2440 654 2480 in
687 2454 828 2481 uxore
856 2447 960 2482 sunt
993 2441 1237 2493 desumpta
1268 2456 1293 2482 e
1333 2442 1512 2489 marito,
1546 2447 1593 2482 et
1634 2442 1696 2482 sic

200 2501 443 2550 adscititia,
472 2516 586 2556 quae
614 2517 703 2543 non
732 2505 852 2557 prius
878 2504 922 2544 in
954 2503 1032 2544 illa
1064 2511 1112 2545 ut
1138 2505 1311 2558 virgine
1337 2505 1542 2555 fuerunt;
1574 2505 1696 2558 quod

195 2563 370 2616 juvenis
396 2564 473 2606 fiat
500 2572 577 2606 aut
604 2565 747 2607 factus
774 2568 831 2608 sit
857 2568 1059 2616 maritus,
1087 2574 1159 2609 est
1186 2569 1287 2622 quia
1318 2569 1362 2608 in
1396 2569 1559 2609 marito
1591 2576 1696 2609 sunt

200 2625 442 2680 desumpta
468 2641 526 2669 ex
555 2643 711 2678 uxore,
741 2644 854 2683 quae
881 2630 1285 2683 receptibilitatem
1312 2632 1477 2672 amoris
1504 2638 1549 2672 et
1576 2632 1691 2683 sapi-

199 2690 350 2732 entiae
391 2692 510 2744 apud
557 2691 681 2733 illum
722 2693 949 2742 exaltant,
992 2708 1106 2747 quae
1148 2708 1238 2736 non
1281 2695 1402 2748 prius
1442 2696 1485 2735 in
1526 2694 1604 2735 illo
1645 2701 1694 2735 ut

195 2751 359 2805 juvene
398 2753 603 2806 fuerunt;
646 2756 725 2796 sed
763 2756 876 2797 haec
917 2757 1038 2810 apud
1071 2757 1188 2806 illos,
1223 2759 1296 2811 qui
1327 2758 1371 2798 in
1403 2771 1556 2798 amore
1588 2770 1692 2798 vere

200 2815 439 2869 conjugiali
469 2825 603 2868 sunt;
636 2819 757 2872 quod
784 2821 875 2861 sint
907 2820 1027 2861 inter
1050 2820 1149 2869 hos,
1178 2821 1251 2874 qui
1284 2834 1332 2862 se
1359 2821 1563 2861 sentiunt
1595 2820 1692 2860 uni-

200 2886 297 2919 tum
328 2879 573 2930 hominem,
601 2889 648 2922 et
680 2883 795 2924 sicut
828 2896 963 2924 unam
995 2897 1193 2932 carnem,
1227 2884 1434 2924 videatur
1464 2884 1508 2923 in
1540 2884 1692 2935 capite

201 2943 502 2994 praecedente
533 2943 594 2997 (n.
624 2945 746 2998 178):
781 2960 840 2987 ex
867 2947 935 2987 his
958 2953 1101 2999 patet,
1126 2947 1245 3000 quod
1269 2948 1518 2999 virgineum
1542 2953 1690 2988 mute-

199 3011 272 3046 tur
296 3004 340 3045 in
367 3020 584 3047 uxoreum
608 3009 726 3060 apud
754 3008 955 3058 feminas,
980 3023 1031 3050 ac
1054 3009 1251 3062 juvenile
1274 3010 1317 3050 in
1342 3008 1547 3050 maritale
1570 3009 1688 3058 apud
