2014 3386
294 359 377 400 286
755 367 998 400 DELICIAE
1030 366 1335 400 SAPIENTIAE

291 485 336 526 in
362 483 602 525 voluntate
629 482 686 524 de
718 496 766 524 se
799 482 909 524 nihil
934 482 1036 532 scit,
1064 481 1167 536 quia
1191 481 1305 523 nihil
1335 480 1403 523 sui
1433 480 1494 523 ibi
1519 480 1675 530 sentit,
1705 493 1790 523 nec

291 562 317 589 a
347 562 395 588 se
421 548 481 588 ibi
502 547 615 600 agit,
644 547 724 587 sed
751 546 839 588 hoc
865 545 916 588 fit
947 546 992 587 in
1018 543 1256 587 intellectu
1281 551 1328 587 et
1360 544 1454 598 ejus
1479 544 1790 598 cogitatione3

291 625 430 665 quare
455 624 557 652 cum
584 623 712 651 amor
738 611 1045 663 impugnatur,
1074 616 1183 650 tunc
1215 622 1264 650 se
1296 608 1546 649 exacerbat
1578 608 1621 648 in
1652 607 1790 648 intel-

293 673 428 723 lectu,
461 673 585 728 quod
617 673 666 715 fit
699 686 778 726 per
808 674 931 714 varia
962 672 1226 723 ratiocinia3
1263 671 1381 713 -haec
1414 671 1653 712 ratiocinia
1683 677 1792 712 sunt

291 739 406 778 sicut
445 737 582 791 ligna,
615 750 730 790 quae
771 737 888 790 ignis
928 736 1145 784 incendit,
1178 742 1227 776 et
1267 748 1381 789 quae
1422 734 1526 775 inde
1567 734 1791 787 flagrant;

292 808 396 843 sunt
422 802 577 855 itaque
609 801 687 841 illa
719 801 834 841 sicut
867 800 1064 841 totidem
1092 798 1308 846 fomenta,
1335 804 1413 838 aut
1445 798 1561 838 sicut
1593 797 1791 838 totidem

291 865 510 906 materiae
529 863 886 912 combustibiles‚
907 877 966 903 ex
990 863 1148 916 quibus
1167 861 1215 902 fit
1237 860 1480 915 spiritualis
1497 859 1574 901 illa
1591 859 1790 908 flamma,

290 942 405 983 quae
433 927 604 969 multae
630 927 866 968 varietatis
892 933 976 967 est.

373 992 507 1045 361.
551 990 686 1043 Quod
711 990 849 1031 homo
871 989 1149 1031 accendatur
1170 1002 1230 1029 ex
1253 987 1598 1041 impugnatione
1621 986 1790 1028 amoris

291 1054 397 1108 ejus,
426 1055 653 1107 aperietur
679 1055 777 1106 ipsa
802 1067 950 1094 causa.
1014 1052 1182 1093 Forma
1202 1052 1402 1092 humana
1433 1051 1478 1091 in
1503 1051 1674 1092 intimis
1699 1050 1790 1090 suis

290 1132 317 1159 a
339 1118 568 1159 creatione
591 1124 662 1158 est
685 1117 828 1158 forma
844 1117 1010 1157 amoris
1032 1123 1079 1157 et
1102 1116 1353 1168 sapientiae
1373 1129 1382 1166 ;
1415 1115 1460 1155 in
1482 1114 1664 1155 homine
1683 1121 1790 1155 sunt

289 1195 448 1223 omnes
472 1180 731 1222 affectiones
753 1181 933 1230 amoris,
953 1186 999 1221 et
1022 1180 1126 1220 inde
1149 1192 1308 1220 omnes
1331 1178 1648 1231 perceptiones
1671 1178 1790 1231 sapi-

290 1245 442 1286 entiae
483 1246 527 1286 in
566 1242 893 1298 perfectissimo
930 1243 1090 1284 ordine
1132 1243 1432 1295 compositae,
1466 1242 1530 1282 ita
1570 1247 1619 1282 ut
1659 1240 1791 1281 simul

291 1308 459 1350 faciant
486 1309 764 1357 unanimum,
793 1314 839 1348 et
872 1307 935 1348 sic
968 1319 1131 1357 unum;
1164 1313 1279 1347 -sunt
1306 1305 1409 1346 illae
1436 1305 1789 1354 substantiatae,

291 1385 395 1413 nam
451 1373 737 1413 substantiae
789 1378 895 1412 sunt
947 1369 1149 1423 subjecta
1199 1369 1391 1411 illarum.
1467 1368 1580 1410 Cum
1635 1369 1790 1423 itaque

290 1435 489 1476 humana
512 1436 655 1477 forma
681 1449 741 1476 ex
768 1434 856 1475 illis
883 1435 1139 1487 composita
1164 1440 1250 1482 est,
1275 1439 1420 1487 patet,
1445 1432 1579 1486 quod,
1604 1432 1640 1473 si
1664 1445 1792 1474 amor

289 1500 596 1553 impugnatur,
625 1500 762 1540 etiarn
796 1499 1006 1539 universa
1048 1497 1127 1539 illa
1166 1497 1311 1538 forma
1351 1509 1453 1537 cum
1493 1496 1702 1536 omnibus
1741 1502 1790 1538 et

290 1563 479 1616 singulis
520 1564 580 1604 ibi
624 1564 668 1603 in
708 1563 901 1603 instanti
942 1575 1020 1602 seu
1061 1560 1194 1602 simul
1234 1561 1550 1614 impugnetur:
1599 1566 1646 1600 et
1686 1560 1788 1613 quia

289 1627 500 1668 omnibus
525 1627 638 1667 vivis
670 1640 696 1667 a
727 1626 960 1667 creatione
993 1625 1187 1665 inditum
1214 1631 1285 1664 est
1311 1623 1430 1664 velle
1463 1624 1507 1664 in
1540 1637 1620 1664 sua
1645 1623 1790 1664 forma

289 1704 570 1744 permanere,
605 1690 691 1731 hoc
728 1689 827 1731 vult
865 1689 1119 1730 communis
1150 1700 1398 1741 compages
1439 1700 1465 1727 a
1505 1686 1708 1740 singulis,
1741 1692 1790 1728 et

289 1754 468 1807 singula
493 1768 519 1794 a
546 1754 803 1805 communi3
836 1753 942 1794 inde
969 1765 1070 1793 cum
1097 1765 1226 1792 amor
1251 1752 1557 1804 impugnatur,
1585 1749 1788 1792 defendit

289 1832 337 1858 se
379 1831 458 1871 per
488 1816 774 1859 intellectum
803 1830 944 1864 suum,
973 1830 1025 1857 ac
1066 1813 1329 1856 intellectus
1361 1827 1440 1869 per
1469 1812 1710 1855 rationalia
1740 1819 1789 1855 et

290 1893 373 1932 per
397 1879 710 1931 imaginativa‚
733 1891 814 1931 per
833 1891 948 1932 quae
974 1878 1059 1919 sibi
1083 1883 1402 1932 repraesentat
1424 1883 1665 1927 eventum;
1697 1876 1782 1917 im·-

292 1943 447 1996 primis
479 1955 556 1994 per
587 1941 678 1988 illa,
712 1955 828 1994 quae
860 1954 996 1982 unum
1028 1955 1131 1983 cum
1162 1954 1331 1990 amore,
1363 1941 1438 1995 qui
1474 1941 1779 1994 impugnatur,

287 2010 455 2058 agunt:
498 2005 619 2058 quod
652 2005 735 2046 nisi
768 2004 911 2054 fieret,
945 2019 1004 2045 ex
1038 2004 1292 2058 privatione
1323 2004 1441 2045 illius
1472 2005 1651 2054 amoris,
1685 2012 1788 2046 tota

286 2068 364 2109 illa
393 2068 538 2109 forma
570 2067 934 2110 labefactaretur.
996 2069 1109 2109 Inde
1141 2081 1258 2109 nunc
1297 2074 1367 2109 est
1402 2068 1523 2122 quod
1560 2081 1702 2117 amor,
1737 2075 1786 2110 ut

286 2132 470 2173 resistat
497 2132 931 2185 impugnationibus,
956 2132 1238 2172 substantias
1260 2131 1429 2172 formae
1455 2145 1561 2172 suae
1587 2131 1783 2180 induret,

286 2208 337 2235 ac
370 2196 516 2248 erigat
548 2196 674 2249 quasi
705 2196 749 2236 in
782 2196 957 2243 cristas,
991 2195 1186 2235 totidem
1218 2194 1416 2243 aculeos,
1444 2194 1529 2235 hoc
1563 2201 1648 2243 est,
1677 2195 1785 2236 cris-

286 2265 365 2311 pet
397 2272 472 2310 se;
511 2259 616 2300 talis
643 2265 713 2300 est
746 2258 1044 2300 exacerbatio
1070 2259 1251 2307 amoris,
1279 2272 1393 2311 quae
1419 2264 1610 2298 vocatur
1635 2257 1783 2299 zelus:

286 2336 422 2375 quare
463 2323 498 2363 si
540 2336 630 2363 non
672 2323 806 2363 datur
846 2323 977 2375 copia
1016 2322 1271 2369 resistendi,
1305 2322 1446 2362 oritur
1485 2322 1696 2362 anxietas
1736 2328 1784 2363 et

286 2386 430 2435 dolor,
464 2387 568 2439 quia
607 2386 844 2440 praevidet
876 2384 1232 2427 exstinctionem
1266 2385 1491 2426 interioris
1522 2385 1644 2426 vitae
1682 2397 1782 2425 cum

279 2449 490 2503 jucundis
516 2450 622 2502 ejus.
685 2450 899 2491 Vicissim
927 2456 1096 2497 autem,
1124 2450 1160 2490 si
1186 2462 1314 2490 amor
1339 2449 1511 2489 favetur
1536 2455 1582 2490 et
1610 2447 1783 2489 mulce-

285 2521 370 2561 tur,
404 2513 549 2554 forma
580 2513 658 2553 illa
689 2514 883 2554 remittit
915 2527 977 2562 se,
1005 2512 1180 2554 emollit
1213 2526 1275 2561 se,
1309 2512 1473 2553 dilatat
1506 2525 1568 2561 se,
1595 2524 1649 2552 ac
1675 2511 1782 2552 sub·

284 2577 481 2618 stantiae
507 2577 679 2617 formae
706 2576 818 2618 fiunt
845 2577 984 2626 lenes,
1012 2575 1223 2625 blandae,
1253 2575 1519 2626 clementes,
1536 2581 1583 2617 et
1608 2574 1781 2616 lenoci-

284 2641 370 2681 nia.

368 2703 501 2756 362.
536 2702 633 2757 (iii.)
671 2703 800 2754 Quod
818 2703 940 2745 zelus
961 2702 1132 2744 lzomz'nz'
1157 2703 1231 2752 sit,
1259 2702 1408 2756 qualis
1431 2709 1499 2744 est
1521 2702 1613 2757 ejus
1638 2715 1777 2750 amor,

282 2766 346 2808 ita
367 2767 484 2808 alius
505 2767 576 2808 cui
593 2781 720 2808 amor
741 2767 875 2808 bonus
896 2774 976 2815 est,
999 2774 1042 2808 et
1060 2766 1178 2808 alius
1198 2766 1270 2807 cuz·
1286 2780 1414 2807 amor
1429 2763 1777 2818 malua—Qum*

283 2831 404 2870 niam
437 2831 560 2871 zelus
591 2836 661 2871 est
692 2831 872 2880 amoris,
906 2831 1106 2884 sequitur
1136 2829 1256 2883 quod
1289 2829 1395 2870 talis
1426 2829 1498 2878 sit,
1532 2827 1677 2882 qualis
1708 2833 1779 2868 est

283 2907 434 2944 amor;
474 2901 520 2935 et
552 2895 656 2948 quia
681 2907 861 2935 amores
893 2895 936 2946 in
969 2906 1138 2947 genere
1170 2899 1275 2934 sunt
1307 2893 1414 2942 bini,
1441 2905 1567 2933 amor
1592 2891 1700 2932 boni
1730 2895 1778 2932 et

282 2957 386 2998 inde
412 2959 519 3006 veri,
547 2971 599 2998 ac
626 2971 752 2998 amor
779 2958 884 2998 mali
911 2964 958 2999 et
983 2957 1087 2998 inde
1113 2956 1226 3004 falsi,
1253 2956 1356 2997 inde
1382 2956 1426 2997 in
1452 2968 1619 3008 genere
1645 2955 1779 2995 datur

283 3021 403 3063 zelus
431 3035 511 3075 pro
543 3022 665 3062 bono
697 3028 742 3062 et
774 3021 878 3062 inde
906 3034 1028 3071 vero,
1056 3026 1103 3062 et
1144 3019 1267 3061 zelus
1308 3032 1389 3073 pro
1420 3018 1543 3061 malo
1583 3024 1630 3060 et
1670 3018 1776 3059 inde

1996 3084 2014 3202 *Am-v..
2005 2983 2014 3069 rin—2-
2008 2899 2014 2961 -ui,
2011 2870 2014 2884 ..
2012 2831 2014 2833 .
