2014 3386
294 330 350 374 30
513 376 516 379 Δ
757 330 1000 363 DELICIAE
1032 330 1336 364 SAPIENTIAE

293 442 398 484 inde
430 457 522 485 non
553 443 598 484 in
630 443 711 485 tali
742 444 983 486 anxietate
1014 458 1074 486 ex
1106 444 1331 487 desiderio
1361 450 1409 487 et
1440 443 1790 499 exspe&atione

292 507 428 549 sunt?
488 506 534 549 Si
574 507 714 549 homo
754 514 860 562 post
897 515 1094 550 mortem
1125 508 1243 550 foret
1274 508 1369 551 tale
1401 522 1612 562 pneuma,
1645 515 1694 551 et
1726 509 1791 552 sic

291 570 460 612 halitus
485 571 625 620 venti,
651 577 759 612 tunc
781 571 856 612 vel
877 571 1094 613 volitaret
1119 572 1164 612 in
1191 572 1415 622 universo,
1439 572 1512 614 vel
1538 573 1788 614 secundum

292 634 576 687 quorundam
594 635 863 676 traditiones
882 641 1192 676 reservaretur
1213 636 1257 676 in
1280 635 1476 689 quodam
1499 649 1572 689 pu,
1592 642 1670 678 aut
1688 649 1790 678 cum

292 696 499 739 Patribus
525 698 570 739 in
597 698 753 748 limbo,
781 712 923 752 usque
955 698 1013 739 ad
1045 698 1254 739 ultimum
1276 698 1525 752 judicium3
1558 699 1656 753 quis
1682 699 1789 740 inde

293 773 385 801 non
417 774 477 802 ex
509 761 687 802 ratione
713 762 986 803 concludere
1019 767 1189 815 potest,
1223 762 1344 816 quod
1375 761 1439 802 illi
1471 762 1545 815 qui
1575 762 1790 803 vixerunt

292 836 320 864 a
350 824 493 877 prima
524 825 770 874 creatione,
803 839 829 866 e
870 838 958 878 qua
988 831 1235 866 censentur
1265 838 1348 866 sex
1380 824 1521 865 millia
1551 837 1789 874 annorum,

291 887 440 928 adhuc
467 887 511 928 in
535 887 668 928 simili
694 894 818 929 statu
839 888 980 929 anxio
1007 894 1176 937 essent,
1200 894 1248 929 et
1273 888 1560 941 progressive
1586 888 1631 928 in
1657 888 1791 928 anxi·

291 951 370 1000 ori,
399 951 503 1005 quia
528 952 675 992 omnis
697 949 987 1004 exspectatio
1012 965 1072 992 ex
1104 951 1329 992 desiderio
1354 951 1642 992 anxietatem
1665 950 1787 998 facit,

292 1020 340 1055 et
371 1028 398 1055 a
423 1020 629 1067 tempore
655 1014 712 1055 ad
739 1021 919 1068 tempus
945 1014 1146 1067 adauget
1172 1013 1328 1055 illam?
1360 1014 1549 1067 proinde
1572 1013 1693 1067 quod
1719 1013 1786 1055 illi

292 1076 440 1118 adhuc
467 1077 540 1118 vel
567 1077 814 1119 volitarent
839 1078 883 1118 in
911 1078 1136 1127 universo,
1163 1076 1237 1118 vel
1263 1076 1424 1118 inclusi
1449 1082 1715 1118 tenerentur
1740 1077 1786 1118 in

295 1154 369 1195 pu,
403 1147 450 1182 et
482 1142 545 1182 sic
578 1141 622 1181 in
654 1147 865 1182 extrema
896 1141 1108 1182 miseria?
1146 1140 1353 1181 similiter
1378 1140 1587 1181 Adamus
1618 1147 1666 1182 et
1696 1140 1791 1194 ejus

296 1218 440 1255 uxor3
474 1204 682 1245 similiter
704 1203 955 1254 Abraham,
981 1204 1080 1245 Isac
1108 1210 1155 1245 et
1178 1203 1324 1257 Jacob
1345 1217 1355 1255 3
1388 1210 1435 1245 et
1461 1203 1669 1245 similiter
1695 1217 1793 1246 om·

295 1280 377 1308 nes
399 1267 557 1321 reliqui
582 1267 640 1308 ab
665 1267 744 1309 illo
770 1267 1008 1320 tempore?
1068 1265 1179 1308 fflEx
1206 1266 1274 1308 his
1296 1267 1511 1321 sequitur,
1535 1266 1656 1321 quod
1683 1266 1794 1308 nihil

297 1330 638 1372 lamentabilius
669 1331 800 1380 foret,
834 1344 969 1384 quam
1012 1331 1136 1371 nasci
1175 1330 1329 1371 homo.
1390 1329 1480 1371 Sed
1516 1331 1794 1372 contrarium

296 1394 526 1447 provisum
558 1401 629 1435 est
661 1407 688 1434 a
724 1394 939 1444 Domino,
972 1394 1048 1448 qui
1079 1400 1151 1435 est
1180 1392 1389 1447 jehovah
1420 1393 1478 1434 ab
1509 1400 1714 1443 aeterno,
1747 1398 1795 1435 et

298 1457 489 1499 Creator
519 1458 729 1507 universi,
763 1458 884 1511 quod
916 1463 1067 1499 status
1098 1457 1310 1506 hominis,
1343 1457 1418 1510 qui
1463 1470 1511 1497 se
1558 1455 1794 1510 conjungit

297 1534 400 1562 cum
433 1520 540 1574 Ipso
576 1534 656 1574 per
687 1521 830 1562 vitam
861 1521 1112 1562 secundum
1144 1525 1392 1573 praecepta
1423 1519 1582 1573 Ipsius,
1615 1519 1795 1560 beatior

297 1591 345 1626 et
371 1584 543 1625 felicior
569 1584 627 1625 sit
654 1590 759 1638 post
785 1579 981 1626 mortem
1008 1597 1144 1638 quam
1170 1590 1278 1625 ante
1304 1582 1429 1624 illam
1459 1584 1504 1624 in
1531 1583 1717 1632 mundo,
1745 1587 1794 1624 et

298 1648 420 1702 quod
452 1647 629 1688 beatior
659 1654 706 1689 et
737 1647 908 1689 felicior
939 1648 998 1689 sit
1029 1662 1088 1688 ex
1121 1661 1190 1696 eo,
1218 1647 1339 1701 quod
1366 1646 1505 1687 homo
1530 1652 1638 1687 tunc
1665 1644 1795 1698 spiri-

297 1711 432 1752 tualis
464 1712 537 1760 sit,
565 1724 616 1752 ac
650 1710 892 1764 spiritualis
918 1710 1058 1752 homo
1084 1711 1224 1752 sentit
1256 1716 1303 1751 et
1335 1710 1526 1763 percipit
1547 1707 1792 1762 jucundum

297 1774 545 1827 spirituale,
579 1774 699 1828 quod
731 1774 1071 1827 supereminens
1102 1779 1173 1815 est
1216 1786 1323 1826 prae
1349 1771 1549 1826 jucundo
1580 1770 1790 1820 naturali,

297 1837 401 1891 quia
426 1837 588 1877 millies
614 1837 799 1877 excedit
826 1836 950 1877 illud.

381 1910 482 1953 30.
524 1899 661 1953 Quod
697 1899 850 1952 angeli
890 1905 938 1940 et
975 1899 1157 1952 spiritus
1194 1899 1285 1940 sint
1321 1898 1544 1946 homines,
1577 1903 1792 1939 constare

297 1969 455 2018 potest
479 1977 538 2004 ex
565 1963 651 2004 illis
679 1960 785 2003 visis
812 1962 1096 2011 Abrahamo,
1121 1961 1358 2011 Guideoni,
1387 1961 1581 2009 Danieli,
1609 1967 1656 2002 et
1683 1960 1792 2001 Pro-

298 2028 464 2082 phetis,
507 2026 725 2080 imprimis
769 2025 965 2079 Johanni
1011 2039 1113 2066 cum
1155 2025 1335 2078 scripsit
1378 2023 1696 2077 Apocalypsin,
1744 2029 1792 2064 et

298 2104 476 2145 quoque
503 2089 762 2130 mulieribus
788 2089 832 2129 in
859 2088 1068 2142 sepulcro
1094 2088 1308 2138 Domini;
1340 2088 1478 2128 immo
1505 2087 1609 2141 Ipse
1632 2086 1792 2127 Domi-

298 2167 381 2195 nus
413 2160 519 2208 post
546 2150 921 2194 resurreetionem
957 2151 1097 2205 [visus
1124 2149 1214 2203 est]
1244 2151 1487 2204 discipulis
1548 2149 1684 2203 Quod
1710 2150 1793 2190 visi

299 2218 406 2267 sint,
439 2217 521 2258 suit
554 2230 703 2265 causa,
732 2217 836 2269 quia
867 2221 974 2256 tunc
1007 2215 1154 2268 aperti
1186 2220 1291 2255 sunt
1324 2213 1442 2254 oculi
1474 2213 1658 2267 spiritus
1688 2212 1792 2254 illo-

298 2294 395 2323 rum
417 2295 426 2332 ;
459 2287 506 2321 et
534 2292 636 2321 cum
662 2279 707 2320 hi
732 2279 1007 2333 aperiuntur,
1032 2283 1254 2332 apparent
1276 2276 1428 2330 angeli
1455 2277 1500 2317 in
1527 2290 1607 2317 sua
1631 2276 1790 2325 forma,

299 2358 414 2398 quae
445 2350 516 2385 est
549 2344 774 2394 humana3
807 2349 856 2384 at
887 2355 989 2383 cum
1020 2341 1085 2383 illi
1116 2341 1235 2382 oculi
1267 2340 1407 2381 clausi
1439 2345 1554 2388 sunt,
1583 2339 1669 2380 hoc
1702 2347 1790 2390 est,

299 2406 502 2449 obvelati
533 2407 630 2447 visu
662 2406 895 2447 oculorum
927 2406 1000 2459 qui
1032 2405 1184 2446 omnia
1215 2417 1295 2444 sua
1327 2403 1514 2444 trahunt
1550 2416 1610 2443 ex
1643 2410 1791 2444 mate-

299 2470 396 2512 riali
423 2471 606 2519 mundo,
636 2476 744 2511 tunc
772 2482 862 2510 non
889 2474 1126 2522 apparent.

383 2543 473 2586 31.
516 2532 583 2573 At
616 2533 850 2574 sciendum
882 2538 968 2580 est,
1003 2531 1124 2585 quod
1163 2530 1302 2571 homo
1333 2535 1438 2583 post
1469 2534 1665 2570 mortem
1697 2542 1789 2570 non

299 2597 358 2638 sit
387 2597 526 2638 homo
558 2595 792 2645 naturalis,
826 2595 906 2636 sed
944 2595 1083 2635 homo
1119 2593 1376 2648 spiritualis,
1409 2599 1456 2634 et
1497 2606 1635 2646 usque
1670 2592 1791 2646 quod

300 2653 597 2713 sibi'prorsus
629 2659 786 2699 similis
812 2664 1046 2711 appareat,
1079 2670 1131 2698 ac
1163 2657 1228 2698 ita
1259 2656 1429 2704 similis,
1458 2661 1506 2696 ut
1537 2669 1627 2695 non
1659 2655 1794 2696 aliter

299 2724 430 2771 sciat,
451 2735 585 2776 quam
608 2721 729 2775 quod
752 2720 899 2780 adhuc
922 2721 966 2760 in
989 2720 1159 2760 mundo
1181 2718 1372 2760 naturali
1396 2719 1454 2759 sit
1474 2732 1483 2769 ;
1516 2717 1648 2758 simili
1671 2717 1789 2758 enim

299 2799 490 2840 corpore
516 2790 601 2833 est,
631 2783 763 2824 simili
789 2783 916 2832 facie,
945 2783 1077 2824 simili
1104 2781 1299 2836 loquela,
1327 2788 1374 2822 et
1400 2781 1619 2822 similibus
1645 2782 1792 2822 sensi·

299 2850 398 2898 bus,
422 2848 526 2902 quia
551 2846 685 2888 simili
708 2845 944 2887 affectione
970 2852 1017 2887 et
1043 2845 1339 2898 cogitatione,
1363 2858 1442 2885 seu
1468 2844 1602 2885 simili
1627 2844 1791 2885 volun-

301 2918 400 2953 tate
423 2919 469 2952 et
494 2908 744 2952 intellectu.
798 2909 883 2950 Est
906 2909 1087 2963 quidem
1114 2907 1351 2949 aestuanter
1373 2921 1463 2949 non
1489 2907 1660 2957 similis,
1689 2908 1793 2962 quia

301 2980 372 3016 est
399 2974 657 3028 spiritualis,
686 2979 732 3015 et
764 2973 869 3014 inde
900 2972 1039 3014 homo
1069 2972 1282 3023 interi0r;
1315 2971 1396 3012 sed
1427 2971 1669 3012 discrimen
1700 2983 1790 3012 non
