2014 3386
519 336 586 369 DE
617 335 796 369 AMORE
827 335 1304 370 SCORTATOR10.——N.
1331 328 1427 380 466.
1604 339 1683 383 357

195 457 243 494 et
267 451 498 505 religionis
525 457 644 501 sunt,
672 457 956 505 aspernatur,
980 465 1032 493 ac
1059 458 1222 506 postea
1247 452 1406 494 faciem
1435 465 1524 493 non
1552 466 1686 506 supra

197 521 405 557 naturam
430 514 569 563 tollit,
594 514 675 555 sed
697 515 756 556 ad
778 514 918 564 illam,
942 515 1060 556 sicut
1079 515 1138 556 ad
1160 528 1343 563 numen,
1368 516 1488 569 quod
1512 512 1685 556 libidini

196 591 304 619 suae
334 577 473 626 favet,
506 591 555 619 se
590 578 744 626 vertit,
778 591 838 619 ex
877 577 1000 631 cujus
1031 577 1203 619 influxu
1232 578 1337 619 dein
1377 578 1471 631 ejus
1502 579 1686 632 spiritus

196 641 383 681 animat.
445 639 593 682 Causa
618 640 806 681 interior
830 640 960 694 hujus
985 646 1254 694 apostaseos
1281 642 1507 694 aperietur
1537 643 1581 682 in
1613 655 1684 682 se-

196 703 455 756 quentibus.
517 701 652 756 Quod
693 702 764 744 hic
797 703 1130 745 concubinatus
1161 704 1450 745 detestabilis
1481 705 1554 752 sit,
1588 705 1685 758 ipse

195 765 272 807 ille
302 766 371 806 vir
401 779 493 807 non
523 766 665 816 videt,
698 767 802 820 quia
832 772 938 819 post
969 766 1201 808 occlusum
1232 766 1409 808 caelum
1441 767 1584 809 factus
1617 774 1686 809 est

194 828 370 870 insania
408 828 679 883 spiritualis;
716 835 765 870 at
803 843 919 871 uxor
958 836 1088 871 casta
1126 830 1171 871 id
1212 830 1444 884 perspicit,
1471 831 1574 884 quia
1613 837 1685 872 est

194 903 324 932 amor
354 891 638 945 conjugialis,
671 898 719 933 et
760 892 833 933 hic
865 905 992 934 amor
1023 899 1214 934 nauseat
1254 893 1327 944 id;
1373 907 1512 947 quare
1544 895 1684 935 etiam

194 953 346 1008 plures
377 969 437 996 ex
466 955 556 996 illis
587 956 646 997 ad
677 954 905 997 a&ualem
931 955 1297 1010 conjunctionem
1324 970 1426 998 cum
1457 958 1548 998 suis
1578 958 1685 998 viris

193 1023 358 1071 postea
383 1025 593 1068 renuunt,
616 1019 734 1061 sicut
759 1019 817 1060 ad
843 1019 888 1060 id
914 1020 1036 1074 quod
1061 1020 1394 1061 contaminaret
1419 1021 1684 1062 castitatem

192 1080 373 1122 illarum
398 1095 458 1123 ex
484 1082 703 1136 contagio
728 1082 925 1123 libidinis
949 1082 1240 1124 adhaerentis
1262 1084 1366 1124 viris
1392 1097 1452 1124 ex
1478 1084 1685 1125 meretri-

195 1144 334 1185 cibus.

277 1207 416 1262 465.
450 1206 548 1262 (iii.)
585 1207 715 1259 Quod
729 1208 792 1250 sit
805 1208 1078 1263 pohtgamia,
1099 1223 1210 1262 quae
1227 1223 1284 1250 ex
1303 1209 1405 1250 orbe
1421 1209 1684 1252 Christiano

193 1270 408 1312 damnata
438 1277 506 1312 est
533 1278 575 1312 et
614 1272 1081 1326 damnanda—Quod
1113 1273 1443 1314 concubinatus
1475 1274 1683 1315 simulta-

194 1347 305 1374 neus
342 1347 422 1375 seu
462 1333 731 1387 conjunctus
771 1347 874 1376 cum
915 1349 1071 1385 uxore,
1105 1336 1163 1376 sit
1198 1336 1464 1389 polygamia
1495 1337 1683 1378 tametsi

191 1409 284 1437 non
325 1398 499 1450 agnita,
526 1398 630 1451 quia
661 1411 754 1439 non
790 1411 870 1451 per
899 1398 1098 1452 aliquam
1131 1398 1282 1452 legem
1313 1405 1505 1448 statuta,
1539 1407 1586 1441 et
1617 1401 1681 1441 sic

192 1461 444 1509 nominata,
478 1461 640 1509 omnis,
673 1462 813 1502 etiam
845 1475 937 1503 non
969 1463 1225 1516 perspicaX,
1258 1463 1411 1513 videt;
1458 1469 1528 1504 est
1561 1465 1682 1505 enim

191 1522 359 1564 semina
384 1524 501 1564 sicut
533 1538 650 1565 uxor
676 1525 877 1566 usuraria
907 1531 968 1574 et¹
987 1525 1194 1566 concuba
1219 1526 1422 1579 spondae
1449 1526 1682 1580 conjugia-

192 1585 273 1626 lis:
320 1587 441 1640 quod
474 1587 739 1640 polygamia
775 1601 800 1630 e
843 1587 1104 1630 Christiano
1135 1589 1245 1630 orbe
1281 1590 1340 1630 sit
1374 1590 1595 1630 damnata
1634 1596 1682 1631 et

191 1649 467 1698 damnanda,
494 1651 539 1691 in
565 1651 715 1704 capite
741 1651 798 1692 de
823 1651 1085 1704 polygamia
1111 1650 1306 1692 evictum
1332 1658 1430 1703 est;
1464 1653 1682 1706 imprimis

191 1726 252 1753 ex
277 1712 347 1754 his
368 1713 455 1754 ibi:
517 1712 652 1766 Quod
675 1728 766 1755 non
790 1714 927 1756 liceat
950 1714 1212 1757 Christiano
1234 1716 1317 1756 nisi
1339 1729 1474 1756 unam
1492 1729 1682 1757 uxorem

191 1775 358 1817 ducere
382 1775 445 1829 (n.
474 1776 602 1831 338):
635 1783 682 1819 et
706 1776 841 1831 Quod
864 1777 1165 1828 Christianus,
1189 1779 1225 1819 si
1252 1779 1401 1831 plures
1423 1779 1564 1827 ducit,
1589 1792 1681 1820 non

191 1839 329 1880 modo
347 1839 620 1880 adulterium
638 1841 861 1889 naturale,
881 1842 962 1882 sed
981 1842 1121 1883 etiam
1138 1842 1411 1883 adulterium
1430 1842 1678 1895 spirituale,

191 1903 455 1944 committat
481 1901 542 1956 (n.
572 1902 700 1957 339):
743 1903 879 1957 Quod
905 1906 1126 1958 permissa
1150 1905 1282 1947 fuerit
1308 1906 1437 1958 genti
1461 1905 1680 1946 Israeliti-

191 1977 286 2014 cae,
309 1966 414 2019 quia
435 1966 555 2020 apud
580 1966 707 2007 illam
730 1967 941 2009 Ecclesia
962 1967 1220 2009 Christiana
1246 1981 1337 2009 non
1363 1968 1444 2009 suit
1469 1967 1530 2022 (n.
1561 1967 1679 2022 340).

191 2026 267 2068 Ex
298 2027 366 2068 his
397 2035 541 2082 patet,
569 2030 690 2082 quod
722 2031 1023 2072 concubinam
1055 2031 1302 2084 adjungere
1328 2031 1472 2081 uxori,
1497 2038 1545 2073 et
1575 2043 1679 2073 cum

193 2097 383 2145 utraque
409 2093 582 2134 sociare
609 2091 790 2143 lectum,
818 2094 878 2135 sit
903 2094 1037 2135 foeda
1063 2095 1338 2148 polygamia.

274 2154 416 2207 466.
450 2155 546 2210 (iv.)
582 2156 711 2207 Quod
725 2157 788 2198 sit
807 2158 1030 2207 scortatio,
1048 2165 1135 2211 per
1155 2159 1273 2212 quod
1288 2158 1541 2214 conjugiale,
1565 2158 1686 2212 quod

188 2223 256 2258 est
266 2217 481 2259 cimelium
493 2218 612 2260 vitae
627 2218 928 2269 Christianae,
945 2220 1320 2274 deperditur.-—Q
1327 2223 1414 2263 uod
1430 2223 1488 2263 sit
1503 2228 1678 2263 scorta·

189 2280 256 2321 tio
274 2280 374 2334 plus
392 2282 602 2335 opposita
615 2283 757 2324 amori
771 2283 1013 2337 conjugiali
1027 2298 1161 2338 quam
1177 2286 1399 2326 scortatio
1411 2286 1676 2334 communis,

191 2356 306 2397 quae
337 2344 534 2397 simplex
565 2346 837 2388 adulterium
868 2354 1073 2397 vocatur,
1101 2354 1148 2389 et
1179 2348 1300 2401 quod
1332 2349 1390 2389 sit
1423 2348 1680 2401 deprivatio

189 2407 336 2447 omnis
353 2407 583 2449 facultatis
601 2414 646 2450 et
668 2409 976 2451 inclinationis
993 2411 1050 2451 ad
1068 2411 1209 2452 vitam
1227 2410 1543 2464 conjugialem,
1564 2424 1678 2464 quae

190 2467 458 2511 Christianis
498 2484 525 2511 a
565 2472 808 2514 nativitate
838 2473 972 2522 inest,
1005 2474 1285 2527 argumentis
1317 2488 1469 2515 coram
1500 2474 1678 2515 ratione

188 2533 407 2587 sapientis
433 2533 608 2583 validis,
635 2541 793 2587 potest
824 2537 1045 2578 convinci.
1106 2536 1242 2590 Quod
1269 2537 1467 2590 primum
1492 2537 1676 2585 attinet,

187 2595 309 2649 quod
331 2597 658 2638 concubinatus
680 2598 977 2640 simultaneus
1003 2614 1082 2641 seu
1104 2599 1369 2653 conjunctus
1391 2613 1493 2642 cum
1516 2614 1675 2648 uxore,

187 2659 246 2699 sit
267 2660 490 2701 scortatio
512 2660 612 2712 plus
633 2663 844 2715 opposita
865 2663 1007 2704 amori
1028 2663 1285 2716 conjugiali,
1302 2677 1435 2717 quam
1454 2664 1677 2704 scortatio

187 2723 455 2770 communis,
479 2735 595 2776 quae
621 2724 818 2778 simplex
840 2725 1110 2767 adulterium
1133 2732 1333 2775 vocatur,
1353 2727 1494 2767 videri
1520 2731 1676 2780 potest

187 2797 248 2825 ex
277 2784 374 2835 his;
412 2786 532 2839 quod
559 2788 828 2829 scortationi
854 2789 1084 2829 communi
1116 2803 1194 2830 seu
1226 2789 1452 2830 adulterio
1484 2787 1676 2840 simplici

187 2858 278 2888 non
310 2848 416 2890 insit
447 2862 575 2890 amor
599 2850 822 2903 analogius
843 2853 984 2893 amori
1011 2851 1267 2905 conjugiali,
1296 2866 1401 2893 nam
1434 2858 1506 2893 est
1537 2851 1676 2892 modo

186 2916 385 2952 oestrum
411 2912 572 2960 carnis,
600 2913 720 2966 quod
746 2913 869 2955 illico
892 2915 1179 2964 defervescit,
1208 2921 1255 2957 et
1287 2915 1557 2969 quandoque
1584 2926 1675 2954 non

186 2974 430 3027 vestigium
457 2976 623 3016 amoris
650 2982 755 3030 post
787 2990 837 3019 se
867 2977 1082 3032 relinquit
1113 2978 1171 3019 ad
1202 2978 1327 3019 illam
1345 2992 1355 3030 ;
1397 2988 1535 3031 quare
1560 2976 1673 3018 haec
