2014 3386
313 318 398 372 376
684 331 686 333 ’
753 328 1082 362 VOLUPTATES
1113 329 1360 362 INSANIAE

308 448 470 495 extra3
502 447 551 484 at
577 441 622 484 in
647 442 872 486 adulterio
894 443 1145 486 voluntatis
1166 444 1262 498 agit
1284 443 1497 486 voluntas
1522 445 1580 486 ab
1605 445 1726 487 intra
1749 459 1803 488 ac

307 505 569 548 intelleEtus
596 506 655 547 ab
679 513 840 559 extra,
831 521 840 530 ·
873 521 925 549 ac
950 507 1165 549 voluntas
1190 514 1262 549 est
1286 508 1382 562 ipse
1408 508 1560 557 homo,
1584 522 1637 550 ac
1664 509 1803 551 intel·

309 567 454 611 lectus
471 575 543 611 est
564 569 704 611 homo
724 584 785 611 ex
807 570 1072 622 voluntate3
1106 584 1158 612 ac
1180 571 1226 612 id
1249 571 1369 626 quod
1389 572 1510 613 intra
1525 573 1637 626 agit,
1655 572 1804 615 domi-

308 640 443 674 natur
468 647 602 686 super
625 633 671 674 id
696 634 818 688 quod
843 640 979 675 extra
1003 635 1114 688 agit.

393 705 526 750 491.
571 694 675 750 (xi.)
723 696 853 748 Quod
886 697 1114 739 adulterza
1156 697 1213 740 ab
1251 697 1325 740 lczs
1353 699 1488 751 sabla
1511 714 1682 754 gravza
1711 699 1805 742 sznt

306 759 541 800 secundum
569 760 935 815 confirmationes.
938 760 1129 802 —Solus
1168 760 1430 803 intelle&us
1469 763 1722 814 confirmat,
1754 771 1804 806 et

306 834 410 863 cum
441 822 696 872 confirmat,
725 823 1014 865 voluntatem
1041 825 1270 875 adsciscit,
1298 832 1346 867 et
1376 827 1545 868 circum
1575 841 1623 868 se
1655 828 1800 881 ponit,

306 891 354 926 et
380 886 443 927 sic
469 887 615 940 adigit
636 887 762 928 illam
784 887 844 928 ad
872 888 1162 941 obsequium:
1197 883 1564 932 confirmationes
1585 890 1698 932 fiunt
1723 904 1804 945 per

305 949 555 999 ratiocinia,
583 964 698 1004 quae
726 964 856 992 mens
881 958 1040 1005 captat
1068 952 1141 993 vel
1172 966 1196 993 e
1228 953 1414 1006 regione
1445 967 1526 994 sua
1555 955 1801 1007 superiore,

305 1012 379 1053 vel
406 1027 430 1054 e
455 1014 643 1067 regione
669 1014 904 1066 inferiore;
938 1016 974 1055 si
1000 1029 1024 1056 e
1050 1016 1237 1068 regione
1265 1016 1507 1069 superiore,
1535 1030 1650 1071 quae
1675 1030 1801 1059 com-

305 1076 507 1117 municat
525 1090 625 1118 cum
641 1077 784 1127 caelo,
801 1077 1042 1119 confirmat
1059 1078 1269 1132 conjugia
1286 1086 1332 1120 et
1350 1079 1537 1121 damnat
1551 1080 1775 1122 adulteria
1790 1095 1800 1133 ;

305 1145 355 1180 at
390 1139 428 1180 si
464 1154 488 1181 e
519 1141 709 1194 regione
740 1141 962 1191 inferiore,
995 1156 1112 1196 quae
1143 1144 1450 1185 communicat
1481 1157 1584 1185 cum
1615 1145 1800 1194 mundo,

305 1202 543 1245 confirmat
587 1204 828 1254 adulteria,
871 1212 919 1247 et
964 1205 1175 1259 conjugia
1219 1205 1524 1259 floccipendit.
1601 1207 1802 1263 Quisque

304 1272 461 1318 potest
483 1267 750 1309 confirmare
773 1268 942 1309 malum
964 1283 1108 1323 aeque
1131 1283 1183 1310 ac
1210 1270 1393 1319 bonum,
1413 1271 1620 1312 similiter
1642 1271 1801 1313 salsum

304 1334 352 1370 et
398 1343 569 1380 verum,
616 1337 664 1373 et
709 1331 996 1374 confirmatio
1041 1333 1148 1373 mali
1197 1332 1511 1375 dele&abilius
1557 1335 1803 1389 percipitur

306 1405 439 1445 quam
466 1393 749 1436 confirmatio
775 1395 897 1445 boni,
925 1409 978 1437 ac
1005 1395 1290 1438 confirmatio
1315 1396 1414 1438 salsi
1445 1397 1634 1439 lucidius
1659 1411 1800 1453 appa-

303 1461 376 1497 ret
415 1470 550 1511 quam
591 1458 878 1500 confirmatio
909 1460 1028 1500 veri:
1076 1473 1213 1500 causa
1252 1466 1337 1509 est,
1371 1461 1476 1514 quia
1515 1461 1802 1504 confirmatio

304 1519 412 1560 mali
434 1526 480 1561 et
504 1520 602 1562 falsi
623 1521 765 1563 trahit
787 1536 867 1563 sua
888 1523 1127 1564 ratiocinia
1149 1537 1208 1564 ex
1227 1522 1450 1577 jucundis,
1470 1524 1799 1577 voluptatibus,

302 1586 582 1637 apparentiis
619 1592 666 1627 et
707 1586 899 1627 fallaciis
930 1600 1145 1628 sensuum
1177 1588 1392 1640 corporis,
1426 1594 1475 1629 at
1515 1587 1802 1630 confirmatio

303 1647 411 1688 boni
437 1655 484 1689 et
510 1649 604 1690 veri
630 1649 771 1690 trahit
797 1664 899 1691 suas
925 1651 1129 1692 rationes
1154 1665 1179 1692 e
1201 1652 1388 1705 regione
1414 1665 1549 1705 supra
1574 1651 1802 1694 sensualia

303 1712 518 1765 corporis.
580 1712 712 1754 Nunc
745 1713 849 1767 quia
881 1714 1003 1755 mala
1043 1720 1091 1755 et
1130 1714 1244 1755 falsa
1280 1729 1423 1768 aeque
1455 1721 1648 1769 possunt
1688 1728 1799 1756 con-

302 1773 466 1815 firmari
492 1775 609 1817 sicut
641 1776 762 1817 bona
792 1783 840 1818 et
871 1791 993 1826 vera,
1021 1783 1068 1819 et
1100 1778 1205 1831 quia
1235 1777 1498 1819 intellectus
1525 1778 1799 1820 confirmans

302 1837 444 1879 trahit
477 1837 767 1880 voluntatem
806 1840 852 1881 in
892 1854 997 1881 suas
1029 1848 1199 1894 partes,
1227 1855 1280 1883 ac
1321 1841 1536 1882 voluntas
1577 1855 1666 1882 una
1696 1855 1797 1884 cum

302 1899 541 1942 intellectu
566 1902 732 1943 format
765 1910 983 1952 mentem,
1012 1905 1320 1958 consequitur,
1348 1905 1468 1959 quod
1499 1904 1644 1946 forma
1669 1917 1798 1947 men-

302 1964 362 2004 tis
393 1964 620 2006 humanae
651 1966 710 2006 sit
742 1967 994 2007 secundum
1027 1967 1413 2017 confirmationes,
1441 1982 1572 2009 versa
1603 1965 1660 2010 ad
1691 1981 1797 2010 cae—

303 2026 395 2067 lum
422 2028 458 2068 si
485 2027 856 2071 confirmationes
879 2029 972 2083 ejus
998 2037 1104 2072 sunt
1137 2045 1219 2084 pro
1245 2030 1482 2084 conjugiis,
1508 2037 1556 2072 at
1583 2045 1715 2073 versa
1739 2032 1798 2073 ad

303 2091 525 2132 infernum
552 2092 589 2133 si
615 2099 722 2134 sunt
749 2107 830 2147 pro
856 2093 1119 2144 adulteriis;
1153 2101 1200 2135 et
1226 2094 1371 2148 qualis
1400 2101 1471 2136 est
1497 2095 1642 2136 forma
1667 2108 1798 2138 men-

302 2155 360 2196 tis
386 2155 597 2205 hominis,
621 2155 727 2197 talis
754 2163 825 2198 est
851 2157 1038 2210 spiritus
1063 2156 1171 2210 ejus,
1197 2158 1388 2210 proinde
1414 2158 1521 2199 talis
1547 2165 1618 2200 est
1643 2158 1796 2202 homo.

302 2218 378 2259 Ex
418 2218 489 2259 his
525 2232 643 2260 nunc
681 2225 881 2270 constat,
914 2220 1036 2274 quod
1075 2220 1300 2262 adulteria
1331 2220 1460 2274 hujus
1491 2222 1659 2275 gradus
1690 2228 1798 2277 post

302 2288 498 2324 mortem
524 2282 807 2335 imputentur
832 2283 1079 2324 secundum
1106 2283 1492 2325 confirmationes.

385 2354 519 2399 492.
553 2344 671 2399 (xii.)
707 2344 837 2396 Quod
851 2346 1074 2387 adulteria
1094 2347 1251 2399 quarti
1261 2347 1444 2400 gradus
1465 2347 1558 2388 sint
1573 2346 1799 2391 adulteria

301 2408 559 2458 voluntatis,
579 2409 818 2463 quaestunt
833 2409 889 2450 ab
907 2409 1000 2450 illis
1017 2409 1097 2462 qui
1105 2410 1288 2462 faciunt
1308 2410 1389 2451 illa
1411 2410 1532 2451 licita
1552 2417 1596 2451 et
1607 2410 1794 2464 placita,

303 2486 376 2513 nec
400 2472 528 2522 tanti,
557 2479 606 2513 ut
635 2479 859 2514 mereatur
883 2473 936 2513 de
965 2472 1058 2514 illis
1082 2472 1306 2514 consulere
1326 2474 1795 2516 intendam—Haec

301 2535 527 2577 adulteria
549 2536 891 2589 distinguuntur
916 2550 942 2577 a
968 2536 1203 2590 prioribuS,
1229 2551 1288 2577 ex
1315 2537 1495 2578 illorum
1518 2537 1792 2590 originibus:

301 2599 431 2652 origo
453 2598 613 2640 horum
636 2599 961 2640 adulteriorum
984 2605 1055 2641 est
1081 2613 1141 2640 ex
1168 2613 1308 2654 prava
1329 2600 1573 2641 voluntate
1595 2606 1798 2642 connata

300 2662 488 2711 homini,
515 2676 595 2703 seu
621 2677 681 2703 ex
708 2662 830 2703 malo
855 2662 1145 2711 hereditario,
1173 2664 1243 2704 cui
1275 2663 1428 2712 homo,
1458 2670 1702 2717 postquam
1729 2663 1796 2704 sui

296 2725 453 2779 judicii
488 2724 633 2766 factus
673 2732 760 2774 est,
794 2739 932 2767 caece
965 2726 1138 2774 obedit,
1173 2725 1287 2767 nihil
1320 2726 1548 2780 judiando
1601 2727 1659 2768 de
1698 2725 1790 2767 illis

303 2802 409 2830 num
436 2788 558 2830 mala
583 2789 673 2830 sint
699 2788 772 2829 vel
799 2802 917 2840 non;
950 2803 1088 2843 quare
1110 2786 1287 2838 dicitur,
1312 2790 1433 2843 quod
1459 2789 1536 2831 illa
1562 2802 1652 2830 non
1674 2789 1796 2830 tanti

302 2858 497 2905 reputet,
532 2858 580 2893 ut
621 2858 849 2893 mereatur
889 2858 939 2893 ut
978 2852 1035 2893 de
1076 2852 1164 2892 illis
1205 2853 1471 2894 consulatur
1502 2850 1792 2894 intellectus:

303 2917 431 2968 origo
458 2923 612 2956 autern
638 2915 981 2963 adulteriorum,
1009 2929 1124 2969 quae
1155 2922 1379 2956 vocantur
1402 2915 1626 2956 adulteria
1650 2915 1792 2956 ratio-

303 2980 385 3029 nis,
414 2986 519 3021 sunt
546 2993 605 3021 ex
631 2992 845 3033 perverso
871 2976 1124 3028 intellectu,
1152 2984 1200 3019 et
1226 2977 1338 3020 fiunt
1369 2978 1428 3020 ab
1457 2978 1546 3019 illis
1578 2979 1651 3033 qui
1682 2991 1793 3020 con-
