<?xml version="1.0" encoding="UTF-8"?>
<!DOCTYPE html PUBLIC "-//W3C//DTD XHTML 1.0 Transitional//EN"
    "http://www.w3.org/TR/xhtml1/DTD/xhtml1-transitional.dtd">
<html xmlns="http://www.w3.org/1999/xhtml" xml:lang="en" lang="en">
 <head>
  <title>
</title>
<meta http-equiv="Content-Type" content="text/html;charset=utf-8" />
  <meta name='ocr-system' content='tesseract 3.04.00' />
  <meta name='ocr-capabilities' content='ocr_page ocr_carea ocr_par ocr_line ocrx_word'/>
</head>
<body>
  <div class='ocr_page' id='page_1' title='image "./deliciaesapienti00sweduoft_0118.png"; bbox 0 0 2014 3386; ppageno 0'>
   <div class='ocr_carea' id='block_1_1' title="bbox 310 332 1353 367">
    <p class='ocr_par' dir='ltr' id='par_1_1' title="bbox 310 332 1353 367">
     <span class='ocr_line' id='line_1_1' title="bbox 310 332 1353 367; baseline 0.001 -1"><span class='ocrx_word' id='word_1_1' title='bbox 310 334 326 366; x_wconf 95' lang='lat'>1</span> <span class='ocrx_word' id='word_1_2' title='bbox 342 333 389 366; x_wconf 88' lang='lat'>12</span> <span class='ocrx_word' id='word_1_3' title='bbox 770 332 1014 366; x_wconf 86' lang='lat' dir='ltr'>DELICIAE</span> <span class='ocrx_word' id='word_1_4' title='bbox 1046 333 1353 367; x_wconf 78' lang='lat' dir='ltr'>SAPIENTIAE</span> 
     </span>
    </p>
   </div>
   <div class='ocr_carea' id='block_1_2' title="bbox 302 444 1809 3037">
    <p class='ocr_par' dir='ltr' id='par_1_2' title="bbox 302 444 1809 1236">
     <span class='ocr_line' id='line_1_2' title="bbox 304 444 1809 492; baseline 0.001 -11"><span class='ocrx_word' id='word_1_5' title='bbox 304 445 384 481; x_wconf 90' lang='lat' dir='ltr'>tiae</span> <span class='ocrx_word' id='word_1_6' title='bbox 404 451 486 480; x_wconf 86' lang='lat' dir='ltr'>tam</span> <span class='ocrx_word' id='word_1_7' title='bbox 509 444 664 481; x_wconf 90' lang='lat' dir='ltr'>nobiles</span> <span class='ocrx_word' id='word_1_8' title='bbox 685 455 804 491; x_wconf 88' lang='lat' dir='ltr'>quarn</span> <span class='ocrx_word' id='word_1_9' title='bbox 827 444 1033 492; x_wconf 85' lang='lat' dir='ltr'><strong>ignobiles,</strong></span> <span class='ocrx_word' id='word_1_10' title='bbox 1055 451 1101 481; x_wconf 92' lang='lat' dir='ltr'>ut</span> <span class='ocrx_word' id='word_1_11' title='bbox 1126 444 1314 481; x_wconf 86' lang='lat' dir='ltr'>animalia</span> <span class='ocrx_word' id='word_1_12' title='bbox 1334 452 1474 487; x_wconf 90' lang='lat' dir='ltr'>terrae,</span> <span class='ocrx_word' id='word_1_13' title='bbox 1492 445 1676 482; x_wconf 89' lang='lat' dir='ltr'>volucres</span> <span class='ocrx_word' id='word_1_14' title='bbox 1696 446 1809 489; x_wconf 79' lang='lat' dir='ltr'>caeli.</span> 
     </span>
     <span class='ocr_line' id='line_1_3' title="bbox 306 498 1808 544; baseline 0.001 -10"><span class='ocrx_word' id='word_1_15' title='bbox 306 499 473 544; x_wconf 88' lang='lat' dir='ltr'>reptilia,</span> <span class='ocrx_word' id='word_1_16' title='bbox 493 498 632 544; x_wconf 88' lang='lat' dir='ltr'>pisces,</span> <span class='ocrx_word' id='word_1_17' title='bbox 650 499 857 534; x_wconf 79' lang='lat' dir='ltr'><strong>vermiculi</strong></span> <span class='ocrx_word' id='word_1_18' title='bbox 879 498 947 544; x_wconf 92' lang='lat' dir='ltr'>qui</span> <span class='ocrx_word' id='word_1_19' title='bbox 968 505 1163 533; x_wconf 89' lang='lat' dir='ltr'>vocantur</span> <span class='ocrx_word' id='word_1_20' title='bbox 1184 498 1346 538; x_wconf 65' lang='lat' dir='ltr'>insecta,</span> <span class='ocrx_word' id='word_1_21' title='bbox 1368 506 1584 534; x_wconf 90' lang='lat' dir='ltr'>nascantur</span> <span class='ocrx_word' id='word_1_22' title='bbox 1605 499 1644 534; x_wconf 91' lang='lat' dir='ltr'>in</span> <span class='ocrx_word' id='word_1_23' title='bbox 1666 510 1808 536; x_wconf 84' lang='lat' dir='ltr'>omnes</span> 
     </span>
     <span class='ocr_line' id='line_1_4' title="bbox 303 551 1807 597; baseline 0 -9"><span class='ocrx_word' id='word_1_24' title='bbox 303 552 490 588; x_wconf 86' lang='lat' dir='ltr'>scientias</span> <span class='ocrx_word' id='word_1_25' title='bbox 507 562 690 587; x_wconf 91' lang='lat' dir='ltr'>amorum</span> <span class='ocrx_word' id='word_1_26' title='bbox 713 551 818 586; x_wconf 91' lang='lat' dir='ltr'>vitae</span> <span class='ocrx_word' id='word_1_27' title='bbox 839 562 945 591; x_wconf 90' lang='lat' dir='ltr'>suae,</span> <span class='ocrx_word' id='word_1_28' title='bbox 967 558 1011 586; x_wconf 94' lang='lat' dir='ltr'>ut</span> <span class='ocrx_word' id='word_1_29' title='bbox 1039 551 1078 586; x_wconf 90' lang='lat' dir='ltr'>in</span> <span class='ocrx_word' id='word_1_30' title='bbox 1103 551 1240 586; x_wconf 90' lang='lat' dir='ltr'>omnia</span> <span class='ocrx_word' id='word_1_31' title='bbox 1259 562 1362 597; x_wconf 89' lang='lat' dir='ltr'>quae</span> <span class='ocrx_word' id='word_1_32' title='bbox 1383 552 1615 588; x_wconf 86' lang='lat' dir='ltr'>nutritionis</span> <span class='ocrx_word' id='word_1_33' title='bbox 1635 559 1742 592; x_wconf 87' lang='lat' dir='ltr'>sunt,</span> <span class='ocrx_word' id='word_1_34' title='bbox 1766 552 1807 588; x_wconf 85' lang='lat' dir='ltr'>in</span> 
     </span>
     <span class='ocr_line' id='line_1_5' title="bbox 305 604 1808 651; baseline 0 -10"><span class='ocrx_word' id='word_1_35' title='bbox 305 604 442 641; x_wconf 92' lang='lat' dir='ltr'>omnia</span> <span class='ocrx_word' id='word_1_36' title='bbox 462 615 564 651; x_wconf 91' lang='lat' dir='ltr'>quae</span> <span class='ocrx_word' id='word_1_37' title='bbox 586 604 846 640; x_wconf 87' lang='lat' dir='ltr'>habitationis</span> <span class='ocrx_word' id='word_1_38' title='bbox 867 611 972 645; x_wconf 92' lang='lat' dir='ltr'>sunt,</span> <span class='ocrx_word' id='word_1_39' title='bbox 992 604 1031 639; x_wconf 92' lang='lat' dir='ltr'>in</span> <span class='ocrx_word' id='word_1_40' title='bbox 1057 604 1193 639; x_wconf 88' lang='lat' dir='ltr'>omnia</span> <span class='ocrx_word' id='word_1_41' title='bbox 1212 615 1315 650; x_wconf 90' lang='lat' dir='ltr'>quae</span> <span class='ocrx_word' id='word_1_42' title='bbox 1335 605 1483 640; x_wconf 92' lang='lat' dir='ltr'>amoris</span> <span class='ocrx_word' id='word_1_43' title='bbox 1505 616 1622 640; x_wconf 87' lang='lat' dir='ltr'>sexus</span> <span class='ocrx_word' id='word_1_44' title='bbox 1648 611 1689 641; x_wconf 87' lang='lat' dir='ltr'>et</span> <span class='ocrx_word' id='word_1_45' title='bbox 1715 615 1808 651; x_wconf 75' lang='lat' dir='ltr'>pro·</span> 
     </span>
     <span class='ocr_line' id='line_1_6' title="bbox 303 657 1808 704; baseline 0.001 -11"><span class='ocrx_word' id='word_1_46' title='bbox 303 658 531 693; x_wconf 90' lang='lat' dir='ltr'>lificationis</span> <span class='ocrx_word' id='word_1_47' title='bbox 549 664 652 698; x_wconf 89' lang='lat' dir='ltr'>sunt,</span> <span class='ocrx_word' id='word_1_48' title='bbox 669 657 788 704; x_wconf 91' lang='lat' dir='ltr'>inque</span> <span class='ocrx_word' id='word_1_49' title='bbox 806 658 942 693; x_wconf 88' lang='lat' dir='ltr'>omnia</span> <span class='ocrx_word' id='word_1_50' title='bbox 960 668 1062 704; x_wconf 88' lang='lat' dir='ltr'>quae</span> <span class='ocrx_word' id='word_1_51' title='bbox 1080 657 1331 693; x_wconf 86' lang='lat' dir='ltr'>educationis</span> <span class='ocrx_word' id='word_1_52' title='bbox 1346 657 1499 693; x_wconf 84' lang='lat' dir='ltr'>fetuum</span> <span class='ocrx_word' id='word_1_53' title='bbox 1514 669 1677 693; x_wconf 88' lang='lat' dir='ltr'>suorum</span> <span class='ocrx_word' id='word_1_54' title='bbox 1692 664 1808 694; x_wconf 84' lang='lat' dir='ltr'>sunt:</span> 
     </span>
     <span class='ocr_line' id='line_1_7' title="bbox 303 710 1807 756; baseline 0 -10"><span class='ocrx_word' id='word_1_55' title='bbox 303 711 403 746; x_wconf 88' lang='lat' dir='ltr'>haec</span> <span class='ocrx_word' id='word_1_56' title='bbox 421 710 711 746; x_wconf 87' lang='lat' dir='ltr'>confirmabant</span> <span class='ocrx_word' id='word_1_57' title='bbox 730 721 800 756; x_wconf 92' lang='lat' dir='ltr'>per</span> <span class='ocrx_word' id='word_1_58' title='bbox 818 710 1022 751; x_wconf 90' lang='lat' dir='ltr'>mirabilia,</span> <span class='ocrx_word' id='word_1_59' title='bbox 1041 721 1143 756; x_wconf 91' lang='lat' dir='ltr'>quae</span> <span class='ocrx_word' id='word_1_60' title='bbox 1161 711 1402 746; x_wconf 87' lang='lat' dir='ltr'>revocabant</span> <span class='ocrx_word' id='word_1_61' title='bbox 1428 710 1468 746; x_wconf 89' lang='lat' dir='ltr'>in</span> <span class='ocrx_word' id='word_1_62' title='bbox 1496 711 1730 746; x_wconf 88' lang='lat' dir='ltr'>memoriam</span> <span class='ocrx_word' id='word_1_63' title='bbox 1755 720 1807 746; x_wconf 81' lang='lat' dir='ltr'>ex</span> 
     </span>
     <span class='ocr_line' id='line_1_8' title="bbox 302 762 1804 808; baseline -0.001 -8"><span class='ocrx_word' id='word_1_64' title='bbox 302 764 410 804; x_wconf 92' lang='lat' dir='ltr'>visis,</span> <span class='ocrx_word' id='word_1_65' title='bbox 437 763 596 804; x_wconf 89' lang='lat' dir='ltr'>auditis,</span> <span class='ocrx_word' id='word_1_66' title='bbox 618 770 659 799; x_wconf 88' lang='lat' dir='ltr'>et</span> <span class='ocrx_word' id='word_1_67' title='bbox 675 762 802 801; x_wconf 64' lang='lat' dir='ltr'>,lectis</span> <span class='ocrx_word' id='word_1_68' title='bbox 833 763 872 798; x_wconf 88' lang='lat' dir='ltr'>in</span> <span class='ocrx_word' id='word_1_69' title='bbox 901 764 1054 799; x_wconf 87' lang='lat' dir='ltr'>mundo</span> <span class='ocrx_word' id='word_1_70' title='bbox 1079 763 1262 803; x_wconf 87' lang='lat' dir='ltr'>naturali,</span> <span class='ocrx_word' id='word_1_71' title='bbox 1287 763 1358 808; x_wconf 91' lang='lat' dir='ltr'>(ita</span> <span class='ocrx_word' id='word_1_72' title='bbox 1383 765 1582 799; x_wconf 89' lang='lat' dir='ltr'>vocabant</span> <span class='ocrx_word' id='word_1_73' title='bbox 1608 764 1804 799; x_wconf 89' lang='lat' dir='ltr'>mundum</span> 
     </span>
     <span class='ocr_line' id='line_1_9' title="bbox 303 816 1805 863; baseline -0.001 -10"><span class='ocrx_word' id='word_1_74' title='bbox 303 824 496 857; x_wconf 86' lang='lat' dir='ltr'>nostrum,</span> <span class='ocrx_word' id='word_1_75' title='bbox 525 817 564 851; x_wconf 93' lang='lat' dir='ltr'>in</span> <span class='ocrx_word' id='word_1_76' title='bbox 591 827 673 863; x_wconf 92' lang='lat' dir='ltr'>quo</span> <span class='ocrx_word' id='word_1_77' title='bbox 699 817 806 862; x_wconf 89' lang='lat' dir='ltr'>prius</span> <span class='ocrx_word' id='word_1_78' title='bbox 831 817 1040 860; x_wconf 87' lang='lat' dir='ltr'>vixerant‚)</span> <span class='ocrx_word' id='word_1_79' title='bbox 1065 816 1105 851; x_wconf 89' lang='lat' dir='ltr'>in</span> <span class='ocrx_word' id='word_1_80' title='bbox 1131 827 1212 862; x_wconf 94' lang='lat' dir='ltr'>quo</span> <span class='ocrx_word' id='word_1_81' title='bbox 1238 827 1320 852; x_wconf 92' lang='lat' dir='ltr'>non</span> <span class='ocrx_word' id='word_1_82' title='bbox 1347 817 1709 862; x_wconf 88' lang='lat' dir='ltr'>repraesentativae</span> <span class='ocrx_word' id='word_1_83' title='bbox 1734 817 1805 852; x_wconf 91' lang='lat' dir='ltr'>sed</span> 
     </span>
     <span class='ocr_line' id='line_1_10' title="bbox 303 869 1807 915; baseline -0.001 -9"><span class='ocrx_word' id='word_1_84' title='bbox 303 871 428 906; x_wconf 88' lang='lat' dir='ltr'>reales</span> <span class='ocrx_word' id='word_1_85' title='bbox 446 870 596 905; x_wconf 90' lang='lat' dir='ltr'>bestiae</span> <span class='ocrx_word' id='word_1_86' title='bbox 618 870 775 905; x_wconf 88' lang='lat' dir='ltr'>dantur.</span> <span class='ocrx_word' id='word_1_87' title='bbox 828 869 1048 915; x_wconf 89' lang='lat' dir='ltr'>Postquam</span> <span class='ocrx_word' id='word_1_88' title='bbox 1067 869 1214 904; x_wconf 89' lang='lat' dir='ltr'>veritas</span> <span class='ocrx_word' id='word_1_89' title='bbox 1235 869 1523 915; x_wconf 83' lang='lat' dir='ltr'>propositionis</span> <span class='ocrx_word' id='word_1_90' title='bbox 1546 869 1601 904; x_wconf 92' lang='lat' dir='ltr'>ita</span> <span class='ocrx_word' id='word_1_91' title='bbox 1621 880 1807 915; x_wconf 90' lang='lat' dir='ltr'>compro-</span> 
     </span>
     <span class='ocr_line' id='line_1_11' title="bbox 303 922 1806 968; baseline 0 -10"><span class='ocrx_word' id='word_1_92' title='bbox 303 924 396 958; x_wconf 91' lang='lat' dir='ltr'>bata</span> <span class='ocrx_word' id='word_1_93' title='bbox 413 930 484 964; x_wconf 90' lang='lat' dir='ltr'>est,</span> <span class='ocrx_word' id='word_1_94' title='bbox 505 923 768 958; x_wconf 87' lang='lat' dir='ltr'>intendebant</span> <span class='ocrx_word' id='word_1_95' title='bbox 787 930 962 958; x_wconf 91' lang='lat' dir='ltr'>mentem</span> <span class='ocrx_word' id='word_1_96' title='bbox 981 923 1030 957; x_wconf 90' lang='lat' dir='ltr'>ad</span> <span class='ocrx_word' id='word_1_97' title='bbox 1052 922 1324 968; x_wconf 84' lang='lat' dir='ltr'>indagandum</span> <span class='ocrx_word' id='word_1_98' title='bbox 1343 928 1384 957; x_wconf 90' lang='lat' dir='ltr'>et</span> <span class='ocrx_word' id='word_1_99' title='bbox 1403 922 1687 958; x_wconf 90' lang='lat' dir='ltr'>inveniendum</span> <span class='ocrx_word' id='word_1_100' title='bbox 1705 922 1806 958; x_wconf 84' lang='lat' dir='ltr'>fines</span> 
     </span>
     <span class='ocr_line' id='line_1_12' title="bbox 303 975 1807 1022; baseline -0.001 -10"><span class='ocrx_word' id='word_1_101' title='bbox 303 983 345 1012; x_wconf 91' lang='lat' dir='ltr'>et</span> <span class='ocrx_word' id='word_1_102' title='bbox 362 987 516 1017; x_wconf 83' lang='lat' dir='ltr'>causas,</span> <span class='ocrx_word' id='word_1_103' title='bbox 536 987 607 1022; x_wconf 90' lang='lat' dir='ltr'>per</span> <span class='ocrx_word' id='word_1_104' title='bbox 625 987 723 1022; x_wconf 88' lang='lat' dir='ltr'>quas</span> <span class='ocrx_word' id='word_1_105' title='bbox 742 976 819 1011; x_wconf 88' lang='lat' dir='ltr'>hoc</span> <span class='ocrx_word' id='word_1_106' title='bbox 837 986 1024 1011; x_wconf 89' lang='lat' dir='ltr'>arcanum</span> <span class='ocrx_word' id='word_1_107' title='bbox 1043 975 1276 1010; x_wconf 89' lang='lat' dir='ltr'>evolverent</span> <span class='ocrx_word' id='word_1_108' title='bbox 1294 981 1336 1010; x_wconf 90' lang='lat' dir='ltr'>et</span> <span class='ocrx_word' id='word_1_109' title='bbox 1353 975 1609 1021; x_wconf 78' lang='lat' dir='ltr'>detegerent:</span> <span class='ocrx_word' id='word_1_110' title='bbox 1635 982 1676 1010; x_wconf 92' lang='lat' dir='ltr'>et</span> <span class='ocrx_word' id='word_1_111' title='bbox 1694 975 1807 1011; x_wconf 87' lang='lat' dir='ltr'>dixe-</span> 
     </span>
     <span class='ocr_line' id='line_1_13' title="bbox 304 1027 1805 1075; baseline -0.001 -10"><span class='ocrx_word' id='word_1_112' title='bbox 304 1037 398 1065; x_wconf 89' lang='lat' dir='ltr'>runt</span> <span class='ocrx_word' id='word_1_113' title='bbox 411 1041 561 1070; x_wconf 90' lang='lat' dir='ltr'>omnes,</span> <span class='ocrx_word' id='word_1_114' title='bbox 580 1030 688 1075; x_wconf 90' lang='lat' dir='ltr'>quod</span> <span class='ocrx_word' id='word_1_115' title='bbox 708 1029 775 1064; x_wconf 93' lang='lat' dir='ltr'>illa</span> <span class='ocrx_word' id='word_1_116' title='bbox 793 1040 873 1064; x_wconf 91' lang='lat' dir='ltr'>non</span> <span class='ocrx_word' id='word_1_117' title='bbox 892 1028 1047 1074; x_wconf 88' lang='lat' dir='ltr'>possint</span> <span class='ocrx_word' id='word_1_118' title='bbox 1066 1039 1146 1063; x_wconf 89' lang='lat' dir='ltr'>non</span> <span class='ocrx_word' id='word_1_119' title='bbox 1165 1038 1214 1063; x_wconf 90' lang='lat' dir='ltr'>ex</span> <span class='ocrx_word' id='word_1_120' title='bbox 1234 1027 1382 1063; x_wconf 92' lang='lat' dir='ltr'>Divina</span> <span class='ocrx_word' id='word_1_121' title='bbox 1399 1027 1605 1074; x_wconf 89' lang='lat' dir='ltr'>Sapientia</span> <span class='ocrx_word' id='word_1_122' title='bbox 1622 1028 1805 1069; x_wconf 88' lang='lat' dir='ltr'>existere,</span> 
     </span>
     <span class='ocr_line' id='line_1_14' title="bbox 303 1080 1805 1127; baseline -0.001 -9"><span class='ocrx_word' id='word_1_123' title='bbox 303 1089 348 1118; x_wconf 91' lang='lat' dir='ltr'>ut</span> <span class='ocrx_word' id='word_1_124' title='bbox 366 1083 489 1118; x_wconf 89' lang='lat' dir='ltr'>homo</span> <span class='ocrx_word' id='word_1_125' title='bbox 507 1083 560 1118; x_wconf 89' lang='lat' dir='ltr'>sit</span> <span class='ocrx_word' id='word_1_126' title='bbox 577 1083 711 1122; x_wconf 94' lang='lat' dir='ltr'>homo,</span> <span class='ocrx_word' id='word_1_127' title='bbox 730 1088 770 1118; x_wconf 90' lang='lat' dir='ltr'>et</span> <span class='ocrx_word' id='word_1_128' title='bbox 787 1081 916 1117; x_wconf 87' lang='lat' dir='ltr'>bestia</span> <span class='ocrx_word' id='word_1_129' title='bbox 933 1082 985 1117; x_wconf 89' lang='lat' dir='ltr'>sit</span> <span class='ocrx_word' id='word_1_130' title='bbox 1002 1081 1151 1122; x_wconf 86' lang='lat' dir='ltr'>bestia;</span> <span class='ocrx_word' id='word_1_131' title='bbox 1177 1088 1218 1116; x_wconf 89' lang='lat' dir='ltr'>et</span> <span class='ocrx_word' id='word_1_132' title='bbox 1235 1081 1292 1116; x_wconf 91' lang='lat' dir='ltr'>sic</span> <span class='ocrx_word' id='word_1_133' title='bbox 1306 1081 1416 1127; x_wconf 91' lang='lat' dir='ltr'>quod</span> <span class='ocrx_word' id='word_1_134' title='bbox 1436 1080 1685 1127; x_wconf 61' lang='lat' dir='ltr'>imperfectio</span> <span class='ocrx_word' id='word_1_135' title='bbox 1702 1081 1805 1116; x_wconf 87' lang='lat' dir='ltr'>nati-</span> 
     </span>
     <span class='ocr_line' id='line_1_15' title="bbox 302 1132 1803 1182; baseline -0.001 -11"><span class='ocrx_word' id='word_1_136' title='bbox 302 1136 439 1172; x_wconf 88' lang='lat' dir='ltr'>vitatis</span> <span class='ocrx_word' id='word_1_137' title='bbox 457 1136 632 1171; x_wconf 91' lang='lat' dir='ltr'>hominis</span> <span class='ocrx_word' id='word_1_138' title='bbox 651 1135 721 1170; x_wconf 86' lang='lat' dir='ltr'>fiat</span> <span class='ocrx_word' id='word_1_139' title='bbox 739 1135 827 1182; x_wconf 90' lang='lat' dir='ltr'>ejus</span> <span class='ocrx_word' id='word_1_140' title='bbox 845 1134 1047 1181; x_wconf 64' lang='lat' dir='ltr'>perfefiio,</span> <span class='ocrx_word' id='word_1_141' title='bbox 1066 1140 1107 1169; x_wconf 89' lang='lat' dir='ltr'>et</span> <span class='ocrx_word' id='word_1_142' title='bbox 1128 1132 1321 1180; x_wconf 61' lang='lat' dir='ltr'>perfectio</span> <span class='ocrx_word' id='word_1_143' title='bbox 1339 1133 1563 1170; x_wconf 90' lang='lat' dir='ltr'>nativitatis</span> <span class='ocrx_word' id='word_1_144' title='bbox 1580 1134 1731 1170; x_wconf 87' lang='lat' dir='ltr'>bestiae</span> <span class='ocrx_word' id='word_1_145' title='bbox 1747 1133 1803 1170; x_wconf 90' lang='lat' dir='ltr'>sit</span> 
     </span>
     <span class='ocr_line' id='line_1_16' title="bbox 303 1188 668 1236; baseline -0.005 -10"><span class='ocrx_word' id='word_1_146' title='bbox 303 1190 390 1236; x_wconf 85' lang='lat' dir='ltr'>ejus</span> <span class='ocrx_word' id='word_1_147' title='bbox 409 1188 668 1235; x_wconf 64' lang='lat' dir='ltr'>imperfectio.</span> 
     </span>
    </p>

    <p class='ocr_par' dir='ltr' id='par_1_3' title="bbox 302 1239 1807 1916">
     <span class='ocr_line' id='line_1_17' title="bbox 375 1239 1800 1289; baseline -0.003 -10"><span class='ocrx_word' id='word_1_148' title='bbox 375 1251 486 1289; x_wconf 79' lang='lat'>134.</span> <span class='ocrx_word' id='word_1_149' title='bbox 521 1242 754 1287; x_wconf 84' lang='lat' dir='ltr'>Coeperunt</span> <span class='ocrx_word' id='word_1_150' title='bbox 793 1247 891 1277; x_wconf 86' lang='lat' dir='ltr'>tunc</span> <span class='ocrx_word' id='word_1_151' title='bbox 931 1239 1248 1286; x_wconf 76' lang='lat' dir='ltr'>septentrionales</span> <span class='ocrx_word' id='word_1_152' title='bbox 1279 1239 1451 1286; x_wconf 90' lang='lat' dir='ltr'>primum</span> <span class='ocrx_word' id='word_1_153' title='bbox 1492 1239 1646 1285; x_wconf 87' lang='lat' dir='ltr'>aperire</span> <span class='ocrx_word' id='word_1_154' title='bbox 1685 1249 1800 1276; x_wconf 89' lang='lat' dir='ltr'>suam</span> 
     </span>
     <span class='ocr_line' id='line_1_18' title="bbox 303 1291 1806 1340; baseline -0.003 -9"><span class='ocrx_word' id='word_1_155' title='bbox 303 1303 502 1336; x_wconf 85' lang='lat' dir='ltr'>mentem;</span> <span class='ocrx_word' id='word_1_156' title='bbox 528 1302 569 1331; x_wconf 90' lang='lat' dir='ltr'>et</span> <span class='ocrx_word' id='word_1_157' title='bbox 587 1295 775 1330; x_wconf 83' lang='lat' dir='ltr'>dixerunt</span> <span class='ocrx_word' id='word_1_158' title='bbox 793 1294 901 1340; x_wconf 93' lang='lat' dir='ltr'>quod</span> <span class='ocrx_word' id='word_1_159' title='bbox 921 1294 1044 1329; x_wconf 91' lang='lat' dir='ltr'>homo</span> <span class='ocrx_word' id='word_1_160' title='bbox 1065 1300 1251 1329; x_wconf 88' lang='lat' dir='ltr'>nascatur</span> <span class='ocrx_word' id='word_1_161' title='bbox 1267 1294 1417 1339; x_wconf 88' lang='lat' dir='ltr'>absque</span> <span class='ocrx_word' id='word_1_162' title='bbox 1434 1293 1622 1333; x_wconf 87' lang='lat' dir='ltr'>scientiis,</span> <span class='ocrx_word' id='word_1_163' title='bbox 1641 1300 1686 1328; x_wconf 88' lang='lat' dir='ltr'>ut</span> <span class='ocrx_word' id='word_1_164' title='bbox 1707 1291 1806 1328; x_wconf 90' lang='lat' dir='ltr'>reci-</span> 
     </span>
     <span class='ocr_line' id='line_1_19' title="bbox 304 1345 1806 1396; baseline -0.001 -12"><span class='ocrx_word' id='word_1_165' title='bbox 304 1360 397 1396; x_wconf 89' lang='lat' dir='ltr'>pere</span> <span class='ocrx_word' id='word_1_166' title='bbox 416 1348 543 1395; x_wconf 90' lang='lat' dir='ltr'>possit</span> <span class='ocrx_word' id='word_1_167' title='bbox 561 1358 701 1383; x_wconf 89' lang='lat' dir='ltr'>omnes</span> <span class='ocrx_word' id='word_1_168' title='bbox 716 1359 725 1389; x_wconf 84' lang='lat'>;</span> <span class='ocrx_word' id='word_1_169' title='bbox 749 1355 792 1383; x_wconf 86' lang='lat' dir='ltr'>at</span> <span class='ocrx_word' id='word_1_170' title='bbox 810 1347 842 1382; x_wconf 89' lang='lat' dir='ltr'>si</span> <span class='ocrx_word' id='word_1_171' title='bbox 858 1354 1088 1383; x_wconf 89' lang='lat' dir='ltr'>nasceretur</span> <span class='ocrx_word' id='word_1_172' title='bbox 1106 1346 1144 1381; x_wconf 87' lang='lat' dir='ltr'>in</span> <span class='ocrx_word' id='word_1_173' title='bbox 1164 1346 1364 1386; x_wconf 88' lang='lat' dir='ltr'>scientias,</span> <span class='ocrx_word' id='word_1_174' title='bbox 1380 1357 1460 1381; x_wconf 90' lang='lat' dir='ltr'>non</span> <span class='ocrx_word' id='word_1_175' title='bbox 1480 1353 1615 1392; x_wconf 89' lang='lat' dir='ltr'>posset</span> <span class='ocrx_word' id='word_1_176' title='bbox 1629 1345 1806 1392; x_wconf 88' lang='lat' dir='ltr'>recipere</span> 
     </span>
     <span class='ocr_line' id='line_1_20' title="bbox 303 1399 1806 1448; baseline -0.003 -10"><span class='ocrx_word' id='word_1_177' title='bbox 303 1403 403 1438; x_wconf 90' lang='lat' dir='ltr'>ullas</span> <span class='ocrx_word' id='word_1_178' title='bbox 422 1409 579 1448; x_wconf 90' lang='lat' dir='ltr'>praeter</span> <span class='ocrx_word' id='word_1_179' title='bbox 592 1402 678 1437; x_wconf 93' lang='lat' dir='ltr'>illas</span> <span class='ocrx_word' id='word_1_180' title='bbox 697 1402 736 1436; x_wconf 92' lang='lat' dir='ltr'>in</span> <span class='ocrx_word' id='word_1_181' title='bbox 750 1412 850 1447; x_wconf 92' lang='lat' dir='ltr'>quas</span> <span class='ocrx_word' id='word_1_182' title='bbox 867 1408 984 1436; x_wconf 88' lang='lat' dir='ltr'>natus</span> <span class='ocrx_word' id='word_1_183' title='bbox 1006 1408 1078 1440; x_wconf 90' lang='lat' dir='ltr'>est,</span> <span class='ocrx_word' id='word_1_184' title='bbox 1093 1408 1134 1436; x_wconf 87' lang='lat' dir='ltr'>et</span> <span class='ocrx_word' id='word_1_185' title='bbox 1151 1407 1249 1436; x_wconf 92' lang='lat' dir='ltr'>tunc</span> <span class='ocrx_word' id='word_1_186' title='bbox 1267 1410 1341 1435; x_wconf 88' lang='lat' dir='ltr'>nec</span> <span class='ocrx_word' id='word_1_187' title='bbox 1359 1406 1495 1445; x_wconf 89' lang='lat' dir='ltr'>posset</span> <span class='ocrx_word' id='word_1_188' title='bbox 1509 1399 1584 1434; x_wconf 91' lang='lat' dir='ltr'>sibi</span> <span class='ocrx_word' id='word_1_189' title='bbox 1597 1399 1806 1446; x_wconf 87' lang='lat' dir='ltr'>appropri-</span> 
     </span>
     <span class='ocr_line' id='line_1_21' title="bbox 302 1452 1807 1501; baseline -0.003 -10"><span class='ocrx_word' id='word_1_190' title='bbox 302 1467 369 1492; x_wconf 89' lang='lat' dir='ltr'>are</span> <span class='ocrx_word' id='word_1_191' title='bbox 391 1457 534 1497; x_wconf 87' lang='lat' dir='ltr'>ullam;</span> <span class='ocrx_word' id='word_1_192' title='bbox 564 1455 673 1501; x_wconf 91' lang='lat' dir='ltr'>quod</span> <span class='ocrx_word' id='word_1_193' title='bbox 696 1455 948 1490; x_wconf 89' lang='lat' dir='ltr'>illustrabant</span> <span class='ocrx_word' id='word_1_194' title='bbox 974 1465 1045 1500; x_wconf 90' lang='lat' dir='ltr'>per</span> <span class='ocrx_word' id='word_1_195' title='bbox 1065 1454 1169 1489; x_wconf 88' lang='lat' dir='ltr'>hanc</span> <span class='ocrx_word' id='word_1_196' title='bbox 1190 1454 1555 1499; x_wconf 89' lang='lat' dir='ltr'>comparationem:</span> <span class='ocrx_word' id='word_1_197' title='bbox 1581 1453 1705 1488; x_wconf 90' lang='lat' dir='ltr'>homo</span> <span class='ocrx_word' id='word_1_198' title='bbox 1727 1452 1807 1499; x_wconf 86' lang='lat' dir='ltr'>pri-</span> 
     </span>
     <span class='ocr_line' id='line_1_22' title="bbox 304 1505 1806 1552; baseline -0.003 -7"><span class='ocrx_word' id='word_1_199' title='bbox 304 1520 413 1545; x_wconf 90' lang='lat' dir='ltr'>mum</span> <span class='ocrx_word' id='word_1_200' title='bbox 435 1515 553 1544; x_wconf 90' lang='lat' dir='ltr'>natus</span> <span class='ocrx_word' id='word_1_201' title='bbox 574 1515 636 1544; x_wconf 88' lang='lat' dir='ltr'>est</span> <span class='ocrx_word' id='word_1_202' title='bbox 661 1508 765 1544; x_wconf 89' lang='lat' dir='ltr'>sicut</span> <span class='ocrx_word' id='word_1_203' title='bbox 786 1508 931 1543; x_wconf 92' lang='lat' dir='ltr'>humus</span> <span class='ocrx_word' id='word_1_204' title='bbox 953 1508 1016 1542; x_wconf 91' lang='lat' dir='ltr'>eui</span> <span class='ocrx_word' id='word_1_205' title='bbox 1044 1507 1153 1542; x_wconf 92' lang='lat' dir='ltr'>nulla</span> <span class='ocrx_word' id='word_1_206' title='bbox 1172 1507 1326 1542; x_wconf 91' lang='lat' dir='ltr'>semina</span> <span class='ocrx_word' id='word_1_207' title='bbox 1348 1507 1583 1552; x_wconf 90' lang='lat' dir='ltr'>implantata</span> <span class='ocrx_word' id='word_1_208' title='bbox 1607 1512 1714 1546; x_wconf 88' lang='lat' dir='ltr'>sunt,</span> <span class='ocrx_word' id='word_1_209' title='bbox 1733 1505 1806 1542; x_wconf 90' lang='lat' dir='ltr'>sed</span> 
     </span>
     <span class='ocr_line' id='line_1_23' title="bbox 303 1558 1806 1608; baseline -0.001 -11"><span class='ocrx_word' id='word_1_210' title='bbox 303 1572 405 1608; x_wconf 92' lang='lat' dir='ltr'>quae</span> <span class='ocrx_word' id='word_1_211' title='bbox 424 1573 549 1608; x_wconf 90' lang='lat' dir='ltr'>usque</span> <span class='ocrx_word' id='word_1_212' title='bbox 568 1568 703 1607; x_wconf 91' lang='lat' dir='ltr'>potest</span> <span class='ocrx_word' id='word_1_213' title='bbox 721 1562 898 1607; x_wconf 85' lang='lat' dir='ltr'>recipere</span> <span class='ocrx_word' id='word_1_214' title='bbox 915 1560 1060 1600; x_wconf 89' lang='lat' dir='ltr'>omnia,</span> <span class='ocrx_word' id='word_1_215' title='bbox 1079 1571 1126 1596; x_wconf 92' lang='lat' dir='ltr'>ac</span> <span class='ocrx_word' id='word_1_216' title='bbox 1145 1559 1320 1606; x_wconf 87' lang='lat' dir='ltr'>proferre</span> <span class='ocrx_word' id='word_1_217' title='bbox 1339 1567 1380 1595; x_wconf 90' lang='lat' dir='ltr'>et</span> <span class='ocrx_word' id='word_1_218' title='bbox 1398 1558 1637 1594; x_wconf 54' lang='lat' dir='ltr'>fructificare</span> <span class='ocrx_word' id='word_1_219' title='bbox 1653 1559 1737 1599; x_wconf 79' lang='lat' dir='ltr'>illa:</span> <span class='ocrx_word' id='word_1_220' title='bbox 1762 1565 1806 1595; x_wconf 89' lang='lat' dir='ltr'>at</span> 
     </span>
     <span class='ocr_line' id='line_1_24' title="bbox 304 1612 1807 1660; baseline -0.003 -9"><span class='ocrx_word' id='word_1_221' title='bbox 304 1615 433 1651; x_wconf 88' lang='lat' dir='ltr'>bestia</span> <span class='ocrx_word' id='word_1_222' title='bbox 450 1622 512 1650; x_wconf 90' lang='lat' dir='ltr'>est</span> <span class='ocrx_word' id='word_1_223' title='bbox 533 1615 637 1650; x_wconf 89' lang='lat' dir='ltr'>sicut</span> <span class='ocrx_word' id='word_1_224' title='bbox 655 1615 803 1649; x_wconf 91' lang='lat' dir='ltr'>humus</span> <span class='ocrx_word' id='word_1_225' title='bbox 820 1614 1000 1660; x_wconf 89' lang='lat' dir='ltr'>jamdum</span> <span class='ocrx_word' id='word_1_226' title='bbox 1019 1621 1116 1654; x_wconf 90' lang='lat' dir='ltr'>sata,</span> <span class='ocrx_word' id='word_1_227' title='bbox 1135 1624 1181 1648; x_wconf 89' lang='lat' dir='ltr'>ac</span> <span class='ocrx_word' id='word_1_228' title='bbox 1203 1614 1369 1659; x_wconf 85' lang='lat' dir='ltr'>impleta</span> <span class='ocrx_word' id='word_1_229' title='bbox 1385 1612 1632 1659; x_wconf 88' lang='lat' dir='ltr'>graminibus</span> <span class='ocrx_word' id='word_1_230' title='bbox 1649 1619 1691 1647; x_wconf 91' lang='lat' dir='ltr'>et</span> <span class='ocrx_word' id='word_1_231' title='bbox 1716 1612 1807 1647; x_wconf 84' lang='lat' dir='ltr'>her·</span> 
     </span>
     <span class='ocr_line' id='line_1_25' title="bbox 305 1665 1806 1715; baseline -0.003 -11"><span class='ocrx_word' id='word_1_232' title='bbox 305 1669 377 1709; x_wconf 91' lang='lat' dir='ltr'>bis,</span> <span class='ocrx_word' id='word_1_233' title='bbox 397 1679 498 1715; x_wconf 89' lang='lat' dir='ltr'>quae</span> <span class='ocrx_word' id='word_1_234' title='bbox 520 1679 600 1703; x_wconf 90' lang='lat' dir='ltr'>non</span> <span class='ocrx_word' id='word_1_235' title='bbox 620 1667 760 1713; x_wconf 89' lang='lat' dir='ltr'>recipit</span> <span class='ocrx_word' id='word_1_236' title='bbox 776 1667 852 1702; x_wconf 91' lang='lat' dir='ltr'>alia</span> <span class='ocrx_word' id='word_1_237' title='bbox 870 1667 1021 1702; x_wconf 90' lang='lat' dir='ltr'>semina</span> <span class='ocrx_word' id='word_1_238' title='bbox 1038 1677 1156 1712; x_wconf 90' lang='lat' dir='ltr'>quam</span> <span class='ocrx_word' id='word_1_239' title='bbox 1173 1666 1311 1707; x_wconf 86' lang='lat' dir='ltr'>insita;</span> <span class='ocrx_word' id='word_1_240' title='bbox 1333 1666 1365 1701; x_wconf 92' lang='lat' dir='ltr'>si</span> <span class='ocrx_word' id='word_1_241' title='bbox 1384 1666 1471 1705; x_wconf 85' lang='lat' dir='ltr'>alia,</span> <span class='ocrx_word' id='word_1_242' title='bbox 1486 1665 1701 1700; x_wconf 82' lang='lat' dir='ltr'>suffocaret</span> <span class='ocrx_word' id='word_1_243' title='bbox 1720 1665 1806 1700; x_wconf 88' lang='lat' dir='ltr'>illa:</span> 
     </span>
     <span class='ocr_line' id='line_1_26' title="bbox 306 1719 1805 1767; baseline -0.003 -10"><span class='ocrx_word' id='word_1_244' title='bbox 306 1722 399 1757; x_wconf 92' lang='lat' dir='ltr'>inde</span> <span class='ocrx_word' id='word_1_245' title='bbox 425 1728 496 1762; x_wconf 90' lang='lat' dir='ltr'>est,</span> <span class='ocrx_word' id='word_1_246' title='bbox 516 1721 623 1767; x_wconf 91' lang='lat' dir='ltr'>quod</span> <span class='ocrx_word' id='word_1_247' title='bbox 644 1721 768 1755; x_wconf 90' lang='lat' dir='ltr'>homo</span> <span class='ocrx_word' id='word_1_248' title='bbox 789 1720 994 1755; x_wconf 89' lang='lat' dir='ltr'>adolescat</span> <span class='ocrx_word' id='word_1_249' title='bbox 1019 1731 1089 1765; x_wconf 90' lang='lat' dir='ltr'>per</span> <span class='ocrx_word' id='word_1_250' title='bbox 1113 1719 1246 1765; x_wconf 91' lang='lat' dir='ltr'>plures</span> <span class='ocrx_word' id='word_1_251' title='bbox 1267 1730 1405 1758; x_wconf 90' lang='lat' dir='ltr'>annos,</span> <span class='ocrx_word' id='word_1_252' title='bbox 1426 1719 1529 1753; x_wconf 90' lang='lat' dir='ltr'>intra</span> <span class='ocrx_word' id='word_1_253' title='bbox 1549 1728 1651 1763; x_wconf 89' lang='lat' dir='ltr'>quos</span> <span class='ocrx_word' id='word_1_254' title='bbox 1670 1724 1805 1763; x_wconf 91' lang='lat' dir='ltr'>potest</span> 
     </span>
     <span class='ocr_line' id='line_1_27' title="bbox 303 1771 1804 1819; baseline -0.003 -9"><span class='ocrx_word' id='word_1_255' title='bbox 303 1775 407 1810; x_wconf 90' lang='lat' dir='ltr'>sicut</span> <span class='ocrx_word' id='word_1_256' title='bbox 426 1775 571 1809; x_wconf 91' lang='lat' dir='ltr'>humus</span> <span class='ocrx_word' id='word_1_257' title='bbox 589 1774 728 1811; x_wconf 84' lang='lat' dir='ltr'>excoli.</span> <span class='ocrx_word' id='word_1_258' title='bbox 747 1780 788 1808; x_wconf 91' lang='lat' dir='ltr'>et</span> <span class='ocrx_word' id='word_1_259' title='bbox 807 1773 981 1819; x_wconf 85' lang='lat' dir='ltr'>proferre</span> <span class='ocrx_word' id='word_1_260' title='bbox 999 1773 1102 1808; x_wconf 91' lang='lat' dir='ltr'>sicut</span> <span class='ocrx_word' id='word_1_261' title='bbox 1120 1772 1250 1807; x_wconf 89' lang='lat' dir='ltr'>omnis</span> <span class='ocrx_word' id='word_1_262' title='bbox 1267 1771 1423 1818; x_wconf 90' lang='lat' dir='ltr'>generis</span> <span class='ocrx_word' id='word_1_263' title='bbox 1441 1778 1608 1816; x_wconf 88' lang='lat' dir='ltr'>segetes,</span> <span class='ocrx_word' id='word_1_264' title='bbox 1627 1771 1744 1805; x_wconf 88' lang='lat' dir='ltr'>flores</span> <span class='ocrx_word' id='word_1_265' title='bbox 1762 1776 1804 1805; x_wconf 87' lang='lat' dir='ltr'>et</span> 
     </span>
     <span class='ocr_line' id='line_1_28' title="bbox 304 1823 1802 1872; baseline -0.003 -10"><span class='ocrx_word' id='word_1_266' title='bbox 304 1829 486 1868; x_wconf 84' lang='lat' dir='ltr'>arbores;</span> <span class='ocrx_word' id='word_1_267' title='bbox 512 1827 640 1862; x_wconf 90' lang='lat' dir='ltr'>bestia</span> <span class='ocrx_word' id='word_1_268' title='bbox 654 1833 788 1862; x_wconf 89' lang='lat' dir='ltr'>autem</span> <span class='ocrx_word' id='word_1_269' title='bbox 808 1837 878 1872; x_wconf 92' lang='lat' dir='ltr'>per</span> <span class='ocrx_word' id='word_1_270' title='bbox 895 1836 1055 1872; x_wconf 89' lang='lat' dir='ltr'>paucos,</span> <span class='ocrx_word' id='word_1_271' title='bbox 1073 1836 1144 1871; x_wconf 89' lang='lat' dir='ltr'>per</span> <span class='ocrx_word' id='word_1_272' title='bbox 1160 1836 1261 1871; x_wconf 92' lang='lat' dir='ltr'>quos</span> <span class='ocrx_word' id='word_1_273' title='bbox 1280 1835 1359 1860; x_wconf 91' lang='lat' dir='ltr'>non</span> <span class='ocrx_word' id='word_1_274' title='bbox 1379 1829 1512 1870; x_wconf 90' lang='lat' dir='ltr'>potest</span> <span class='ocrx_word' id='word_1_275' title='bbox 1531 1823 1569 1858; x_wconf 93' lang='lat' dir='ltr'>in</span> <span class='ocrx_word' id='word_1_276' title='bbox 1587 1823 1802 1869; x_wconf 81' lang='lat' dir='ltr'>alia’quam</span> 
     </span>
     <span class='ocr_line' id='line_1_29' title="bbox 306 1880 695 1916; baseline -0.005 0"><span class='ocrx_word' id='word_1_277' title='bbox 306 1880 345 1916; x_wconf 88' lang='lat' dir='ltr'>in</span> <span class='ocrx_word' id='word_1_278' title='bbox 364 1887 539 1915; x_wconf 90' lang='lat' dir='ltr'>connata</span> <span class='ocrx_word' id='word_1_279' title='bbox 556 1880 695 1915; x_wconf 87' lang='lat' dir='ltr'>excoli.</span> 
     </span>
    </p>

    <p class='ocr_par' dir='ltr' id='par_1_4' title="bbox 303 1929 1807 2658">
     <span class='ocr_line' id='line_1_30' title="bbox 379 1929 1806 1975; baseline -0.004 -6"><span class='ocrx_word' id='word_1_280' title='bbox 379 1933 525 1969; x_wconf 87' lang='lat' dir='ltr'>Postea</span> <span class='ocrx_word' id='word_1_281' title='bbox 542 1932 789 1973; x_wconf 81' lang='lat' dir='ltr'>occidentales</span> <span class='ocrx_word' id='word_1_282' title='bbox 805 1931 928 1966; x_wconf 90' lang='lat' dir='ltr'>locuti</span> <span class='ocrx_word' id='word_1_283' title='bbox 947 1937 1051 1971; x_wconf 91' lang='lat' dir='ltr'>sunt,</span> <span class='ocrx_word' id='word_1_284' title='bbox 1071 1937 1111 1965; x_wconf 92' lang='lat' dir='ltr'>et</span> <span class='ocrx_word' id='word_1_285' title='bbox 1129 1930 1326 1969; x_wconf 85' lang='lat' dir='ltr'>dixerunt,</span> <span class='ocrx_word' id='word_1_286' title='bbox 1345 1929 1453 1975; x_wconf 92' lang='lat' dir='ltr'>quod</span> <span class='ocrx_word' id='word_1_287' title='bbox 1473 1929 1596 1964; x_wconf 93' lang='lat' dir='ltr'>homo</span> <span class='ocrx_word' id='word_1_288' title='bbox 1615 1939 1696 1963; x_wconf 88' lang='lat' dir='ltr'>non</span> <span class='ocrx_word' id='word_1_289' title='bbox 1715 1938 1806 1965; x_wconf 89' lang='lat' dir='ltr'>nas·</span> 
     </span>
     <span class='ocr_line' id='line_1_31' title="bbox 304 1981 1805 2029; baseline -0.003 -8"><span class='ocrx_word' id='word_1_290' title='bbox 304 1993 418 2022; x_wconf 86' lang='lat' dir='ltr'>catur</span> <span class='ocrx_word' id='word_1_291' title='bbox 435 1986 612 2026; x_wconf 89' lang='lat' dir='ltr'>scientia,</span> <span class='ocrx_word' id='word_1_292' title='bbox 631 1985 733 2020; x_wconf 89' lang='lat' dir='ltr'>sicut</span> <span class='ocrx_word' id='word_1_293' title='bbox 754 1984 893 2024; x_wconf 90' lang='lat' dir='ltr'>bestia,</span> <span class='ocrx_word' id='word_1_294' title='bbox 913 1985 981 2019; x_wconf 94' lang='lat' dir='ltr'>sed</span> <span class='ocrx_word' id='word_1_295' title='bbox 1000 1984 1109 2029; x_wconf 90' lang='lat' dir='ltr'>quod</span> <span class='ocrx_word' id='word_1_296' title='bbox 1126 1990 1313 2018; x_wconf 91' lang='lat' dir='ltr'>nascatur</span> <span class='ocrx_word' id='word_1_297' title='bbox 1330 1982 1499 2018; x_wconf 82' lang='lat' dir='ltr'>facultas</span> <span class='ocrx_word' id='word_1_298' title='bbox 1516 1989 1557 2017; x_wconf 89' lang='lat' dir='ltr'>et</span> <span class='ocrx_word' id='word_1_299' title='bbox 1576 1981 1805 2022; x_wconf 78' lang='lat' dir='ltr'>inclinatio:</span> 
     </span>
     <span class='ocr_line' id='line_1_32' title="bbox 305 2034 1807 2084; baseline -0.004 -10"><span class='ocrx_word' id='word_1_300' title='bbox 305 2039 474 2074; x_wconf 82' lang='lat' dir='ltr'>facultas</span> <span class='ocrx_word' id='word_1_301' title='bbox 492 2038 541 2073; x_wconf 92' lang='lat' dir='ltr'>ad</span> <span class='ocrx_word' id='word_1_302' title='bbox 560 2038 779 2076; x_wconf 89' lang='lat' dir='ltr'>sciendum,</span> <span class='ocrx_word' id='word_1_303' title='bbox 798 2043 839 2071; x_wconf 91' lang='lat' dir='ltr'>et</span> <span class='ocrx_word' id='word_1_304' title='bbox 862 2036 1068 2071; x_wconf 90' lang='lat' dir='ltr'>inclinatio</span> <span class='ocrx_word' id='word_1_305' title='bbox 1089 2035 1139 2070; x_wconf 92' lang='lat' dir='ltr'>ad</span> <span class='ocrx_word' id='word_1_306' title='bbox 1161 2035 1400 2075; x_wconf 79' lang='lat' dir='ltr'>amandum;</span> <span class='ocrx_word' id='word_1_307' title='bbox 1427 2041 1468 2069; x_wconf 87' lang='lat' dir='ltr'>et</span> <span class='ocrx_word' id='word_1_308' title='bbox 1489 2034 1597 2080; x_wconf 90' lang='lat' dir='ltr'>quod</span> <span class='ocrx_word' id='word_1_309' title='bbox 1618 2041 1807 2084; x_wconf 66' lang='lat' dir='ltr'>nascatur</span> 
     </span>
     <span class='ocr_line' id='line_1_33' title="bbox 304 2086 1805 2134; baseline -0.004 -7"><span class='ocrx_word' id='word_1_310' title='bbox 304 2091 472 2128; x_wconf 79' lang='lat' dir='ltr'>facultas</span> <span class='ocrx_word' id='word_1_311' title='bbox 490 2102 570 2126; x_wconf 89' lang='lat' dir='ltr'>non</span> <span class='ocrx_word' id='word_1_312' title='bbox 586 2090 707 2125; x_wconf 93' lang='lat' dir='ltr'>modo</span> <span class='ocrx_word' id='word_1_313' title='bbox 726 2090 772 2124; x_wconf 92' lang='lat' dir='ltr'>ad</span> <span class='ocrx_word' id='word_1_314' title='bbox 794 2089 1012 2128; x_wconf 90' lang='lat' dir='ltr'>sciendum,</span> <span class='ocrx_word' id='word_1_315' title='bbox 1027 2089 1096 2123; x_wconf 86' lang='lat' dir='ltr'>sed</span> <span class='ocrx_word' id='word_1_316' title='bbox 1115 2088 1236 2123; x_wconf 89' lang='lat' dir='ltr'>etiam</span> <span class='ocrx_word' id='word_1_317' title='bbox 1252 2088 1301 2123; x_wconf 93' lang='lat' dir='ltr'>ad</span> <span class='ocrx_word' id='word_1_318' title='bbox 1325 2088 1627 2134; x_wconf 89' lang='lat' dir='ltr'>intelligendum</span> <span class='ocrx_word' id='word_1_319' title='bbox 1643 2093 1684 2122; x_wconf 91' lang='lat' dir='ltr'>et</span> <span class='ocrx_word' id='word_1_320' title='bbox 1699 2086 1805 2133; x_wconf 89' lang='lat' dir='ltr'>sapi-</span> 
     </span>
     <span class='ocr_line' id='line_1_34' title="bbox 304 2140 1805 2189; baseline -0.003 -9"><span class='ocrx_word' id='word_1_321' title='bbox 304 2146 473 2186; x_wconf 74' lang='lat' dir='ltr'>endum:</span> <span class='ocrx_word' id='word_1_322' title='bbox 495 2150 535 2180; x_wconf 89' lang='lat' dir='ltr'>et</span> <span class='ocrx_word' id='word_1_323' title='bbox 549 2154 708 2189; x_wconf 87' lang='lat' dir='ltr'>quoque</span> <span class='ocrx_word' id='word_1_324' title='bbox 723 2143 831 2188; x_wconf 92' lang='lat' dir='ltr'>quod</span> <span class='ocrx_word' id='word_1_325' title='bbox 847 2149 1032 2177; x_wconf 90' lang='lat' dir='ltr'>nascatur</span> <span class='ocrx_word' id='word_1_326' title='bbox 1046 2141 1252 2176; x_wconf 86' lang='lat' dir='ltr'>inclinatio</span> <span class='ocrx_word' id='word_1_327' title='bbox 1267 2140 1564 2186; x_wconf 62' lang='lat' dir='ltr'>perfectissima,</span> <span class='ocrx_word' id='word_1_328' title='bbox 1581 2151 1660 2175; x_wconf 94' lang='lat' dir='ltr'>non</span> <span class='ocrx_word' id='word_1_329' title='bbox 1681 2140 1805 2176; x_wconf 89' lang='lat' dir='ltr'>modo</span> 
     </span>
     <span class='ocr_line' id='line_1_35' title="bbox 305 2193 1805 2241; baseline -0.003 -7"><span class='ocrx_word' id='word_1_330' title='bbox 305 2199 355 2234; x_wconf 91' lang='lat' dir='ltr'>ad</span> <span class='ocrx_word' id='word_1_331' title='bbox 376 2197 591 2233; x_wconf 88' lang='lat' dir='ltr'>amandum</span> <span class='ocrx_word' id='word_1_332' title='bbox 612 2196 678 2231; x_wconf 91' lang='lat' dir='ltr'>illa</span> <span class='ocrx_word' id='word_1_333' title='bbox 695 2206 796 2241; x_wconf 91' lang='lat' dir='ltr'>quae</span> <span class='ocrx_word' id='word_1_334' title='bbox 815 2195 876 2230; x_wconf 89' lang='lat' dir='ltr'>sui</span> <span class='ocrx_word' id='word_1_335' title='bbox 895 2202 936 2230; x_wconf 90' lang='lat' dir='ltr'>et</span> <span class='ocrx_word' id='word_1_336' title='bbox 955 2194 1093 2229; x_wconf 91' lang='lat' dir='ltr'>mundi</span> <span class='ocrx_word' id='word_1_337' title='bbox 1113 2201 1217 2234; x_wconf 90' lang='lat' dir='ltr'>sunt,</span> <span class='ocrx_word' id='word_1_338' title='bbox 1233 2194 1302 2229; x_wconf 92' lang='lat' dir='ltr'>sed</span> <span class='ocrx_word' id='word_1_339' title='bbox 1321 2194 1442 2229; x_wconf 91' lang='lat' dir='ltr'>etiam</span> <span class='ocrx_word' id='word_1_340' title='bbox 1463 2194 1528 2228; x_wconf 91' lang='lat' dir='ltr'>illa</span> <span class='ocrx_word' id='word_1_341' title='bbox 1545 2204 1646 2239; x_wconf 90' lang='lat' dir='ltr'>quae</span> <span class='ocrx_word' id='word_1_342' title='bbox 1666 2193 1742 2228; x_wconf 90' lang='lat' dir='ltr'>Dei</span> <span class='ocrx_word' id='word_1_343' title='bbox 1763 2199 1805 2229; x_wconf 88' lang='lat' dir='ltr'>et</span> 
     </span>
     <span class='ocr_line' id='line_1_36' title="bbox 303 2247 1802 2294; baseline -0.003 -8"><span class='ocrx_word' id='word_1_344' title='bbox 303 2251 401 2287; x_wconf 91' lang='lat' dir='ltr'>caeli</span> <span class='ocrx_word' id='word_1_345' title='bbox 416 2257 530 2291; x_wconf 75' lang='lat' dir='ltr'>sunt:</span> <span class='ocrx_word' id='word_1_346' title='bbox 551 2255 843 2294; x_wconf 88' lang='lat' dir='ltr'>consequenter</span> <span class='ocrx_word' id='word_1_347' title='bbox 853 2248 961 2293; x_wconf 90' lang='lat' dir='ltr'>quod</span> <span class='ocrx_word' id='word_1_348' title='bbox 977 2249 1100 2283; x_wconf 91' lang='lat' dir='ltr'>homo</span> <span class='ocrx_word' id='word_1_349' title='bbox 1113 2259 1136 2283; x_wconf 87' lang='lat' dir='ltr'>a</span> <span class='ocrx_word' id='word_1_350' title='bbox 1155 2247 1384 2293; x_wconf 89' lang='lat' dir='ltr'>parentibus</span> <span class='ocrx_word' id='word_1_351' title='bbox 1399 2253 1587 2281; x_wconf 88' lang='lat' dir='ltr'>nascatur</span> <span class='ocrx_word' id='word_1_352' title='bbox 1597 2257 1802 2292; x_wconf 87' lang='lat' dir='ltr'>organum,</span> 
     </span>
     <span class='ocr_line' id='line_1_37' title="bbox 304 2299 1804 2351; baseline -0.004 -12"><span class='ocrx_word' id='word_1_353' title='bbox 304 2304 413 2351; x_wconf 90' lang='lat' dir='ltr'>quod</span> <span class='ocrx_word' id='word_1_354' title='bbox 429 2303 551 2339; x_wconf 93' lang='lat' dir='ltr'>modo</span> <span class='ocrx_word' id='word_1_355' title='bbox 564 2302 665 2337; x_wconf 90' lang='lat' dir='ltr'>vivit</span> <span class='ocrx_word' id='word_1_356' title='bbox 679 2302 859 2337; x_wconf 90' lang='lat' dir='ltr'>sensibus</span> <span class='ocrx_word' id='word_1_357' title='bbox 873 2301 1058 2341; x_wconf 86' lang='lat' dir='ltr'>externis,</span> <span class='ocrx_word' id='word_1_358' title='bbox 1073 2307 1121 2336; x_wconf 87' lang='lat' dir='ltr'>et.</span> <span class='ocrx_word' id='word_1_359' title='bbox 1131 2301 1300 2346; x_wconf 84' lang='lat' dir='ltr'>primxm</span> <span class='ocrx_word' id='word_1_360' title='bbox 1314 2300 1432 2335; x_wconf 89' lang='lat' dir='ltr'>nullis</span> <span class='ocrx_word' id='word_1_361' title='bbox 1448 2299 1624 2339; x_wconf 89' lang='lat' dir='ltr'>internis,</span> <span class='ocrx_word' id='word_1_362' title='bbox 1639 2306 1804 2345; x_wconf 87' lang='lat' dir='ltr'>propter</span> 
     </span>
     <span class='ocr_line' id='line_1_38' title="bbox 304 2352 1802 2399; baseline -0.004 -6"><span class='ocrx_word' id='word_1_363' title='bbox 304 2367 463 2393; x_wconf 90' lang='lat' dir='ltr'>causam</span> <span class='ocrx_word' id='word_1_364' title='bbox 482 2363 527 2391; x_wconf 92' lang='lat' dir='ltr'>ut</span> <span class='ocrx_word' id='word_1_365' title='bbox 544 2355 766 2391; x_wconf 89' lang='lat' dir='ltr'>successive</span> <span class='ocrx_word' id='word_1_366' title='bbox 785 2354 853 2389; x_wconf 86' lang='lat' dir='ltr'>fiat</span> <span class='ocrx_word' id='word_1_367' title='bbox 872 2354 1004 2394; x_wconf 90' lang='lat' dir='ltr'>homo,</span> <span class='ocrx_word' id='word_1_368' title='bbox 1021 2354 1190 2399; x_wconf 83' lang='lat' dir='ltr'>primurn</span> <span class='ocrx_word' id='word_1_369' title='bbox 1210 2353 1412 2393; x_wconf 88' lang='lat' dir='ltr'>naturalis,</span> <span class='ocrx_word' id='word_1_370' title='bbox 1429 2360 1568 2398; x_wconf 92' lang='lat' dir='ltr'>postea</span> <span class='ocrx_word' id='word_1_371' title='bbox 1586 2352 1802 2392; x_wconf 88' lang='lat' dir='ltr'>rationalis.</span> 
     </span>
     <span class='ocr_line' id='line_1_39' title="bbox 304 2404 1804 2454; baseline -0.003 -9"><span class='ocrx_word' id='word_1_372' title='bbox 304 2417 346 2446; x_wconf 93' lang='lat' dir='ltr'>et</span> <span class='ocrx_word' id='word_1_373' title='bbox 366 2410 527 2445; x_wconf 89' lang='lat' dir='ltr'>demum</span> <span class='ocrx_word' id='word_1_374' title='bbox 547 2407 786 2454; x_wconf 89' lang='lat' dir='ltr'>spiritualis;</span> <span class='ocrx_word' id='word_1_375' title='bbox 812 2408 920 2453; x_wconf 91' lang='lat' dir='ltr'>quod</span> <span class='ocrx_word' id='word_1_376' title='bbox 943 2418 1022 2442; x_wconf 92' lang='lat' dir='ltr'>non</span> <span class='ocrx_word' id='word_1_377' title='bbox 1046 2407 1168 2447; x_wconf 84' lang='lat' dir='ltr'>fieret,</span> <span class='ocrx_word' id='word_1_378' title='bbox 1188 2406 1220 2442; x_wconf 89' lang='lat' dir='ltr'>si</span> <span class='ocrx_word' id='word_1_379' title='bbox 1243 2413 1473 2441; x_wconf 87' lang='lat' dir='ltr'>nasceretur</span> <span class='ocrx_word' id='word_1_380' title='bbox 1494 2405 1532 2440; x_wconf 94' lang='lat' dir='ltr'>in</span> <span class='ocrx_word' id='word_1_381' title='bbox 1555 2404 1742 2441; x_wconf 89' lang='lat' dir='ltr'>scientias</span> <span class='ocrx_word' id='word_1_382' title='bbox 1762 2410 1804 2440; x_wconf 85' lang='lat' dir='ltr'>et</span> 
     </span>
     <span class='ocr_line' id='line_1_40' title="bbox 304 2458 1800 2501; baseline -0.003 -3"><span class='ocrx_word' id='word_1_383' title='bbox 304 2474 460 2499; x_wconf 87' lang='lat' dir='ltr'>amores</span> <span class='ocrx_word' id='word_1_384' title='bbox 478 2463 582 2498; x_wconf 90' lang='lat' dir='ltr'>sicut</span> <span class='ocrx_word' id='word_1_385' title='bbox 599 2461 771 2501; x_wconf 90' lang='lat' dir='ltr'>bestiae;</span> <span class='ocrx_word' id='word_1_386' title='bbox 798 2460 989 2496; x_wconf 88' lang='lat' dir='ltr'>scientiae</span> <span class='ocrx_word' id='word_1_387' title='bbox 1007 2460 1112 2495; x_wconf 93' lang='lat' dir='ltr'>enim</span> <span class='ocrx_word' id='word_1_388' title='bbox 1133 2467 1173 2495; x_wconf 91' lang='lat' dir='ltr'>et</span> <span class='ocrx_word' id='word_1_389' title='bbox 1188 2458 1420 2494; x_wconf 68' lang='lat' dir='ltr'>affectiones</span> <span class='ocrx_word' id='word_1_390' title='bbox 1438 2465 1635 2493; x_wconf 89' lang='lat' dir='ltr'>connatae</span> <span class='ocrx_word' id='word_1_391' title='bbox 1654 2458 1800 2494; x_wconf 84' lang='lat' dir='ltr'>finiunt</span> 
     </span>
     <span class='ocr_line' id='line_1_41' title="bbox 306 2510 1803 2561; baseline -0.004 -10"><span class='ocrx_word' id='word_1_392' title='bbox 306 2517 412 2552; x_wconf 88' lang='lat' dir='ltr'>illam</span> <span class='ocrx_word' id='word_1_393' title='bbox 431 2515 763 2561; x_wconf 87' lang='lat' dir='ltr'>progressionem,</span> <span class='ocrx_word' id='word_1_394' title='bbox 778 2521 820 2548; x_wconf 89' lang='lat' dir='ltr'>at</span> <span class='ocrx_word' id='word_1_395' title='bbox 838 2513 1005 2548; x_wconf 80' lang='lat' dir='ltr'>facultas</span> <span class='ocrx_word' id='word_1_396' title='bbox 1023 2520 1063 2548; x_wconf 92' lang='lat' dir='ltr'>et</span> <span class='ocrx_word' id='word_1_397' title='bbox 1082 2512 1288 2548; x_wconf 90' lang='lat' dir='ltr'>inclinatio</span> <span class='ocrx_word' id='word_1_398' title='bbox 1305 2518 1500 2547; x_wconf 88' lang='lat' dir='ltr'>connatae</span> <span class='ocrx_word' id='word_1_399' title='bbox 1520 2511 1618 2546; x_wconf 89' lang='lat' dir='ltr'>nihil</span> <span class='ocrx_word' id='word_1_400' title='bbox 1637 2510 1803 2552; x_wconf 76' lang='lat' dir='ltr'>finiunt:</span> 
     </span>
     <span class='ocr_line' id='line_1_42' title="bbox 304 2563 1804 2616; baseline -0.004 -12"><span class='ocrx_word' id='word_1_401' title='bbox 304 2579 427 2616; x_wconf 88' lang='lat' dir='ltr'>quare</span> <span class='ocrx_word' id='word_1_402' title='bbox 442 2569 564 2604; x_wconf 90' lang='lat' dir='ltr'>homo</span> <span class='ocrx_word' id='word_1_403' title='bbox 578 2574 711 2614; x_wconf 87' lang='lat' dir='ltr'>potest</span> <span class='ocrx_word' id='word_1_404' title='bbox 726 2567 858 2613; x_wconf 86' lang='lat' dir='ltr'>perfici</span> <span class='ocrx_word' id='word_1_405' title='bbox 873 2566 1049 2607; x_wconf 88' lang='lat' dir='ltr'>scientia,</span> <span class='ocrx_word' id='word_1_406' title='bbox 1066 2565 1337 2612; x_wconf 87' lang='lat' dir='ltr'>intelligentia,</span> <span class='ocrx_word' id='word_1_407' title='bbox 1352 2571 1392 2600; x_wconf 92' lang='lat' dir='ltr'>et</span> <span class='ocrx_word' id='word_1_408' title='bbox 1410 2564 1605 2610; x_wconf 88' lang='lat' dir='ltr'>sapientia</span> <span class='ocrx_word' id='word_1_409' title='bbox 1623 2563 1662 2599; x_wconf 91' lang='lat' dir='ltr'>in</span> <span class='ocrx_word' id='word_1_410' title='bbox 1676 2570 1804 2599; x_wconf 88' lang='lat' dir='ltr'>aeter-</span> 
     </span>
     <span class='ocr_line' id='line_1_43' title="bbox 307 2633 416 2658; baseline 0 0"><span class='ocrx_word' id='word_1_411' title='bbox 307 2633 416 2658; x_wconf 88' lang='lat' dir='ltr'>num.</span> 
     </span>
    </p>

    <p class='ocr_par' dir='ltr' id='par_1_5' title="bbox 306 2668 1805 3037">
     <span class='ocr_line' id='line_1_44' title="bbox 376 2668 1802 2718; baseline -0.004 -8"><span class='ocrx_word' id='word_1_412' title='bbox 376 2673 656 2710; x_wconf 69' lang='lat' dir='ltr'>,Meridionales</span> <span class='ocrx_word' id='word_1_413' title='bbox 675 2679 930 2718; x_wconf 84' lang='lat' dir='ltr'>exceperunt,</span> <span class='ocrx_word' id='word_1_414' title='bbox 949 2679 990 2707; x_wconf 88' lang='lat' dir='ltr'>et</span> <span class='ocrx_word' id='word_1_415' title='bbox 1011 2671 1224 2707; x_wconf 90' lang='lat' dir='ltr'>ediderunt</span> <span class='ocrx_word' id='word_1_416' title='bbox 1249 2681 1364 2706; x_wconf 91' lang='lat' dir='ltr'>suum</span> <span class='ocrx_word' id='word_1_417' title='bbox 1390 2669 1576 2710; x_wconf 80' lang='lat' dir='ltr'>effatum:</span> <span class='ocrx_word' id='word_1_418' title='bbox 1610 2668 1802 2709; x_wconf 86' lang='lat' dir='ltr'>dicentes,</span> 
     </span>
     <span class='ocr_line' id='line_1_45' title="bbox 306 2721 1802 2775; baseline -0.005 -11"><span class='ocrx_word' id='word_1_419' title='bbox 306 2728 414 2775; x_wconf 91' lang='lat' dir='ltr'>quod</span> <span class='ocrx_word' id='word_1_420' title='bbox 441 2726 685 2773; x_wconf 89' lang='lat' dir='ltr'>impossibile</span> <span class='ocrx_word' id='word_1_421' title='bbox 710 2725 763 2762; x_wconf 90' lang='lat' dir='ltr'>sit</span> <span class='ocrx_word' id='word_1_422' title='bbox 789 2725 940 2760; x_wconf 90' lang='lat' dir='ltr'>homini</span> <span class='ocrx_word' id='word_1_423' title='bbox 963 2735 1118 2760; x_wconf 87' lang='lat' dir='ltr'>sumere</span> <span class='ocrx_word' id='word_1_424' title='bbox 1143 2724 1318 2769; x_wconf 90' lang='lat' dir='ltr'>aliquam</span> <span class='ocrx_word' id='word_1_425' title='bbox 1344 2722 1550 2758; x_wconf 91' lang='lat' dir='ltr'>scientiam</span> <span class='ocrx_word' id='word_1_426' title='bbox 1578 2733 1601 2757; x_wconf 93' lang='lat' dir='ltr'>a</span> <span class='ocrx_word' id='word_1_427' title='bbox 1626 2733 1679 2763; x_wconf 90' lang='lat' dir='ltr'>se,</span> <span class='ocrx_word' id='word_1_428' title='bbox 1702 2721 1802 2757; x_wconf 90' lang='lat' dir='ltr'>“sed</span> 
     </span>
     <span class='ocr_line' id='line_1_46' title="bbox 308 2774 1805 2824; baseline -0.005 -7"><span class='ocrx_word' id='word_1_429' title='bbox 308 2787 438 2818; x_wconf 90' lang='lat' dir='ltr'>sumet</span> <span class='ocrx_word' id='word_1_430' title='bbox 457 2781 563 2816; x_wconf 89' lang='lat' dir='ltr'>illam</span> <span class='ocrx_word' id='word_1_431' title='bbox 584 2780 634 2815; x_wconf 90' lang='lat' dir='ltr'>ab</span> <span class='ocrx_word' id='word_1_432' title='bbox 655 2779 752 2819; x_wconf 86' lang='lat' dir='ltr'>aliis,</span> <span class='ocrx_word' id='word_1_433' title='bbox 772 2778 960 2824; x_wconf 89' lang='lat' dir='ltr'>quoniam</span> <span class='ocrx_word' id='word_1_434' title='bbox 981 2777 1087 2812; x_wconf 89' lang='lat' dir='ltr'>nulla</span> <span class='ocrx_word' id='word_1_435' title='bbox 1108 2776 1276 2812; x_wconf 90' lang='lat' dir='ltr'>scientia</span> <span class='ocrx_word' id='word_1_436' title='bbox 1296 2775 1331 2811; x_wconf 90' lang='lat' dir='ltr'>ei</span> <span class='ocrx_word' id='word_1_437' title='bbox 1353 2782 1528 2811; x_wconf 90' lang='lat' dir='ltr'>connata</span> <span class='ocrx_word' id='word_1_438' title='bbox 1544 2782 1626 2815; x_wconf 83' lang='lat' dir='ltr'>est:</span> <span class='ocrx_word' id='word_1_439' title='bbox 1652 2780 1693 2810; x_wconf 91' lang='lat' dir='ltr'>et</span> <span class='ocrx_word' id='word_1_440' title='bbox 1710 2774 1805 2820; x_wconf 89' lang='lat' dir='ltr'>quia</span> 
     </span>
     <span class='ocr_line' id='line_1_47' title="bbox 307 2828 1801 2880; baseline -0.006 -10"><span class='ocrx_word' id='word_1_441' title='bbox 307 2845 387 2870; x_wconf 89' lang='lat' dir='ltr'>non</span> <span class='ocrx_word' id='word_1_442' title='bbox 411 2839 544 2880; x_wconf 87' lang='lat' dir='ltr'>potest</span> <span class='ocrx_word' id='word_1_443' title='bbox 564 2833 684 2867; x_wconf 90' lang='lat' dir='ltr'>ullam</span> <span class='ocrx_word' id='word_1_444' title='bbox 707 2831 913 2867; x_wconf 85' lang='lat' dir='ltr'>scientiam</span> <span class='ocrx_word' id='word_1_445' title='bbox 933 2841 1085 2866; x_wconf 89' lang='lat' dir='ltr'>sumere</span> <span class='ocrx_word' id='word_1_446' title='bbox 1106 2840 1130 2865; x_wconf 93' lang='lat' dir='ltr'>a</span> <span class='ocrx_word' id='word_1_447' title='bbox 1150 2840 1202 2869; x_wconf 85' lang='lat' dir='ltr'>se.</span> <span class='ocrx_word' id='word_1_448' title='bbox 1223 2839 1295 2864; x_wconf 89' lang='lat' dir='ltr'>nec</span> <span class='ocrx_word' id='word_1_449' title='bbox 1317 2835 1451 2874; x_wconf 89' lang='lat' dir='ltr'>potest</span> <span class='ocrx_word' id='word_1_450' title='bbox 1469 2828 1592 2862; x_wconf 90' lang='lat' dir='ltr'>ullum</span> <span class='ocrx_word' id='word_1_451' title='bbox 1611 2833 1801 2867; x_wconf 89' lang='lat' dir='ltr'>amorem,</span> 
     </span>
     <span class='ocr_line' id='line_1_48' title="bbox 307 2879 1802 2933; baseline -0.005 -11"><span class='ocrx_word' id='word_1_452' title='bbox 307 2888 495 2933; x_wconf 91' lang='lat' dir='ltr'>quoniam</span> <span class='ocrx_word' id='word_1_453' title='bbox 512 2886 579 2921; x_wconf 94' lang='lat' dir='ltr'>ubi</span> <span class='ocrx_word' id='word_1_454' title='bbox 599 2896 677 2921; x_wconf 92' lang='lat' dir='ltr'>non</span> <span class='ocrx_word' id='word_1_455' title='bbox 697 2884 873 2923; x_wconf 85' lang='lat' dir='ltr'>scientia,</span> <span class='ocrx_word' id='word_1_456' title='bbox 889 2883 942 2918; x_wconf 90' lang='lat' dir='ltr'>ibi</span> <span class='ocrx_word' id='word_1_457' title='bbox 962 2894 1041 2918; x_wconf 94' lang='lat' dir='ltr'>non</span> <span class='ocrx_word' id='word_1_458' title='bbox 1060 2893 1193 2922; x_wconf 77' lang='lat' dir='ltr'>amor:</span> <span class='ocrx_word' id='word_1_459' title='bbox 1219 2888 1313 2917; x_wconf 90' lang='lat' dir='ltr'>sunt</span> <span class='ocrx_word' id='word_1_460' title='bbox 1327 2881 1495 2916; x_wconf 89' lang='lat' dir='ltr'>scientia</span> <span class='ocrx_word' id='word_1_461' title='bbox 1511 2887 1551 2916; x_wconf 87' lang='lat' dir='ltr'>et</span> <span class='ocrx_word' id='word_1_462' title='bbox 1569 2891 1682 2915; x_wconf 91' lang='lat' dir='ltr'>amor</span> <span class='ocrx_word' id='word_1_463' title='bbox 1697 2879 1802 2915; x_wconf 88' lang='lat' dir='ltr'>indi-</span> 
     </span>
     <span class='ocr_line' id='line_1_49' title="bbox 306 2930 1802 2983; baseline -0.006 -7"><span class='ocrx_word' id='word_1_464' title='bbox 306 2940 418 2976; x_wconf 88' lang='lat' dir='ltr'>vidui</span> <span class='ocrx_word' id='word_1_465' title='bbox 433 2939 612 2979; x_wconf 88' lang='lat' dir='ltr'>comites,</span> <span class='ocrx_word' id='word_1_466' title='bbox 624 2949 697 2974; x_wconf 91' lang='lat' dir='ltr'>nec</span> <span class='ocrx_word' id='word_1_467' title='bbox 712 2943 880 2983; x_wconf 87' lang='lat' dir='ltr'>possunt</span> <span class='ocrx_word' id='word_1_468' title='bbox 892 2935 1062 2981; x_wconf 90' lang='lat' dir='ltr'>separari</span> <span class='ocrx_word' id='word_1_469' title='bbox 1078 2935 1166 2981; x_wconf 89' lang='lat' dir='ltr'>plus</span> <span class='ocrx_word' id='word_1_470' title='bbox 1179 2945 1298 2980; x_wconf 90' lang='lat' dir='ltr'>quam</span> <span class='ocrx_word' id='word_1_471' title='bbox 1310 2934 1496 2969; x_wconf 88' lang='lat' dir='ltr'>voluntas</span> <span class='ocrx_word' id='word_1_472' title='bbox 1509 2940 1550 2969; x_wconf 90' lang='lat' dir='ltr'>et</span> <span class='ocrx_word' id='word_1_473' title='bbox 1565 2930 1802 2972; x_wconf 67' lang='lat' dir='ltr'>intellectus,</span> 
     </span>
     <span class='ocr_line' id='line_1_50' title="bbox 307 2984 1803 3037; baseline -0.007 -7"><span class='ocrx_word' id='word_1_474' title='bbox 307 3000 377 3030; x_wconf 87' lang='lat' dir='ltr'>aut</span> <span class='ocrx_word' id='word_1_475' title='bbox 401 2991 561 3029; x_wconf 63' lang='lat' dir='ltr'>affectio</span> <span class='ocrx_word' id='word_1_476' title='bbox 586 2998 627 3028; x_wconf 89' lang='lat' dir='ltr'>et</span> <span class='ocrx_word' id='word_1_477' title='bbox 652 2989 855 3037; x_wconf 87' lang='lat' dir='ltr'>cogitatio,</span> <span class='ocrx_word' id='word_1_478' title='bbox 878 2989 1001 3024; x_wconf 89' lang='lat' dir='ltr'>immo</span> <span class='ocrx_word' id='word_1_479' title='bbox 1027 2999 1107 3024; x_wconf 90' lang='lat' dir='ltr'>non</span> <span class='ocrx_word' id='word_1_480' title='bbox 1135 2987 1222 3035; x_wconf 89' lang='lat' dir='ltr'>plus</span> <span class='ocrx_word' id='word_1_481' title='bbox 1246 2997 1364 3034; x_wconf 88' lang='lat' dir='ltr'>quam</span> <span class='ocrx_word' id='word_1_482' title='bbox 1388 2986 1560 3023; x_wconf 87' lang='lat' dir='ltr'>essentia</span> <span class='ocrx_word' id='word_1_483' title='bbox 1586 2991 1628 3022; x_wconf 91' lang='lat' dir='ltr'>et</span> <span class='ocrx_word' id='word_1_484' title='bbox 1653 2984 1803 3026; x_wconf 84' lang='lat' dir='ltr'>forma:</span> 
     </span>
    </p>
   </div>
  </div>
 </body>
</html>
