2014 3386
610 351 678 385 DE
710 351 889 385 AMORE
920 351 1347 395 CONJUGIAL1.—N.
1374 354 1441 397 70.
1719 344 1771 388 61

277 463 371 520 ejus
393 464 716 507 excellentiam
741 477 847 518 prae
869 464 1077 519 reliquis;
1109 479 1214 506 usus
1240 471 1309 507 est
1337 465 1607 519 propagatio
1632 479 1773 519 gene-

274 530 335 571 ris
366 529 565 578 humani,
598 534 645 569 et
676 529 781 569 inde
813 528 927 570 caeli
958 528 1179 582 angelici:
1223 535 1269 570 et
1307 530 1409 583 quia
1440 529 1511 570 hic
1544 535 1649 570 usus
1690 530 1770 571 suit

274 591 375 633 finis
405 592 559 633 finium
586 592 840 641 creationis,
870 593 1161 646 consequitur
1186 593 1307 646 quod
1339 606 1499 634 omnes
1525 592 1771 634 beatitudi-

274 670 370 705 nes,
402 655 677 704 faustitates,
707 654 1030 708 jucunditates,
1063 656 1370 696 amoenitates
1406 662 1453 696 et
1493 655 1770 709 voluptates,

273 732 388 773 quae
434 732 461 759 a
501 718 701 759 Domino
743 717 961 759 Creatore
993 731 1181 772 usquam
1215 718 1405 759 conferri
1441 724 1686 771 potuerant
1727 719 1772 760 in

272 781 518 829 hominem,
552 781 596 821 in
627 781 746 822 hunc
778 781 873 834 ejus
903 794 1105 823 amorem
1137 781 1334 823 collatae
1365 782 1471 822 sint.
1533 781 1667 834 Quod
1700 781 1770 835 ju-

272 845 423 886 cunda
448 851 696 898 sequantur
722 858 865 894 usum,
894 851 940 886 et
972 845 1221 886 secundum
1248 844 1375 897 hujus
1402 858 1604 886 amorem
1630 845 1770 886 insint

271 907 458 957 homini,
478 914 609 961 patet
632 922 691 949 ex
709 907 917 961 jucundis
940 909 1135 962 quinque
1158 922 1386 956 sensuum,
1412 909 1545 957 visus,
1571 909 1766 957 auditus,

271 969 476 1020 olfactus,
505 978 679 1024 gustuS,
708 978 755 1013 et
781 970 958 1023 tactum
991 972 1230 1025 unicuique
1256 971 1416 1013 horum
1443 978 1548 1012 sunt
1569 971 1769 1025 jucunda

271 1047 373 1075 cum
399 1034 726 1075 variationibus
753 1035 1000 1076 secundum
1027 1034 1261 1088 specificos
1287 1035 1465 1076 illorum
1498 1048 1628 1075 usus:
1662 1034 1768 1088 quid

271 1110 364 1138 non
404 1098 554 1138 sensui
594 1099 760 1139 amoris
792 1098 1074 1151 conjugialis,
1102 1098 1226 1152 cujus
1259 1112 1363 1139 usus
1395 1105 1465 1139 est
1498 1097 1767 1152 complexus

270 1161 472 1202 omnium
498 1161 770 1215 reliquorum
797 1161 987 1202 usuum?

355 1224 456 1276 69.
497 1223 601 1266 Scio
641 1225 760 1278 quod
801 1225 931 1279 pauci
961 1225 1157 1278 agnituri
1188 1225 1292 1274 sint,
1321 1225 1441 1279 quod
1482 1226 1525 1266 in
1566 1238 1767 1267 amorem

269 1287 572 1341 conjugialem
596 1288 766 1329 collata
790 1289 880 1329 sint
907 1289 1059 1330 omnia
1081 1289 1247 1341 gaudia
1272 1295 1318 1330 et
1345 1302 1505 1329 omnes
1528 1289 1715 1330 deliciae
1742 1303 1768 1330 a

270 1351 425 1404 primis
455 1352 513 1392 ad
545 1351 719 1401 ultima,
747 1365 808 1392 ex
840 1365 977 1392 causa
1001 1353 1105 1406 quia
1135 1365 1262 1393 amor
1282 1366 1388 1393 vere
1415 1352 1694 1405 conjugialis,
1721 1353 1767 1393 in

269 1428 403 1469 quem
427 1415 597 1456 collata
618 1421 738 1464 s'unt,
757 1415 893 1456 hodie
915 1422 1011 1456 tam
1035 1429 1157 1457 rarus
1176 1422 1260 1464 est,
1281 1422 1330 1456 ut
1357 1429 1447 1457 non
1466 1417 1633 1457 sciatur
1656 1430 1766 1470 qua-

269 1478 322 1519 lis
354 1485 439 1528 est,
467 1485 514 1520 et
545 1479 624 1519 vix
655 1479 775 1532 quod
808 1479 878 1527 sit,
908 1479 1157 1520 secundum
1188 1479 1266 1520 illa
1298 1493 1412 1533 quae
1438 1492 1572 1532 supra
1601 1478 1663 1532 (n.
1699 1481 1764 1531 58,

272 1540 360 1595 59,)
389 1542 623 1595 explicata
648 1549 693 1583 et
720 1541 989 1583 confirmata
1014 1548 1134 1591 sunt,
1159 1555 1264 1582 nam
1291 1543 1334 1582 in
1361 1541 1450 1583 alio
1477 1555 1630 1583 amore
1656 1555 1765 1584 con-

264 1605 420 1658 jugiali
446 1618 580 1659 quam
607 1606 806 1658 genuino
831 1619 922 1646 non
949 1611 1080 1646 sunt:
1119 1611 1166 1646 et
1198 1605 1301 1659 quia
1331 1605 1401 1646 hic
1435 1606 1479 1646 in
1512 1606 1642 1646 terris
1669 1612 1765 1647 tam

268 1682 392 1709 rarus
410 1675 494 1717 est,
514 1668 790 1721 impossibile
813 1675 883 1710 est
901 1668 1291 1722 supereminentes
1313 1667 1406 1721 ejus
1424 1668 1666 1710 felicitates
1683 1668 1765 1710 ali-

269 1732 388 1773 unde
420 1731 690 1780 describere,
718 1744 852 1785 quam
884 1746 944 1773 ex
977 1745 1054 1773 ore
1085 1731 1367 1784 angelorum,
1396 1732 1499 1785 quia
1529 1731 1575 1772 hi
1610 1731 1654 1772 in
1686 1731 1765 1773 illo

267 1802 387 1837 sunt.
449 1794 512 1837 Hi
543 1795 759 1836 dixerunt
785 1795 906 1849 quod
938 1795 1127 1836 deliciae
1159 1794 1252 1847 ejus
1278 1795 1481 1844 intimae,
1510 1808 1625 1848 quae
1657 1800 1765 1836 sunt

266 1860 460 1908 animae,
488 1858 533 1899 in
559 1871 693 1912 quam
720 1859 912 1911 primum
934 1858 1077 1899 influit
1100 1857 1354 1911 conjugiale
1376 1858 1542 1898 amoris
1569 1864 1615 1899 et
1642 1857 1761 1910 sapi-

267 1923 418 1963 entiae
441 1935 519 1962 seu
545 1921 653 1978 boni
679 1927 726 1963 et
751 1922 845 1962 veri
876 1935 902 1962 a
933 1921 1146 1970 Domino,
1175 1921 1266 1962 sint
1293 1920 1680 1974 imperceptibiles
1711 1926 1759 1961 et

265 1986 371 2027 inde
396 1984 659 2034 ineffabiles,
693 1985 796 2039 quia
820 1990 925 2025 sunt
952 1984 1084 2025 simul
1111 1985 1233 2037 pacis
1260 1990 1306 2025 et
1332 1984 1649 2034 innocentiae;
1683 1983 1762 2024 sed

265 2049 386 2104 quod
413 2049 601 2090 eaedem
633 2049 677 2089 in
703 2049 924 2089 descensu
951 2047 1061 2089 fiant
1088 2047 1188 2101 plus
1219 2053 1266 2088 et
1298 2046 1397 2100 plus
1423 2047 1760 2100 perceptibiles,

264 2113 310 2154 in
346 2112 646 2165 superioribus
678 2112 845 2152 mentis
886 2111 1002 2152 sicut
1042 2110 1364 2159 beatitudines,
1397 2111 1442 2151 in
1484 2110 1762 2151 inferioribus

265 2176 432 2232 mentis
464 2175 581 2216 sicut
612 2174 884 2223 faustitates,
917 2174 962 2214 in
1003 2172 1187 2226 pecctore
1218 2173 1333 2214 sicut
1360 2172 1670 2226 jucunditates
1701 2187 1761 2214 ex

263 2238 366 2287 illis,
394 2245 441 2280 et
468 2238 588 2292 quod
615 2251 676 2278 ex
702 2235 885 2290 pectore
910 2250 958 2278 se
984 2236 1236 2278 diffundant
1262 2236 1306 2276 in
1333 2236 1486 2277 omnia
1511 2242 1558 2277 et
1584 2235 1762 2289 singula

264 2302 479 2354 corporis,
503 2314 555 2342 ac
579 2301 761 2342 demum
784 2300 941 2341 uniant
963 2313 1011 2340 se
1033 2300 1077 2340 in
1103 2299 1273 2340 ultimis
1295 2299 1341 2339 in
1363 2298 1574 2339 delicium
1597 2298 1755 2339 delici-

263 2378 416 2416 arum;
454 2378 588 2418 porro
609 2363 761 2417 angeli
783 2363 839 2404 de
862 2362 948 2404 illis
972 2363 1190 2404 mirabilia
1212 2368 1523 2410 narraverunt,
1547 2361 1756 2402 dicentes

264 2429 403 2470 etiam
429 2427 549 2482 quod
575 2428 820 2468 varietates
842 2426 1018 2468 illarum
1040 2426 1300 2467 deliciarum
1326 2425 1370 2466 in
1394 2425 1635 2478 conjugum
1662 2425 1758 2466 ani-

265 2491 436 2540 mabus,
465 2497 511 2532 et
537 2490 595 2532 ab
619 2490 688 2531 his
715 2490 758 2531 in
784 2489 962 2530 illorum
988 2489 1230 2538 mentibus,
1258 2495 1305 2530 et
1330 2489 1388 2530 ab
1413 2488 1481 2529 his
1507 2489 1552 2529 in
1578 2487 1757 2529 illorum

262 2552 535 2607 pectoribus,
569 2553 663 2595 sint
699 2552 917 2602 infinitae,
956 2558 1002 2594 et
1045 2566 1222 2606 quoque
1259 2558 1502 2602 aeternae;
1544 2551 1756 2605 quodque

264 2617 512 2658 secundum
554 2616 825 2669 sapientiam
861 2615 980 2668 apud
1013 2616 1201 2656 maritos
1243 2614 1536 2665 exaltentur;
1583 2619 1630 2654 et
1670 2613 1756 2653 hoc

265 2679 368 2732 quia
397 2680 442 2720 in
473 2679 581 2720 flore
606 2693 713 2720 suae
739 2679 905 2730 aetatis
931 2679 1088 2719 vivunt
1119 2678 1162 2719 in
1188 2684 1440 2726 aeternum,
1469 2683 1515 2718 et
1542 2677 1645 2730 quia
1670 2675 1757 2716 illis

266 2741 376 2782 nihil
401 2742 578 2783 beatius
604 2748 675 2783 est
701 2755 836 2796 quam
861 2741 962 2795 plus
994 2747 1040 2782 et
1072 2740 1172 2795 plus
1198 2753 1370 2793 sapere.
1431 2739 1520 2781 Sed
1547 2738 1674 2792 plura
1700 2737 1757 2779 de

266 2803 438 2845 deliciis
455 2805 542 2846 illis
559 2819 619 2846 ex
637 2819 714 2846 ore
731 2803 997 2858 angelorum
1015 2809 1238 2852 enarrata,
1258 2803 1496 2844 videantur
1517 2802 1560 2841 in
1579 2800 1756 2841 Memo-

266 2866 495 2917 rabilibus,
528 2867 744 2921 imprimis
783 2868 827 2909 in
863 2866 950 2908 illis
981 2880 1096 2921 quae
1127 2872 1232 2921 post
1263 2865 1411 2919 aliqua
1443 2864 1592 2917 capita
1623 2875 1756 2916 porro

267 2935 527 2983 sequuntur.
1762 2980 1765 2984 ι

351 2999 446 3044 7ο.
479 2990 592 3047 (vii.)
626 2992 720 3035 Sed
738 2992 858 3047 quod
886 3006 969 3034 non
999 2992 1084 3035 aliz·
1109 2991 1154 3034 in
1186 2991 1311 3034 illum
1342 3003 1534 3032 amorem
1558 2988 1750 3038 veniant,
