2014 3386
579 341 647 374 DE
678 339 859 373 AMORE
890 314 1325 382 CONJUGIAL1.-—N.¹
1343 340 1412 382 42.
1693 340 1746 384 37

315 455 463 489 “Simile
479 459 536 490 est
550 463 701 495 regnum
715 453 891 485 caelorum
908 451 1046 484 homini
1062 451 1149 492 regi,
1169 451 1228 493 qui
1256 451 1339 483 fecit
1355 451 1499 503 nuptias
1516 451 1589 483 filio
1610 461 1686 491 suo,
1700 462 1741 485 ac

422 499 555 531 emisit.
569 507 710 530 .servos
727 503 763 529 et
779 497 945 528 invitavit
961 496 1006 528 ad
1023 495 1183 536 nuptias’
1187 494 1354 535 ¹(Matth.
1371 496 1454 527 xxii.
1474 495 1592 536 1-14);

316 542 468 576 “Simile
487 547 542 574 est
564 551 715 582 regnum
739 541 919 572 caelorum
943 540 1068 572 decem
1090 539 1297 580 virginibus,
1318 549 1447 580 quae..
1483 533 1687 572 ‚exiverunt
1708 539 1744 571 in

422 595 608 618 occursum
630 584 794 626 Sponsi·’
776 609 783 622 ,
788 583 806 596 ’¹
830 594 875 615 ex
899 584 1026 625 quibus
1045 583 1201 625 quinque
1225 588 1371 624 paratae
1396 583 1580 623 ingressae
1602 589 1687 615 sunt
1711 584 1748 615 in

423 629 567 671 nuptias
584 628 727 670 (Matth.
744 637 825 660 xxv.
845 636 861 659 1
880 627 988 669 seq.);

248 718 371 773 quod
394 717 618 759 Dominus
642 716 714 757 his
740 715 798 758 Se
823 715 1122 764 intellexerit,
1146 720 1277 769 patet
1304 728 1331 756 a
1356 727 1471 756 verS.
1499 725 1548 768 13
1570 714 1645 764 ibi,
1671 715 1746 756 ubi

249 782 427 831 dicitur,

315 863 538 904 “Vigilate..
546 863 655 904 ,quia
671 872 746 894 non
771 862 928 894 novistis
944 861 1038 893 diem
1055 866 1092 893 et
1110 860 1248 899 horam,
1265 870 1337 902 qua
1354 859 1465 893 Filius
1484 859 1645 893 hominis
1662 870 1750 892 ven-

423 913 523 939 turus
540 905 618 939 est.’

247 977 366 1020 Turn
393 991 454 1019 ex
477 976 763 1030 Apocalypsi
775 990 794 1018 .·

314 1054 451 1087 “Venit
467 1059 609 1095 tempus
626 1054 831 1094 nuptiarum
852 1053 959 1094 Agni,
977 1059 1012 1085 et
1030 1051 1132 1085 Uxor
1149 1051 1249 1084 Illius
1266 1052 1407 1093 paravit
1425 1061 1501 1084 sez.
1515 1076 1523 1084 .
1537 1076 1544 1084 .
1558 1051 1670 1085 .beati
1687 1052 1747 1093 qui

421 1099 468 1130 ad
485 1107 612 1130 cenam
629 1097 834 1138 nuptiarum
852 1097 950 1138 Agni
967 1097 1085 1129 vocati
1102 1102 1187 1128 sunt
1197 1095 1215 1108 ”
1232 1095 1322 1137 (cap.
1339 1097 1410 1128 xix.
1429 1103 1458 1135 7,
1476 1095 1521 1137 9).

247 1187 383 1243 Quod
405 1186 651 1241 spiritualis
673 1184 935 1228 intellectus
958 1186 1016 1227 sit
1039 1186 1084 1227 in
1102 1185 1311 1227 omnibus
1334 1190 1381 1226 et
1404 1183 1608 1238 singulis,
1628 1198 1744 1238 quae

246 1251 471 1293 Dominus
498 1250 678 1291 locutus
704 1255 787 1299 est,
815 1250 950 1303 plene
977 1255 1215 1290 ostensum
1241 1254 1311 1290 est
1338 1249 1383 1289 in
1409 1247 1626 1288 Doc‘Zrina
1647 1247 1742 1288 No-

244 1329 327 1356 vae
345 1313 679 1367 szrosolymae
698 1313 752 1354 de
783 1312 1023 1367 Scriptura
1054 1312 1211 1362 Sacra,
1235 1311 1593 1361 Amstelodami‚
1622 1324 1744 1352 anno

251 1378 370 1432 1763,
399 1377 537 1419 edita.

328 1531 421 1578 42.
462 1521 548 1563 His
566 1521 798 1575 subjiciam
816 1521 906 1563 duo
923 1520 1241 1562 Memorabilia
1258 1534 1282 1562 e
1300 1519 1474 1561 Mundo
1492 1518 1739 1573 Spirituali.

241 1587 443 1628 Primum
468 1586 581 1627 hoc:

317 1671 504 1720 Quodam
533 1682 648 1707 mane
675 1671 834 1717 suspexi
860 1671 901 1706 in
926 1671 1092 1712 caelum,
1110 1677 1151 1706 et
1177 1670 1259 1706 vidi
1286 1681 1406 1716 supra
1432 1680 1495 1705 me
1521 1680 1739 1715 expansum

245 1736 365 1772 supra
386 1736 626 1771 expansum,
618 1737 626 1744 ·
652 1731 693 1760 et
709 1724 804 1766 vidi,
823 1724 930 1770 quod
952 1724 1170 1770 aperiretur
1190 1724 1360 1770 primum
1382 1733 1613 1768 expansum,
1632 1723 1741 1768 quod

245 1790 370 1825 prope
387 1785 484 1819 erat,
502 1785 543 1813 et
562 1788 655 1813 mox
675 1778 845 1812 alterum
863 1777 972 1823 quod
999 1777 1192 1822 superius,
1212 1783 1253 1812 et
1269 1777 1433 1811 tandem
1451 1775 1614 1810 tertium
1633 1776 1742 1835 quod

245 1838 330 1867 erat
347 1842 597 1877 supremum:
623 1837 664 1866 et
681 1841 730 1865 ex
752 1830 1017 1865 illustratione
1044 1829 1136 1865 inde
1164 1829 1321 1876 percepi
1343 1829 1451 1874 quod
1473 1839 1592 1874 super
1613 1828 1743 1874 primo

245 1895 422 1930 expanso
447 1890 582 1919 essent
607 1883 739 1929 angeli
765 1894 814 1918 ex
840 1883 984 1929 quibus
1010 1883 1182 1928 primum
1209 1893 1277 1918 seu
1305 1881 1491 1917 ultimum
1519 1881 1684 1922 caelum,
1703 1888 1744 1916 et

245 1947 364 1983 super
381 1938 558 1972 secundo
578 1947 759 1982 expanso
784 1942 920 1971 essent
937 1935 1067 1982 angeli
1093 1947 1141 1971 ex
1159 1935 1303 1981 quibus
1328 1935 1547 1970 secundum
1566 1945 1635 1969 seu
1663 1945 1743 1969 me·-

245 1990 356 2025 dium
368 1990 533 2030 caelum,
549 1996 589 2025 et
607 2000 725 2035 super
737 1989 858 2024 tertio
873 1999 1048 2034 expanso
1062 1995 1196 2024 essent
1210 1987 1341 2034 angeli
1354 1999 1404 2023 ex
1417 1987 1560 2034 quibus
1577 1986 1741 2023 tertium

245 2053 316 2079 seu
334 2053 564 2088 supremum
582 2043 748 2078 caelum.

318 2095 485 2131 Miratus
503 2106 591 2130 sum
610 2094 782 2141 primum
801 2094 897 2140 quid
915 2100 956 2130 et
973 2105 1045 2129 cur
1061 2093 1157 2135 hoc:
1183 2100 1224 2129 et
1246 2104 1340 2128 mox
1358 2092 1495 2128 audita
1512 2098 1574 2128 est
1591 2103 1613 2128 e
1630 2092 1743 2127 caelo

244 2159 324 2184 vox
342 2149 445 2184 sicut
462 2149 592 2188 tubae,
613 2147 760 2188 dicens,
781 2152 801 2165 ⁴⁶
816 2147 1082 2193 Percepimus,
1101 2153 1141 2182 et
1159 2157 1265 2181 nunc
1282 2146 1475 2186 videmus,
1490 2145 1598 2191 quod
1618 2145 1742 2180 medi-

246 2202 342 2237 teris
368 2202 418 2237 de
443 2212 578 2237 amore
604 2200 843 2247 conjugiali:
878 2206 920 2235 et
945 2200 1103 2240 scimus,
1126 2199 1234 2245 quod
1263 2199 1394 2234 adhuc
1420 2209 1500 2233 non
1528 2198 1674 2244 aliquis
1704 2198 1741 2232 in

244 2254 361 2290 terris
391 2254 490 2290 sciat
515 2254 611 2300 quid
641 2264 753 2289 amor
778 2264 872 2288 vere
901 2253 1137 2299 conjugialis
1169 2252 1207 2287 in
1238 2262 1309 2287 sua
1341 2251 1504 2297 origine,
1530 2257 1571 2286 et
1601 2251 1642 2285 in
1672 2261 1743 2286 sua

245 2307 420 2343 essentia
446 2314 518 2348 est,
545 2313 586 2342 et
612 2313 748 2342 tamen
775 2306 941 2341 interest
968 2312 1013 2340 ut
1040 2305 1207 2346 sciatur;
1237 2315 1358 2350 quare
1385 2304 1533 2350 placuit
1565 2303 1742 2339 Domino

245 2360 397 2406 aperire
415 2359 487 2395 tibi
506 2359 648 2400 caelos,
667 2365 713 2394 ut
732 2359 771 2393 in
791 2359 935 2394 mentis
959 2365 1052 2393 tuae
1071 2357 1260 2393 interiora
1280 2357 1419 2392 influat
1439 2357 1507 2391 lux
1529 2356 1741 2395 illustrans,

245 2420 286 2448 et
305 2413 397 2448 inde
415 2412 641 2459 perceptio:
666 2411 772 2457 apud
792 2422 864 2447 nos
892 2411 931 2446 in
952 2411 1083 2451 caelis,
1103 2410 1296 2456 imprimis
1323 2409 1362 2444 in
1388 2409 1519 2450 tertio,
1541 2415 1635 2444 sunt
1653 2420 1741 2444 cae-

245 2466 364 2501 lestes
391 2471 551 2500 nostrae
577 2464 741 2500 deliciae
767 2463 1040 2510 principaliter
1057 2474 1106 2498 ex
1126 2473 1260 2498 amore
1281 2461 1519 2508 conjugia1i;
1545 2472 1666 2508 quare
1692 2472 1741 2496 ex

245 2519 341 2554 data
358 2518 474 2554 nobis
490 2518 607 2553 venia
624 2517 884 2553 demittemus
905 2517 954 2552 ad
973 2523 1014 2551 te
1033 2527 1103 2562 par
1119 2516 1335 2562 conjugum
1354 2521 1399 2550 ut
1418 2514 1591 2550 videas.”

319 2571 369 2607 Et
386 2581 478 2607 ecce
495 2577 591 2606 tunc
608 2570 792 2616 apparuit
809 2581 948 2605 currus
969 2580 990 2604 e
1011 2579 1197 2614 supremo
1214 2579 1284 2604 seu
1306 2568 1427 2603 tertio
1445 2567 1556 2602 caelo
1574 2567 1740 2602 descen-

247 2623 357 2664 dens,
376 2623 415 2659 in
433 2634 514 2670 quo
531 2623 639 2659 visus
660 2629 721 2659 est
746 2634 848 2658 unus
866 2622 1047 2668 angelus:
1076 2621 1146 2657 secl
1172 2621 1274 2656 sicut
1300 2619 1646 2666 appropinquavit,
1663 2618 1738 2653 visi

247 2682 340 2711 sunt
358 2676 397 2711 in
417 2676 484 2711 illo
502 2676 605 2711 duo:
630 2686 768 2710 currus
786 2686 807 2710 e
833 2675 1053 2721 longinquo
1079 2673 1190 2709 fulsit
1214 2684 1347 2708 coram
1375 2673 1501 2708 oculis
1520 2672 1618 2707 meis
1636 2671 1740 2706 sicut

247 2728 418 2769 adamas,
436 2735 478 2763 et
495 2728 531 2764 ei
557 2727 706 2774 alligati
733 2734 847 2763 erant
864 2727 961 2773 pulli
982 2738 1176 2773 equorum
1198 2725 1357 2761 candidi
1383 2725 1486 2760 sicut
1504 2724 1592 2764 nix:
1618 2730 1658 2759 et
1679 2734 1740 2758 se-

249 2780 390 2816 dentes
409 2781 447 2816 in
473 2792 589 2816 curru
615 2781 807 2816 tenebant
833 2780 1014 2815 manibus
1041 2780 1142 2814 duos
1167 2786 1352 2819 turtures,
1371 2785 1411 2813 et
1436 2778 1661 2812 clamabant
1686 2776 1736 2810 ad

250 2843 323 2872 me,
339 2837 358 2851 ‘⁸
372 2832 443 2868 Vis
461 2840 506 2868 ut
524 2834 685 2879 propius
699 2833 977 2873 adveniamus;
1003 2832 1072 2868 sed
1092 2843 1186 2867 cave
1205 2838 1311 2871 tunc,
1327 2842 1375 2866 ne
1393 2840 1613 2868 coruscum,
1629 2828 1736 2874 quod

249 2894 271 2919 e
289 2884 399 2920 caelo
417 2893 565 2926 nostro,
582 2897 604 2921 e
621 2897 702 2932 quo
723 2885 1011 2925 descendimus,
1030 2892 1070 2920 et
1091 2891 1152 2920 est
1177 2885 1416 2922 flammeum,
1435 2888 1616 2928 penetret
1638 2881 1739 2915 inte·

250 2936 341 2976 rius.
359 2947 382 2972 e
398 2937 511 2982 eujus
531 2937 680 2973 influxu
699 2938 862 2984 quidem
891 2938 1141 2972 illustrantur
1159 2933 1271 2971 ideae
1293 2934 1519 2970 intellecstus
1539 2933 1599 2968 tui
1622 2943 1738 2978 supe-

251 2988 386 3029 riores,
415 3000 517 3035 quae
550 2990 590 3024 in
623 3001 666 3025 se
695 2997 788 3026 sunt
817 2990 1029 3030 caelestes;
1066 2996 1106 3024 at
1136 2989 1209 3024 hae
1241 2989 1279 3023 in
1311 2987 1471 3027 mundo,
1503 2986 1542 3020 in
1574 2995 1654 3031 quo
1683 2996 1727 3020 es
