2014 3386
539 357 606 389 DE
639 355 818 388 AMORE
850 355 1275 399 CONJUGIAL1.-—N.
1307 358 1399 399 304.
1632 358 1714 401 237

219 469 376 512 ineant
409 469 679 524 conjugium,
707 483 759 512 ac
793 469 892 524 plus
924 475 970 512 et
1002 469 1102 523 plus
1134 470 1462 511 consocientur.
1527 467 1606 523 (5.)
1646 469 1713 512 Ut

220 535 283 575 sic
315 547 442 575 amor
472 533 737 587 conjugialis
768 548 794 575 a
826 534 968 587 primo
998 547 1079 575 suo
1105 532 1254 574 calore
1286 534 1371 574 rite
1398 533 1715 586 progrediatur

218 611 357 651 usque
377 597 433 638 ad
452 596 680 637 flammam
700 597 963 650 nuptialem.
1010 596 1369 650 Consequenter,
1393 595 1473 650 (6.)
1502 596 1569 638 Ut
1587 609 1715 637 amor

217 659 486 714 conjugialis
511 659 732 713 spirituali
764 674 843 701 sua
874 661 1046 713 origine
1074 659 1197 712 justo
1229 660 1386 700 ordine
1414 659 1633 712 procedat
1666 666 1713 700 et

217 730 488 764 succrescat.
549 722 707 764 Status
734 723 1100 777 desponsationis
1126 723 1362 764 assimilari
1394 729 1549 776 potest
1575 722 1714 763 statui

216 787 332 827 veris
358 793 466 828 ante
492 793 745 838 aestatem3
779 795 825 828 et
851 787 1157 828 amoenitates
1183 787 1390 827 internae
1416 786 1534 826 illius
1560 792 1711 826 status

217 849 560 892 efflorescentiis
578 851 787 891 arborum
806 857 914 892 ante
932 849 1313 892 fructificationes.
1379 849 1605 903 Quoniam
1628 850 1712 890 ini-

218 913 438 954 tiationes
461 920 507 955 et
534 915 878 967 progressiones
904 914 1069 955 amoris
1096 912 1362 966 conjugialis
1389 913 1642 966 procedunt
1669 913 1713 952 in

218 977 374 1018 ordine
398 984 583 1030 propter
605 977 824 1018 influxum
846 977 1023 1018 illarum
1050 977 1094 1017 in
1127 975 1381 1018 effefflvum
1401 989 1617 1025 amorem,
1638 975 1712 1029 qui

216 1035 403 1082 inchoat
425 1054 451 1081 a
473 1041 654 1094 nuptiis,
678 1041 781 1081 ideo
803 1041 847 1081 in
873 1040 1010 1081 caelis
1033 1040 1170 1081 etiam
1190 1040 1569 1093 desponsationes
1591 1045 1711 1079 sunt.

300 1113 433 1158 302.
469 1103 567 1157 (vi.)
605 1103 733 1154 Quod
751 1110 836 1156 per
865 1103 1244 1156 desponsationem
1267 1109 1570 1156 praeparetur
1593 1108 1712 1143 uter-

216 1181 298 1222 que
334 1167 400 1209 ad
432 1181 625 1208 amorem
655 1165 1152 1222 conjugialem-—Quod
1191 1167 1319 1207 unius
1351 1179 1481 1206 mens
1513 1179 1592 1206 seu
1623 1166 1713 1218 spi-

218 1231 330 1272 ritus
371 1244 451 1284 per
491 1230 894 1283 desponsationem
926 1236 1219 1283 praeparetur
1257 1230 1315 1270 ad
1362 1230 1574 1270 unionem
1611 1241 1713 1269 cum

217 1293 402 1335 alterius
429 1300 583 1334 mente
610 1308 688 1334 seu
716 1293 888 1346 spiritu,
917 1299 993 1334 aut
1020 1293 1142 1347 quod
1174 1293 1294 1334 idem
1322 1299 1407 1342 est,
1437 1292 1557 1346 quod
1584 1292 1713 1332 unius

217 1370 345 1399 amor
371 1370 472 1398 cum
500 1356 685 1398 alterius
712 1370 880 1406 amore,
909 1363 1092 1398 constat
1119 1370 1179 1397 ex
1202 1357 1484 1409 argumentis
1510 1356 1554 1396 in
1580 1361 1711 1396 ante-

217 1422 412 1463 cedente
451 1419 645 1461 articulo
685 1420 850 1461 allatis.
912 1419 1095 1461 Praeter
1135 1419 1214 1460 illa
1253 1418 1596 1460 memorandum
1641 1425 1713 1459 est

217 1485 334 1526 hoc:
378 1484 498 1538 quod
531 1484 671 1524 amori
702 1497 808 1524 vere
841 1482 1083 1536 conjugiali
1114 1483 1358 1535 inscriptus
1390 1483 1448 1523 sit
1480 1482 1552 1523 hic
1585 1482 1711 1530 ordo,

216 1549 337 1603 quod
364 1547 584 1588 ascendat
611 1554 657 1588 et
684 1546 962 1597 descendat;
996 1546 1203 1588 ascendit
1230 1560 1256 1586 a
1282 1547 1426 1599 primo
1452 1560 1534 1586 suo
1559 1545 1711 1586 calore

217 1612 503 1665 progressive
535 1623 709 1652 sursum
741 1624 897 1651 versus
928 1610 1102 1650 animas
1134 1610 1233 1650 nisu
1270 1609 1327 1649 ad
1370 1607 1711 1661 conjunfflones

216 1675 291 1724 ibi,
325 1682 371 1716 et
413 1675 533 1728 quod
565 1687 644 1727 per
675 1674 951 1726 aperitiones
984 1673 1204 1714 mentium
1232 1672 1327 1726 jugi
1357 1673 1622 1722 interiores;
1665 1679 1713 1712 et

216 1753 307 1780 non
331 1738 464 1780 datur
485 1751 625 1786 amor,
650 1738 723 1791 qui
750 1737 1025 1791 aperitiones
1047 1736 1147 1777 illas
1173 1736 1393 1777 intensius
1416 1735 1613 1783 molitur,
1634 1749 1712 1776 seu

216 1803 292 1857 qui
313 1803 528 1854 interiora
550 1802 769 1842 mentium
787 1800 944 1842 fortius
967 1807 1013 1841 et
1035 1799 1227 1842 habilius
1250 1800 1407 1853 aperit,
1432 1812 1566 1853 quam
1584 1812 1712 1839 amor

217 1865 496 1919 conjugialis,
525 1865 675 1906 anima
706 1864 824 1905 enim
857 1865 1085 1917 utriusque
1117 1863 1161 1904 id
1203 1863 1426 1913 intendit;
1473 1869 1520 1903 at
1551 1862 1713 1903 iisdem

217 1929 463 1971 momentis
489 1929 650 1982 quibus
677 1941 804 1968 amor
834 1926 910 1968 ille
942 1941 1096 1968 versus
1123 1927 1296 1968 animas
1321 1926 1543 1974 ascendit,
1572 1926 1711 1967 etiam

216 2007 372 2035 versus
399 2006 562 2046 corpus
589 1991 846 2039 descendit,
874 1997 920 2032 et
949 2004 1027 2044 per
1059 1990 1102 2031 id
1135 2004 1182 2031 se
1209 1990 1410 2031 investit.
1472 1988 1539 2030 At
1566 1989 1711 2030 scien-

216 2057 322 2098 dum
345 2062 430 2105 est,
451 2055 570 2110 quod
593 2067 719 2096 amor
741 2053 1006 2107 conjugialis
1031 2054 1076 2094 in
1099 2053 1322 2094 descensu
1344 2052 1449 2093 talis
1471 2053 1544 2101 sit,
1569 2051 1713 2106 qualis

216 2127 286 2164 est
317 2121 362 2161 in
393 2119 636 2163 altitudine
667 2118 725 2159 ad
757 2131 892 2172 quam
924 2117 1159 2168 ascendit;
1206 2117 1242 2158 si
1273 2118 1318 2157 in
1350 2116 1591 2157 altitudine
1623 2122 1709 2163 est,

217 2184 456 2225 descendit
482 2182 558 2224 ille
581 2188 748 2230 castus,
773 2189 820 2222 at
847 2182 883 2222 si
910 2194 1001 2221 non
1028 2181 1071 2221 in
1095 2180 1338 2222 altitudine
1364 2186 1449 2228 est,
1474 2179 1712 2220 descendit

216 2247 290 2289 ille
313 2248 512 2288 incastus
533 2259 542 2297 ;
575 2259 712 2286 causa
733 2251 819 2294 est,
843 2245 946 2298 quia
967 2243 1178 2285 inferiora
1200 2245 1367 2285 mentis
1390 2249 1495 2284 sunt
1519 2244 1709 2290 incasta,

215 2317 264 2353 at
289 2311 518 2364 superiora
543 2308 638 2362 ejus
664 2314 768 2350 sunt
792 2314 947 2359 casta3
980 2308 1188 2349 inferiora
1210 2308 1329 2348 enim
1353 2307 1518 2348 mentis
1541 2306 1712 2347 adhae-

217 2381 319 2416 rent
351 2374 542 2426 corpori,
576 2373 656 2414 sed
688 2372 922 2425 superiora
962 2385 1010 2412 se
1051 2377 1266 2424 separant
1307 2371 1366 2412 ab
1409 2370 1523 2421 illis;
1556 2383 1711 2410 verum

216 2437 315 2491 plus
337 2437 392 2478 de
415 2436 485 2478 his
506 2436 715 2477 videatur
736 2435 848 2476 infra
872 2433 934 2488 (n.
961 2433 1077 2488 305).
1138 2434 1213 2475 Ex
1236 2434 1305 2475 his
1328 2435 1481 2486 paucis
1499 2439 1712 2474 constare

216 2506 386 2554 potest,
415 2499 535 2554 quod
562 2499 795 2552 utriusque
822 2511 950 2539 mens
977 2510 1056 2550 per
1082 2497 1490 2550 desponsationem
1518 2509 1710 2549 praepa-

217 2569 339 2604 retur
363 2563 420 2603 ad
447 2575 649 2603 amorem
673 2561 989 2615 conjugialem,
1013 2561 1200 2602 tametsi
1222 2560 1525 2601 diversimode
1548 2572 1711 2600 secun-

216 2625 324 2667 dum
350 2623 624 2667 affeetiones.

303 2697 440 2742 303.
480 2687 591 2743 (vii.)
634 2687 763 2739 Quod
781 2694 868 2742 per
896 2686 1274 2741 desponsationem
1304 2686 1433 2728 unius
1462 2699 1581 2726 mens
1611 2698 1710 2724 con-

213 2750 440 2806 jungatur
474 2751 612 2792 menti
637 2751 840 2801 alterius,
873 2758 922 2792 ut
942 2751 1038 2806 fiat
1066 2750 1312 2804 conjugium
1348 2749 1553 2802 spiritus,
1586 2754 1709 2788 ante-

222 2828 357 2868 quam
369 2814 433 2869 fit
456 2814 847 2868 corporis.-—Hoc‚
875 2815 979 2869 quia
1004 2820 1074 2856 est
1101 2812 1433 2855 consectarium
1461 2826 1519 2852 ex
1553 2824 1710 2863 supra-

219 2875 352 2919 dietis
392 2877 454 2932 (n.
489 2888 583 2930 301,
619 2877 736 2932 302),
765 2878 935 2932 absque
977 2876 1395 2919 confirmationibus
1436 2889 1494 2916 ex
1535 2874 1710 2915 ratione

219 2939 404 2982 ulterius
430 2941 710 2982 adducendis
736 2941 1051 2994 pertransitur.

298 3015 435 3060 3⁰4·
467 3005 595 3060 (viii.)
632 3005 761 3057 Quod
783 3006 851 3048 ita
867 3005 962 3060 fiat
990 3004 1117 3058 apud
1145 3003 1262 3054 illos,
1289 3003 1370 3058 qui
1396 3002 1449 3044 de
1488 3001 1708 3056 conjugiis
