2014 3386
291 328 373 359 202
755 328 998 361 DELICIAE
1029 328 1332 362 SAPIENTIAE

287 441 436 496 magis
458 442 675 495 veniunt3
709 444 856 485 sciunt
879 444 998 484 enim
1021 443 1080 493 hi,
1105 443 1224 497 quod
1248 442 1458 497 conjugia
1480 442 1570 483 sint
1593 441 1638 483 in
1660 440 1788 483 caelo

288 512 335 547 et
362 520 386 547 e
413 505 556 555 caelo,
582 512 630 548 et
656 507 777 560 quod
803 507 1029 548 adulteria
1051 507 1143 547 sint
1168 507 1213 547 in
1239 507 1414 547 inferno
1440 513 1486 547 et
1513 520 1572 546 ex
1598 505 1807 559 inferno,j

287 574 334 609 et
367 569 488 622 quod
519 569 597 610 illa
627 569 717 610 duo
750 583 840 610 non
874 571 1050 623 possint
1083 568 1310 623 conjungi,
1339 570 1456 610 sicut
1489 568 1666 609 caelum
1697 580 1787 608 non

287 645 390 672 cum
417 632 618 683 inferno;
652 639 698 674 et
725 633 845 686 quod
871 633 1007 682 illico,
1035 633 1071 674 si
1102 633 1220 686 apud
1248 633 1480 673 hominem
1507 629 1787 684 conjungun-

287 702 374 744 tur,
408 696 595 736 recedat
627 696 819 746 caelum,
854 710 906 737 ac
943 696 1084 737 intret
1115 696 1352 737 infernum.
1415 695 1530 736 Inde
1562 706 1682 735 nunc
1718 698 1787 734 est

291 760 412 814 quod
439 759 714 801 adulterium
740 760 800 801 sit
823 773 959 800 causa
981 759 1190 810 divortii;
1222 772 1360 813 quare
1382 758 1494 799 dicit
1517 758 1756 806 Dominus,

357 841 462 884 Quod
487 842 687 883 quicunque
708 841 884 873 dimiserit
902 851 1064 879 uxorem,
1083 841 1152 873 nisi
1170 847 1317 881 propter
1333 841 1597 878 scortationem,
1618 845 1654 871 et
1677 839 1784 871 aliam

464 886 615 924 duxerit,
632 886 846 917 adulterium
863 886 1064 917 committat
1081 885 1224 924 (Matth.
1242 885 1313 916 xix.
1333 885 1367 925 9)
1383 894 1390 923 ;

290 963 418 1011 dicit,
452 962 488 1003 si
519 962 755 1011 dimiserit,
789 968 836 1004 et
869 963 1009 1003 etiam
1042 962 1241 1011 duxerit,
1270 961 1355 1002 nisi
1386 967 1575 1015 propter
1598 966 1783 1001 'scorta-

288 1027 476 1076 tionem,
500 1026 783 1067 adulterium
801 1027 1080 1075 committat,
1100 1026 1205 1079 quia
1226 1025 1430 1066 dimissio
1451 1031 1638 1078 propter
1662 1023 1781 1064 hanc

288 1103 473 1130 causam
500 1095 570 1131 est
598 1089 799 1142 plenaria
830 1090 1061 1142 separatio
1092 1089 1327 1137 mentium,
1355 1102 1470 1141 quae
1495 1093 1687 1128 vocatur
1711 1087 1781 1127 di-

286 1153 512 1204 vortium;
537 1159 585 1194 at
609 1153 895 1193 dimissiones
919 1166 978 1193 ex
1002 1153 1092 1192 suis
1115 1153 1261 1192 causis
1283 1151 1496 1205 reliquae,
1521 1156 1626 1192 sunt
1648 1164 1782 1204 sepa-

287 1217 504 1266 rationes,
529 1217 585 1257 de
608 1216 767 1270 quibus
791 1229 909 1256 nunc
934 1229 1068 1269 supra
1090 1214 1239 1256 actum
1263 1221 1361 1265 est;
1395 1221 1499 1268 post
1524 1214 1606 1255 has
1629 1214 1665 1255 si
1691 1214 1781 1255 alia

287 1294 404 1321 uxor
443 1280 636 1329 ducitur,
669 1279 944 1321 adulterium
982 1279 1312 1330 committitur;
1354 1292 1444 1319 non
1482 1284 1637 1319 autem
1674 1283 1780 1331 post

287 1343 547 1384 divortium.

372 1406 505 1460 256.
548 1405 672 1460 (xx.)
706 1405 835 1457 Quod
845 1420 1002 1447 causae
1020 1405 1306 1447 accidentales
1317 1405 1520 1458 frigoris
1537 1405 1671 1446 etiam
1688 1405 1782 1446 sint

283 1468 438 1522 plures
450 1483 470 1516 ,·
500 1475 543 1509 et
566 1468 685 1522 quod
704 1467 869 1509 harum
887 1468 1044 1521 prima
1068 1467 1131 1510 sit
1152 1482 1372 1509 commune
1395 1482 1452 1509 ex
1465 1467 1579 1522 jugy‘
1598 1467 1789 1509 licito.—

288 1531 424 1585 Quod
451 1544 691 1572 commune
718 1545 777 1571 ex
796 1531 891 1584 jugi
918 1531 1058 1580 licito,
1084 1532 1142 1572 sit
1169 1545 1304 1572 causa
1326 1530 1622 1572 accidentalis
1647 1530 1786 1584 frigo·

285 1596 359 1644 ris,
387 1601 458 1636 est
484 1595 589 1649 quia
614 1595 793 1635 accedit
825 1595 913 1635 illis
945 1596 1019 1648 qui
1050 1595 1218 1636 lascive
1245 1595 1455 1647 cogitant
1487 1595 1544 1635 de
1577 1593 1787 1648 conjugio

286 1665 334 1700 et
367 1659 423 1699 de
456 1672 629 1709 uxore;
671 1671 762 1699 non
795 1665 950 1699 autem
982 1658 1070 1699 illis
1101 1659 1175 1712 qui
1207 1656 1365 1699 sancte
1397 1658 1453 1698 de
1485 1657 1712 1711 conjugio,
1740 1663 1789 1699 et

286 1736 442 1763 secure
475 1722 532 1762 de
564 1735 735 1772 uxore3
779 1722 900 1775 quod
942 1735 968 1762 a
1004 1723 1234 1762 communi
1265 1736 1325 1762 ex
1361 1720 1458 1774 jugi
1490 1720 1616 1761 licito
1647 1721 1786 1762 etiam

285 1785 453 1839 gaudia
479 1784 589 1825 fiant
615 1783 959 1834 indifferentiae,
989 1791 1035 1826 et
1062 1799 1240 1838 quoque
1267 1784 1433 1833 taedia,
1462 1790 1592 1837 patet
1617 1797 1644 1824 a
1669 1783 1787 1824 ludis

286 1856 334 1891 et
375 1847 660 1902 speetaculis,
700 1862 760 1889 ex
800 1848 1046 1889 harmoniis
1087 1849 1281 1897 musicis,
1316 1848 1507 1896 choreis,
1541 1847 1699 1900 epulis,
1738 1854 1786 1888 et

285 1911 504 1954 similibus
530 1911 642 1960 aliis,
671 1925 785 1967 quae
811 1912 856 1952 in
883 1925 931 1952 se
958 1908 1063 1952 sun't
1089 1911 1368 1960 dulcedines,
1392 1911 1496 1964 quia
1517 1910 1785 1951 vivificatio-

286 1990 394 2027 nes;
426 1974 572 2016 simile
598 1974 648 2016 fit
675 1988 777 2015 cum
804 1975 1114 2016 contuberniis
1140 1980 1186 2015 et
1217 1974 1457 2015 consortiis
1483 1974 1601 2015 inter
1627 1972 1782 2027 conju-

286 2053 368 2093 ges
391 2053 400 2091 ;
432 2039 649 2091 imprimis
671 2039 789 2079 inter
810 2038 929 2088 illos,
954 2039 1028 2092 qui
1050 2038 1107 2079 ab
1130 2051 1284 2079 amore
1307 2037 1425 2078 inter
1449 2051 1498 2079 se
1521 2050 1611 2077 non
1633 2050 1782 2078 remo-

285 2109 448 2144 verunt
479 2103 703 2143 incastum
735 2114 938 2143 amorem
969 2115 1121 2150 sexuS,
1154 2107 1201 2142 et
1233 2114 1335 2142 cum
1375 2101 1432 2141 de
1463 2101 1690 2142 communi
1722 2114 1782 2141 ex

283 2165 377 2220 jugi
408 2165 533 2206 licito
565 2165 775 2218 cogitant
805 2178 922 2206 vane
953 2165 997 2204 in
1028 2164 1237 2205 absentia
1261 2163 1519 2204 facultatis:
1563 2163 1684 2217 quod
1715 2163 1784 2204 his

286 2230 344 2270 sit
371 2241 612 2270 commune
638 2228 750 2268 illud
778 2241 915 2269 causa
940 2227 1130 2281 frigoris,
1159 2241 1219 2268 ex
1251 2240 1299 2267 se
1327 2233 1471 2281 patet.
1533 2225 1636 2267 Hoc
1663 2227 1782 2267 acci·

286 2291 473 2333 dentale
505 2291 681 2340 dicitur,
710 2291 815 2344 quia
845 2291 973 2332 addit
1005 2304 1053 2331 se
1085 2290 1238 2343 frigori
1269 2290 1517 2330 intrinseco
1549 2296 1599 2330 ut
1630 2301 1781 2338 causa,

286 2362 333 2397 et
355 2354 660 2408 adstipulatur
681 2355 721 2395 ei
744 2360 793 2395 ut
815 2355 944 2395 ratio.
1005 2353 1082 2394 Ad
1104 2353 1430 2394 removendum
1451 2352 1590 2406 frigus
1613 2366 1672 2393 ex
1694 2352 1781 2394 hoc

286 2419 425 2459 etiam
457 2418 709 2467 oriundum,
743 2431 909 2458 uxores
950 2431 1010 2458 ex
1051 2416 1292 2470 prudentia
1322 2416 1410 2457 illis
1441 2416 1577 2457 insita
1607 2416 1782 2457 licitum

287 2495 378 2522 non
403 2481 573 2522 faciunt
600 2481 773 2522 licitum
799 2494 879 2535 per
903 2481 1049 2521 varias
1075 2480 1415 2533 repugnantias.
1479 2478 1569 2520 Sed
1601 2492 1783 2532 prorsus

286 2544 420 2586 aliter
444 2543 494 2586 fit
520 2544 640 2597 apud
667 2544 770 2585 illos
796 2545 870 2598 qui
902 2544 958 2585 de
986 2543 1202 2584 uxoribus
1229 2549 1355 2583 caste
1376 2542 1612 2596 judicant;
1645 2555 1782 2596 quare

286 2607 407 2661 apud
438 2607 629 2660 angelos
662 2614 733 2648 est
765 2620 1006 2648 commune
1038 2620 1098 2646 ex
1119 2604 1215 2659 jugi
1247 2605 1372 2646 licito
1397 2606 1543 2658 ipsum
1570 2605 1781 2646 delicium

286 2672 478 2719 animae,
507 2677 553 2711 et
580 2677 651 2711 est
678 2671 924 2711 continens
951 2670 1117 2711 amoris
1143 2668 1408 2721 conjugialis
1434 2668 1641 2718 illorum;
1674 2680 1780 2708 nam

286 2735 330 2775 in
352 2734 549 2787 jucundo
571 2733 689 2774 illius
712 2735 876 2774 amoris
899 2739 1004 2774 sunt
1026 2732 1254 2779 continue,
1279 2745 1329 2772 ac
1357 2732 1401 2772 in
1428 2731 1597 2772 ultimis
1619 2744 1781 2772 secun-

288 2798 395 2838 dum
422 2798 726 2850 praesentiam
753 2798 974 2838 mentium
1001 2809 1091 2837 non
1117 2794 1442 2848 interpolatam
1469 2795 1598 2844 curis,
1625 2794 1690 2835 ita
1720 2807 1780 2835 ex

288 2859 467 2913 placitis
489 2860 640 2913 judicii
668 2860 786 2912 apud
814 2860 1015 2900 maritos.

373 2931 496 2975 25¹7.
531 2921 670 2976 (xxi.)
708 2921 836 2972 Quod
861 2934 1098 2963 causarum
1126 2920 1459 2962 accidentalium
1476 2919 1681 2973 fragoris
1711 2932 1779 2960 se-

290 2987 432 3027 cunda
462 2985 535 3035 sit,
564 2985 683 3039 quod
707 2984 971 3026 cohabitatio
995 2998 1091 3025 cum
1119 2985 1295 3039 conjuge
1323 2997 1379 3024 ex
1400 2983 1586 3036 foedere
1613 2989 1656 3023 et
1685 2981 1780 3035 lege
