2014 3386
334 353 415 393 238
796 361 1039 395 DELICIAE
1071 361 1373 394 SAPIENTIAE

329 482 525 517 externa
550 474 729 516 illorum
760 482 866 518 sunt
897 476 1015 517 sicut
1046 481 1196 517 testae
1228 489 1308 516 seu
1338 481 1516 517 crustae
1542 475 1720 517 illorum
1752 469 1828 518 v⁰el

328 539 499 580 similes
531 540 711 589 nativis,
744 539 817 580 vel
854 539 1015 581 rutilae
1047 540 1163 580 sicut
1196 538 1435 588 conchilia,
1469 539 1541 580 vel
1574 537 1827 593 picturatae

327 604 445 644 sicut
471 603 646 656 lapides
672 604 834 655 irides3
876 603 987 644 talia
1018 610 1241 656 apparent
1267 609 1462 644 externa
1486 603 1681 652 illorum,
1707 604 1828 645 intra

327 681 443 720 quae
469 667 619 709 latent
644 667 824 708 interna
850 665 1123 721 supradicta.
1183 666 1337 708 Simile
1363 673 1435 708 est
1466 679 1568 708 cum
1595 666 1704 708 zelis
1724 666 1827 708 illo·

327 743 442 772 rum.
1537 784 1539 786 Ι

412 794 547 847 365.
582 792 663 848 (ν.)
700 794 829 846 Quod
844 793 965 835 zelus
982 793 1150 835 amoris
1167 792 1270 834 boni
1285 793 1331 834 in
1353 792 1541 835 internis
1558 793 1654 835 suis
1675 807 1824 834 recon-

329 858 410 899 dat
440 871 633 898 amorem
672 864 716 898 et
751 857 1008 906 amicitiam,
1036 863 1086 898 at
1123 856 1244 910 quod
1276 856 1398 897 zelus
1429 857 1599 898 amoris
1629 856 1743 898 mali
1777 857 1823 898 in

328 921 517 962 internis
557 921 653 962 suis
693 921 901 962 recondat
935 921 1083 962 odium
1122 927 1165 961 et
1203 919 1705 962 vindifz'am.—Di5tum
1737 927 1824 970 est,

326 985 448 1038 quod
464 984 588 1025 zelus
610 985 653 1024 in
673 985 877 1025 externis
893 990 1112 1038 appareat
1130 984 1248 1025 sicut
1270 985 1334 1024 ira
1355 990 1401 1025 et
1420 985 1823 1034 excandescentia,

327 1055 424 1090 tam
450 1048 569 1101 apud
602 1047 705 1089 illos
736 1048 810 1102 qui
841 1049 886 1088 in
919 1061 1073 1089 amore
1101 1048 1224 1088 bono
1255 1054 1375 1096 sunt,
1403 1061 1538 1101 quam
1570 1049 1690 1101 apud
1722 1048 1825 1091 illos

326 1113 401 1166 qui
433 1112 477 1152 in
504 1125 657 1152 amore
684 1111 833 1162 malo;
866 1112 945 1152 sed
974 1112 1077 1165 quia
1103 1112 1283 1152 interna
1308 1117 1414 1152 sunt
1441 1111 1543 1159 alia,
1571 1112 1710 1153 etiam
1734 1113 1826 1154 irae

324 1183 371 1218 et
398 1176 813 1217 excandescentiae
840 1175 944 1216 illae
977 1181 1082 1216 sunt
1114 1175 1256 1226 aliae;
1298 1182 1346 1216 et
1377 1181 1483 1216 sunt
1517 1181 1564 1216 ut
1595 1177 1824 1230 sequitur:

328 1239 409 1294 (1.)
444 1239 580 1280 Zelus
611 1240 777 1280 amoris
810 1239 918 1280 boni
958 1245 1029 1280 est
1070 1239 1187 1279 sicut
1228 1238 1411 1279 flamma
1451 1239 1683 1289 caelestis,
1710 1253 1825 1294 quae

325 1317 545 1357 nusquam
572 1303 767 1355 erumpit
793 1302 837 1343 in
864 1302 1072 1351 alterum,
1100 1303 1181 1343 sed
1208 1302 1345 1343 modo
1371 1317 1419 1343 se
1446 1303 1663 1352 defendit,
1691 1316 1744 1344 ac
1775 1317 1826 1345 se

325 1367 529 1408 defendit
556 1373 717 1408 contra
743 1366 929 1415 malum,
957 1367 1074 1408 sicut
1106 1367 1214 1408 dum
1245 1366 1317 1408 hic
1350 1367 1474 1408 irruit
1505 1368 1549 1407 in
1581 1367 1749 1420 ignem.
1776 1374 1826 1410 et

323 1431 630 1472 comburitur:
670 1437 717 1471 at
749 1430 871 1471 zelus
903 1430 1070 1471 amoris
1101 1430 1208 1471 mali
1235 1436 1306 1471 est
1337 1430 1456 1471 sicut
1483 1429 1664 1471 flamma
1688 1430 1824 1472 infer·

324 1495 454 1543 nans,
482 1508 597 1548 quae
624 1508 684 1535 ex
717 1508 764 1535 se
797 1495 991 1547 erumpit
1024 1507 1075 1535 ac
1108 1494 1248 1542 irruit,
1276 1500 1323 1535 et
1355 1487 1454 1534 vult
1486 1493 1681 1535 alterum
1712 1507 1824 1536 con-

324 1571 516 1599 sumere.
582 1557 662 1612 (2.)
697 1557 833 1598 Zelus
859 1558 1024 1598 amoris
1050 1557 1158 1598 boni
1183 1557 1304 1598 illico
1330 1557 1553 1610 deflagrat
1584 1564 1631 1598 et
1664 1558 1823 1615 mites-

323 1623 401 1670 cit,
426 1622 533 1663 dum
565 1621 684 1663 alter
715 1622 772 1662 ab
804 1621 1150 1674 impugnatione
1183 1621 1383 1670 recedit;
1421 1627 1468 1661 at
1501 1619 1624 1661 zelus
1654 1621 1823 1662 amoris

324 1685 431 1726 mali
462 1685 693 1738 perdurat,
721 1691 769 1726 et
800 1698 892 1725 non
925 1684 1249 1737 exstinguitur.
1312 1682 1393 1737 (3.)
1429 1683 1576 1725 Causa
1606 1690 1693 1735 est,
1719 1684 1824 1738 quia

321 1750 548 1790 internum
575 1748 682 1801 ejus,
707 1749 781 1802 qui
807 1749 850 1789 in
877 1762 1031 1789 amore
1058 1748 1165 1789 boni
1191 1754 1276 1797 est,
1301 1748 1345 1788 in
1372 1761 1420 1788 se
1446 1754 1517 1788 est
1541 1749 1666 1798 mite,
1690 1747 1822 1789 blan-

321 1813 443 1861 dum,
477 1813 687 1861 amicum,
721 1818 767 1853 et
808 1811 1111 1862 benevolum;
1159 1825 1298 1865 quare
1339 1811 1445 1851 dum
1487 1817 1731 1852 externum
1772 1825 1821 1852 se

322 1876 503 1917 tutandi
542 1876 692 1928 gratia
724 1882 922 1928 asperat,
957 1875 1140 1928 crispat,
1175 1875 1323 1927 erigit,
1358 1881 1405 1915 et
1445 1875 1509 1915 sic
1552 1874 1662 1915 dure
1704 1875 1818 1928 agit,

321 1953 460 1992 usque
487 1952 547 1979 ex
574 1939 709 1987 bono,
733 1939 778 1978 in
801 1952 889 1992 quo
912 1945 982 1979 est
1005 1939 1232 1978 internum
1256 1937 1363 1990 ejus,
1388 1944 1694 1990 temperatum
1717 1944 1787 1978 est
1808 1952 1819 1988 ;

321 2003 455 2044 aliter
471 2003 590 2056 apud
609 2003 769 2050 malos,
789 2002 908 2055 apud
930 2002 1014 2043 hos
1032 2002 1260 2042 internum
1275 2008 1345 2042 est
1363 2002 1608 2049 inimicum,
1627 2002 1818 2050 immite,

320 2067 495 2116 durum,
523 2067 698 2120 spirans
724 2066 876 2106 odium
903 2072 950 2106 et
976 2063 1238 2114 vindictam,
1262 2071 1309 2106 et
1336 2063 1476 2106 lactat
1504 2079 1551 2105 se
1577 2079 1637 2106 ex
1658 2064 1819 2118 jucun-

320 2132 388 2171 dis
428 2129 634 2180 illorum;
677 2135 724 2169 et
765 2129 954 2169 tametsi
994 2128 1329 2176 reconciliatur,
1369 2142 1509 2181 usque
1551 2127 1700 2171 latent
1740 2128 1820 2170 illa

319 2195 435 2235 sicut
467 2194 599 2247 ignes
644 2193 689 2233 in
723 2192 858 2245 lignis
889 2192 972 2232 sub
1005 2192 1181 2242 cinere;
1228 2198 1275 2232 et
1317 2191 1362 2232 hi
1393 2192 1537 2245 ignes,
1571 2192 1607 2232 si
1650 2205 1742 2233 non
1773 2193 1818 2233 in

320 2258 506 2306 mundo,
534 2270 674 2310 usque
701 2262 805 2309 post
832 2256 1006 2296 obitum
1034 2261 1290 2308 erumpunt.

404 2320 546 2374 366.
588 2319 815 2373 Quoniam
843 2319 965 2360 zelus
996 2319 1040 2359 in
1072 2319 1277 2359 externis
1303 2318 1423 2371 apud
1455 2325 1697 2372 utrumque
1722 2325 1818 2360 tam

318 2385 489 2426 bonum
511 2397 645 2437 quam
673 2383 857 2432 malurn,
883 2388 1071 2436 apparet
1098 2382 1268 2430 similis,
1297 2389 1343 2423 et
1376 2383 1478 2436 quia
1500 2382 1684 2423 ultimus
1710 2395 1815 2423 sen-

317 2463 392 2489 sus
433 2448 576 2489 Verbi
617 2448 829 2488 consistit
870 2460 929 2487 ex
975 2446 1393 2499 correspondentiis
1434 2453 1481 2487 et
1521 2446 1814 2499 apparentiis,

317 2512 499 2565 saepius
516 2511 573 2552 de
593 2510 802 2564 Jehovah
825 2510 884 2550 ibi
903 2509 1078 2558 dicitur,
1098 2509 1219 2562 quod
1238 2509 1469 2557 irascatur,
1486 2508 1814 2557 excandescat,

318 2575 576 2622 ulciscatur,
619 2574 791 2627 puniat,
834 2574 878 2614 in
918 2573 1141 2614 infernum
1182 2571 1409 2624 conjiciat,
1449 2578 1631 2625 praeter
1671 2570 1814 2624 plura,

317 2652 433 2693 quae
466 2644 571 2679 sunt
603 2638 901 2690 apparentiae
934 2636 1018 2677 zeli
1057 2636 1101 2676 in
1142 2636 1374 2686 externis;
1418 2636 1522 2676 inde
1555 2636 1694 2676 etiam
1725 2641 1813 2684 est,

317 2702 440 2756 quod
466 2708 750 2755 nuncupetur
772 2700 989 2750 Zelotes;
1022 2712 1124 2740 cum
1151 2705 1306 2740 tamen
1340 2713 1395 2741 ne
1427 2699 1567 2740 hilum
1595 2699 1700 2747 irae,
1728 2713 1813 2740 ex·

317 2765 669 2807 candescentiae
696 2777 748 2805 ac
775 2763 961 2805 ultionis
985 2763 1029 2803 in
1057 2762 1164 2815 Ipso
1186 2769 1283 2813 est;
1316 2769 1386 2803 est
1414 2763 1532 2803 enim
1555 2763 1651 2816 ipsa
1673 2761 1813 2803 Mise-

315 2829 523 2878 ricordia,
557 2828 715 2870 Gratia
755 2834 803 2869 et
844 2826 1114 2874 Clementia,
1141 2826 1204 2866 ita
1241 2826 1387 2879 ipsum
1420 2826 1611 2875 Bonum,
1637 2826 1682 2867 in
1722 2839 1812 2880 quo

316 2892 427 2934 nihil
454 2892 547 2933 tale
571 2898 642 2933 est
669 2891 833 2932 dabile.
893 2890 983 2948 Sed
1010 2890 1066 2931 de
1092 2889 1162 2930 his
1188 2889 1428 2930 videantur
1453 2889 1580 2943 plura
1605 2890 1649 2930 in
1675 2902 1812 2942 opere

315 2957 384 2998 De
407 2955 539 2998 Caelo
558 2961 600 2996 et
619 2955 803 3007 Inferno
828 2952 890 3009 (n.
917 2962 1048 3006 545-5
1058 2951 1144 3006 50),
1165 2958 1211 2994 et
1233 2953 1277 2993 in
1299 2951 1580 3006 Apocalypsi
1594 2951 1812 2994 Revelata

319 3018 382 3074 (n·
407 3031 505 3073 494,
532 3019 629 3072 498,
662 3026 754 3071 525,
782 3027 878 3071 714,
907 3015 1025 3071 806)-
