2014 3386
518 347 585 380 DE
618 345 798 380 AMORE
828 342 1307 379 SCORTATOR10.—N.
1332 343 1431 386 432.
1644 342 1719 385 331

229 460 494 518 conjugz'alis
506 460 660 514 factat
673 459 889 501 hominem
899 457 1006 512 plus
1027 462 1069 498 et
1083 455 1190 510 plus
1206 454 1424 497 hommem
1444 460 1487 496 et
1506 467 1665 495 varum.
1668 477 1726 483 —

227 525 362 580 Quod
388 538 516 567 amor
540 523 810 577 conjugialis
835 522 973 564 faciat
999 520 1246 569 hominem,
1273 519 1508 560 illustrant
1534 524 1581 560 et
1614 531 1724 559 con·

225 589 407 631 firmant
433 588 587 630 omnia
612 593 659 629 et
686 586 881 640 singula,
907 598 1022 639 quae
1047 584 1092 625 in
1119 583 1268 625 Prima
1291 583 1439 632 Parte,
1465 582 1521 623 de
1548 581 1724 622 Amore

225 660 273 695 et
297 652 391 706 ejus
418 651 683 705 Sapientiae
711 649 914 698 Deliciis,
943 649 987 689 in
1020 647 1119 688 luce
1146 659 1300 688 coram
1326 646 1505 688 ratione
1532 645 1724 686 demon-

225 722 371 758 strata
393 721 498 756 sunt
517 727 527 757 :
561 720 625 764 ut,
649 712 717 768 (i.)
747 712 882 766 Quod
904 711 981 753 ille
1003 711 1078 765 qui
1104 710 1148 751 in
1172 723 1328 751 amore
1350 723 1456 751 vere
1478 707 1723 762 conjugiali

224 786 312 825 est.
339 779 439 834 plus
465 785 512 821 et
544 778 648 833 plus
675 775 922 831 spiritualis
949 774 1056 826 fiat;
1089 780 1137 816 et
1164 788 1252 828 quo
1278 773 1379 827 plus
1405 773 1567 827 aliquis
1594 773 1724 826 spiri-

224 843 362 885 tualis
384 850 470 893 est,
494 857 550 885 eo
573 841 673 896 plus
695 842 835 882 homo
858 846 945 882 est.
1008 838 1089 893 (2.)
1124 837 1261 892 Quod
1284 837 1385 892 plus
1407 844 1455 879 et
1479 837 1580 891 plus
1603 838 1725 891 sapi-

223 921 305 948 ens
330 906 435 958 fiat;
468 913 516 948 et
538 920 627 960 quo
650 905 750 959 plus
773 904 935 958 aliquis
961 903 1143 957 sapiens
1168 908 1256 950 est,
1275 915 1331 943 eo
1354 901 1455 955 plus
1477 907 1547 943 est
1570 901 1723 943 homo.

226 970 309 1025 (3.)
343 969 479 1024 Quod
497 970 618 1024 apud
636 969 763 1010 illum
782 968 882 1022 plus
900 973 947 1009 et
964 966 1064 1021 plus
1082 966 1344 1020 aperiantur
1360 965 1577 1006 interiora
1594 978 1723 1009 men·

222 1035 297 1083 tis,
313 1048 453 1088 usque
472 1040 520 1075 ut
536 1033 692 1074 videat
711 1038 789 1073 aut
805 1031 1017 1073 intuitive
1031 1035 1257 1084 agnoscat
1273 1029 1520 1070 Dominum
1539 1043 1548 1080 3
1572 1035 1619 1070 et
1634 1042 1724 1083 quo

222 1097 324 1152 plus
342 1097 506 1151 aliquis
532 1098 576 1138 in
600 1096 680 1138 illo
702 1097 800 1136 visu
818 1100 896 1136 aut
922 1095 966 1135 in
994 1093 1072 1134 illa
1089 1093 1326 1147 agnitione
1349 1098 1436 1141 est,
1456 1092 1635 1146 eo-plus
1653 1099 1725 1134 est
1765 1132 1767 1134 ,

222 1161 377 1202 homo.
441 1159 521 1214 (4.)
557 1159 693 1213 Quod
720 1158 820 1213 plus
847 1164 894 1199 et
921 1157 1023 1212 plus
1050 1156 1235 1198 moralis
1261 1162 1308 1197 et
1335 1156 1480 1197 civilis
1507 1155 1601 1205 fiat,
1621 1157 1726 1210 quia

221 1225 375 1266 anima
400 1223 647 1278 spiritualis
674 1222 923 1264 moralitati
948 1227 996 1263 et
1027 1220 1239 1262 civilitati
1265 1219 1359 1273 ejus
1381 1219 1528 1271 inest;
1561 1226 1609 1261 et
1635 1234 1725 1273 quo

222 1287 325 1342 plus
357 1287 519 1341 aliquis
551 1286 789 1328 moraliter
814 1286 960 1327 civilis
991 1291 1080 1334 est,
1108 1298 1163 1326 eo
1195 1283 1296 1337 plus
1323 1290 1394 1325 est
1425 1283 1577 1324 homo.
1642 1282 1723 1338 (5.)

223 1350 361 1405 Quod
383 1352 524 1392 etiam
547 1357 652 1404 post
668 1356 864 1391 mortem
883 1348 963 1390 fiat
982 1347 1174 1402 angelus
1193 1347 1308 1388 caeli
1327 1361 1336 1398 ;
1370 1360 1423 1388 ac
1442 1346 1634 1400 angelus
1652 1353 1724 1388 est

222 1415 427 1456 essentia
448 1421 497 1456 et
519 1414 663 1455 forma
684 1413 839 1462 homo,
859 1419 907 1454 et
935 1425 1115 1466 quoque
1137 1411 1386 1465 genuinum
1408 1410 1657 1451 humanum
1679 1410 1725 1451 in

221 1479 337 1520 facie
360 1478 468 1532 ejus,
488 1492 548 1519 ex
571 1477 752 1532 loquela
774 1483 821 1518 et
844 1491 904 1518 ex
927 1473 1127 1517 moribus
1145 1474 1238 1528 ejus
1256 1475 1490 1516 elucescit.
1527 1472 1638 1514 t¹]Ex
1656 1473 1726 1514 his

221 1548 424 1590 constat,
444 1541 566 1596 quod
583 1554 712 1582 amor
729 1539 1000 1593 conjugialis
1017 1539 1154 1580 faciat
1177 1538 1410 1579 hominem
1429 1537 1530 1592 plus
1548 1544 1595 1579 et
1623 1537 1727 1591 plus

221 1605 469 1647 hominem.
532 1603 669 1658 Quod
687 1604 966 1645 contrarium
988 1603 1046 1644 sit
1064 1615 1166 1644 cum
1186 1602 1420 1651 adulteris,
1440 1615 1500 1650 ex
1527 1601 1625 1655 ipsa
1643 1614 1725 1654 op-

221 1669 453 1723 positione
476 1668 687 1710 adulterii
713 1674 761 1709 et
787 1666 1000 1720 conjugii,
1021 1666 1077 1707 de
1103 1679 1192 1720 qua
1217 1666 1262 1706 in
1289 1665 1376 1706 hoc
1403 1666 1555 1718 capite
1573 1663 1726 1706 actum

221 1739 293 1774 est
311 1739 358 1774 et
384 1733 550 1786 agitur,
571 1732 774 1785 sequitur
790 1729 989 1772 evictum
1008 1743 1017 1770 :
1046 1735 1109 1779 ut,
1132 1728 1213 1783 (1.)
1243 1728 1379 1782 Quod
1402 1741 1495 1769 non
1513 1728 1725 1781 spiritua·

222 1794 289 1836 les
307 1796 414 1844 sint,
435 1795 516 1836 sed
535 1807 710 1836 summe
729 1793 964 1835 naturales
981 1807 991 1844 ;
1018 1805 1071 1834 ac
1091 1792 1313 1834 naturalis
1331 1791 1471 1833 homo
1488 1797 1726 1845 separatus

220 1871 247 1899 a
273 1858 508 1912 spirituali,
529 1864 600 1899 est
623 1857 771 1899 solum
795 1857 934 1898 homo
957 1856 1107 1910 quoad
1130 1854 1430 1905 intellectum,
1455 1868 1546 1896 non
1569 1861 1725 1896 autem

223 1922 374 1976 quoad
391 1922 682 1963 voluntatem
700 1936 710 1973 ;
737 1921 856 1964 hanc
880 1920 1113 1973 immergit
1131 1919 1310 1973 corpori
1332 1924 1378 1960 et
1395 1919 1725 1972 concupiscen-

224 1986 300 2026 tiis
326 1986 488 2035 carnis,
513 1992 561 2027 et
588 1985 678 2026 illis
703 1984 827 2026 horis
850 1985 991 2026 etiam
1014 1984 1262 2025 comitatur
1283 1982 1410 2023 illam
1433 1980 1724 2033 intellectum

221 2049 343 2103 quod
366 2049 437 2090 hic
462 2062 553 2090 non
576 2049 635 2090 sit
658 2049 743 2089 nisi
766 2061 902 2102 quam
925 2047 1138 2089 dimidius
1160 2046 1314 2095 homo,
1339 2046 1436 2100 ipse
1459 2060 1519 2087 ex
1546 2046 1726 2087 ratione

221 2111 486 2154 intellectus
518 2113 598 2162 sui,
627 2112 664 2153 si
695 2111 848 2154 elevat
880 2111 1020 2160 illam,
1048 2111 1204 2152 videre
1235 2116 1409 2164 potest.
1473 2109 1553 2164 (2.)
1589 2108 1726 2163 Quod

222 2175 419 2216 adulteri
446 2189 538 2216 non
565 2177 801 2230 sapientes
827 2176 934 2224 sint,
963 2176 1048 2217 nisi
1079 2176 1124 2216 in
1152 2174 1360 2228 loquelis,
1389 2180 1436 2215 et
1469 2187 1648 2228 quoque
1680 2174 1726 2225 in

222 2239 444 2292 gestibus,
472 2239 654 2293 quando
680 2239 724 2280 in
751 2240 986 2281 consortio
1012 2252 1114 2280 cum
1141 2238 1450 2280 eminentibus
1476 2239 1724 2291 dignitate,

223 2314 325 2343 cum
348 2302 534 2344 inclutis
561 2303 832 2352 eruditione,
851 2309 899 2344 et
926 2315 1030 2344 cum
1057 2303 1246 2343 moratis
1273 2308 1395 2351 sunt,
1416 2307 1464 2343 at
1490 2301 1611 2355 quod
1640 2300 1726 2342 soli

222 2365 342 2420 apud
366 2379 414 2407 se
436 2367 681 2416 insaniant,
701 2367 832 2407 nauci
855 2366 1100 2421 pendendo
1128 2366 1294 2406 Divina
1319 2371 1366 2406 et
1392 2363 1552 2406 sanc'ta
1575 2364 1724 2406 eccle—

223 2429 332 2477 siae,
360 2435 407 2470 et
435 2430 784 2483 conspurcando
811 2429 1003 2471 moralia
1028 2430 1152 2470 vitae
1178 2429 1418 2483 impudicis
1444 2434 1491 2469 et
1518 2428 1723 2476 incastis,

224 2492 269 2533 in
301 2492 454 2546 capite
485 2493 543 2534 de
579 2493 834 2542 adulteriis,
867 2494 1130 2534 evincetur:
1174 2493 1272 2546 quis
1305 2505 1397 2532 non
1429 2492 1567 2540 videt,
1602 2491 1722 2545 quod

223 2555 342 2597 tales
373 2555 729 2609 gesticulatores
771 2557 864 2598 sint
903 2557 1042 2598 modo
1073 2556 1225 2611 quoad
1257 2562 1500 2597 externam
1533 2553 1723 2607 figuram

223 2618 449 2668 homines,
478 2625 525 2661 et
557 2620 707 2673 quoad
739 2620 969 2662 internam
1001 2620 1193 2661 sormam
1221 2633 1312 2660 non
1338 2617 1582 2660 homines?
1641 2616 1722 2671 (3.)

225 2681 362 2736 Quod
394 2683 590 2724 adulteri
627 2682 728 2737 plus
759 2690 807 2725 et
844 2683 945 2738 plus
979 2697 1070 2724 non
1103 2683 1313 2724 homines
1350 2682 1478 2731 fiant,
1513 2681 1725 2734 autopsia

224 2760 285 2788 ex
317 2747 424 2787 visis
456 2746 545 2787 illis
577 2747 621 2787 in
653 2746 841 2795 inferno,
870 2747 979 2788 mihi
1011 2761 1093 2800 pro
1125 2747 1339 2788 evidente
1371 2745 1723 2788 confirmatione

225 2810 487 2860 inservivit;
521 2816 627 2851 sunt
653 2810 774 2851 enim
805 2810 866 2852 ibi
891 2811 1158 2859 daemones,
1186 2810 1260 2864 qui
1286 2810 1393 2851 dum
1420 2813 1646 2862 apparent
1677 2807 1723 2848 in

226 2873 325 2915 luce
351 2873 479 2923 caeli,
507 2879 613 2915 sunt
639 2873 778 2914 facies
802 2873 983 2916 illorum
1010 2875 1127 2915 sicut
1154 2873 1379 2927 pustulae,
1405 2885 1596 2926 corpora
1619 2870 1724 2913 illo-

225 2950 322 2978 rum
349 2938 466 2979 sicut
493 2937 633 2991 gibbi,
662 2936 871 2991 loquelae
903 2937 1083 2980 illorum
1114 2943 1222 2979 sunt
1253 2937 1456 2987 scabrae,
1485 2941 1532 2978 et
1562 2942 1723 2990 gestus

228 3013 410 3043 scenici.
