2014 3386
297 324 353 375 48
763 332 1007 365 DELICIAE
1038 332 1344 366 SAPIENTIAE

298 446 462 487 domus
486 460 564 487 seu
587 445 683 500 ipse
705 445 833 487 locus
855 451 1051 500 separat,
1069 445 1228 500 rejicit,
1252 452 1300 488 et
1323 446 1467 500 abigit
1489 446 1604 489 illos.
1667 445 1796 491 Haec

297 516 369 551 est
397 523 547 558 causa,
572 509 693 563 quod
719 509 822 558 illis,
846 510 921 563 qui
947 515 1053 564 post
1079 511 1477 564 praeparationem
1499 511 1797 552 introducun-

297 580 371 614 tur
395 574 440 615 in
467 573 660 622 caelum,
686 573 981 626 provideatur
1003 573 1262 627 conjugium
1290 587 1392 616 cum
1418 581 1647 624 consorte,
1672 574 1797 628 cujus

297 637 450 678 anima
489 635 681 677 inclinat
722 636 780 677 ad
821 637 1036 678 unionem
1077 650 1179 678 cum
1221 637 1420 687 alterius,
1459 637 1576 679 adeo
1616 644 1666 679 ut
1704 651 1796 678 non

295 700 442 741 velint
475 706 524 740 ut
558 700 675 740 duae
700 700 824 740 vitae
856 713 957 741 esse
989 699 1070 741 sed
1100 713 1218 740 una:
1251 700 1364 741 haec
1397 714 1534 741 causa
1565 707 1651 749 est,
1675 701 1797 754 quod

296 769 403 817 post
431 763 772 817 separationem
799 763 931 804 detur
952 764 1048 804 viro
1070 776 1188 804 uxor
1209 764 1502 814 conveniens,
1527 770 1574 805 et
1600 764 1796 806 feminae

297 827 485 868 maritus
512 826 733 868 similiter.

381 899 470 943 51.
515 888 628 944 (vii.)
666 889 795 941 Quod
827 890 1031 944 conjuges
1071 889 1189 931 inter
1227 903 1274 931 se
1300 890 1529 942 fruantur
1561 891 1796 932 consortiis

295 952 532 1002 similibus,
553 953 711 1007 quibus
734 953 780 994 in
797 954 973 1003 mundo,
992 953 1074 994 sed
1074 953 1417 1010 jucundioribus
1433 960 1476 994 et
1495 953 1764 996 beatioribus
1774 968 1796 1003 ,·

258 1050 263 1054 .
295 1031 448 1058 verum
478 1015 645 1070 absque
662 1017 999 1071 prolificatz'one,
1017 1023 1107 1070 pro
1131 1031 1232 1070 qua,
1259 1031 1335 1058 seu
1368 1016 1454 1057 loco
1477 1017 1583 1071 ejus,
1610 1024 1679 1058 est
1701 1017 1796 1059 illis

288 1081 564 1135 prolificatio
579 1081 850 1134 spiritualis,
869 1095 981 1134 quae
1000 1087 1067 1122 est
1085 1079 1257 1122 amoris
1278 1087 1321 1121 et
1341 1080 1795 1135 sapientiae.-—Quod

294 1144 512 1198 conjuges
530 1145 733 1186 fruantur
751 1145 995 1185 consortiis
1013 1144 1247 1193 similibus,
1268 1144 1427 1197 quibus
1450 1144 1494 1184 in
1518 1144 1702 1194 mundo,
1721 1151 1794 1186 est

295 1209 399 1262 quia
434 1215 539 1262 post
571 1215 769 1249 mortem
802 1207 1029 1249 masculus
1062 1214 1132 1249 est
1164 1207 1406 1257 masculus,
1440 1222 1492 1249 ac
1525 1209 1692 1250 femina
1722 1215 1794 1251 est

293 1272 475 1322 femina,
500 1279 547 1314 et
571 1273 750 1326 utrique
774 1272 1011 1313 inclinatio
1033 1271 1091 1313 ad
1117 1270 1485 1324 conjunfflonem
1512 1286 1538 1313 a
1560 1273 1794 1316 creatione

294 1342 366 1377 est
391 1337 555 1387 insita;
588 1342 635 1377 et
662 1336 776 1377 haec
804 1336 1042 1377 inclinatio
1068 1335 1189 1388 apud
1215 1335 1447 1377 hominem
1475 1342 1546 1377 est
1578 1335 1672 1389 ejus
1699 1337 1790 1390 spi·

293 1400 406 1441 ritus
433 1406 480 1441 et
512 1400 618 1441 inde
650 1401 865 1454 corporis,
894 1414 1032 1454 quare
1063 1406 1169 1454 post
1202 1406 1413 1449 mortem,
1439 1413 1541 1441 cum
1572 1399 1711 1442 homo
1742 1399 1793 1442 fit

293 1463 491 1516 spiritus,
534 1470 692 1505 manet
734 1464 896 1504 eadem
937 1463 1175 1505 inclinatio
1216 1470 1400 1514 mutua;
1448 1469 1494 1505 et
1541 1463 1654 1506 haec
1700 1477 1793 1506 non

293 1526 456 1567 dabilis
494 1533 565 1568 est
605 1527 778 1581 absque
816 1526 1036 1568 similibus
1074 1527 1345 1578 consortiis;
1389 1526 1528 1568 homo
1567 1527 1687 1568 enim
1719 1533 1792 1569 est

293 1589 446 1640 homo,
475 1597 524 1632 ut
551 1592 686 1644 prius,
715 1604 798 1631 nec
816 1587 957 1632 'abest
985 1591 1225 1645 quicquam
1256 1604 1283 1631 a
1309 1590 1529 1639 masculo,
1557 1604 1639 1632 nec
1667 1591 1792 1644 quic-

293 1667 428 1708 quam
466 1668 492 1695 a
525 1655 705 1704 femina,
739 1655 889 1709 quoad
921 1654 1112 1695 formam
1144 1660 1251 1695 sunt
1283 1654 1365 1695 sibi
1407 1654 1590 1704 similes,
1623 1655 1793 1708 pariter

293 1718 444 1772 quoad
475 1717 737 1759 affectiones
775 1725 822 1759 et
854 1718 1190 1771 cogitationes;
1233 1718 1339 1771 quid
1379 1723 1488 1759 tunc
1527 1717 1650 1758 aliud
1685 1717 1791 1759 inde

292 1782 510 1835 sequitur,
544 1783 628 1822 nisi
660 1795 795 1836 quam
827 1782 949 1836 quod
985 1781 1149 1822 similia
1185 1782 1418 1822 consortia
1449 1780 1568 1821 sint?
1608 1786 1656 1822 et
1687 1781 1792 1834 quia

292 1858 420 1885 amor
446 1845 714 1898 conjugialis
741 1851 811 1886 est
839 1851 1007 1893 castu5‚
1036 1858 1170 1898 purus
1196 1850 1243 1885 et
1275 1842 1472 1893 sanetus,
1501 1843 1621 1897 quod
1649 1844 1789 1885 etiam

292 1909 526 1949 consortia
552 1909 688 1962 plena
711 1908 836 1950 sint?
867 1908 948 1950 sed
970 1908 1211 1949 videantur
1232 1908 1288 1948 de
1311 1907 1378 1948 his
1403 1907 1530 1961 plura
1547 1908 1591 1947 in
1611 1906 1789 1948 Memo-

290 1971 420 2012 rabili
446 1970 507 2026 (n.
531 1971 622 2026 44).
684 1971 818 2025 Quod
841 1972 1072 2013 consortia
1095 1977 1203 2012 tunc
1224 1969 1489 2024 jucundiora
1513 1977 1560 2011 et
1583 1970 1791 2012 beatiora

292 2036 400 2085 sint,
434 2042 505 2076 est
538 2037 643 2090 quia
682 2050 811 2077 amor
850 2028 941 2085 ille,
975 2036 1082 2076 dum
1119 2034 1170 2076 fit
1211 2035 1409 2087 spiritus,
1442 2033 1493 2074 fit
1526 2034 1714 2075 interior
1743 2040 1791 2075 et

291 2099 457 2154 purior,
486 2105 532 2140 et
564 2100 669 2140 inde
701 2098 1054 2153 perceptibilior,
1082 2104 1129 2139 et
1162 2099 1307 2139 omnis
1335 2097 1596 2151 jucunditas
1623 2097 1789 2139 crescit

291 2163 542 2204 secundum
564 2164 923 2216 perceptionem,
942 2169 989 2204 et
1011 2163 1174 2203 crescit
1197 2175 1337 2216 usque
1360 2167 1409 2202 ut
1431 2161 1672 2202 beatitudo
1694 2159 1788 2214 ejus

290 2227 336 2268 in
357 2225 648 2280 jucunditate
674 2226 768 2279 ejus
794 2227 1200 2267 animadvertatur.

374 2298 465 2343 52.
507 2288 642 2342 Quod
669 2289 880 2343 conjugia
902 2291 947 2330 in
971 2290 1110 2331 caelis
1136 2290 1225 2330 sint
1250 2288 1419 2342 absque
1441 2286 1784 2340 prolificatione,

290 2353 371 2395 sed
389 2353 510 2407 quod
533 2367 614 2406 pro
637 2352 714 2393 illa
737 2354 796 2394 sit
818 2352 1086 2407 prolificatio
1109 2351 1366 2406 spiritualis,
1386 2365 1501 2405 quae
1523 2356 1593 2391 est
1620 2350 1786 2391 amoris

291 2422 339 2458 et
371 2417 638 2469 sapientiae,
673 2422 743 2456 est
775 2417 878 2470 quia
903 2416 1022 2470 apud
1054 2415 1157 2457 illos
1183 2415 1257 2470 qui
1287 2415 1331 2455 in
1364 2414 1534 2455 mundo
1566 2413 1787 2466 spirituali

290 2485 412 2528 sunt,
440 2479 626 2519 tertium
653 2479 799 2528 deest,
828 2480 949 2533 quod
981 2486 1053 2520 est
1086 2478 1308 2527 naturale,
1337 2484 1383 2519 et
1415 2477 1502 2518 hoc
1535 2482 1606 2518 est
1636 2476 1784 2518 conti-

291 2555 404 2583 nens
426 2541 738 2595 spiritualium,
759 2555 810 2583 ac
835 2542 1082 2595 spiritualia
1104 2542 1275 2596 absque
1297 2555 1379 2582 suo
1401 2541 1670 2582 continente
1692 2552 1785 2580 non

291 2605 565 2653 consistunt,
585 2606 968 2658 quemadmodum
991 2605 1070 2646 illa
1092 2619 1205 2658 quae
1229 2610 1525 2658 procreantur
1546 2603 1590 2643 in
1613 2603 1785 2644 mundo

291 2667 515 2719 naturali;
549 2681 600 2708 ac
623 2667 874 2721 spiritualia
900 2668 943 2708 in
970 2682 1019 2708 se
1045 2666 1253 2721 spectata
1279 2681 1326 2708 se
1348 2666 1545 2707 referunt
1571 2666 1628 2706 ad
1656 2679 1783 2707 amo-

290 2745 387 2773 rem
427 2738 474 2773 et
506 2731 793 2785 sapientiam,
826 2745 963 2784 quare
1002 2731 1114 2772 haec
1155 2736 1276 2779 sunt,
1309 2744 1424 2784 quae
1464 2744 1524 2770 ex
1565 2728 1785 2783 conjugiis

290 2795 470 2837 illorum
512 2801 773 2836 nascuntur.
845 2794 1022 2835 Dicitur
1061 2794 1182 2847 quod
1222 2793 1335 2835 haec
1377 2798 1637 2841 nascantur,
1680 2793 1785 2846 quia

291 2872 420 2900 amor
451 2857 718 2911 conjugialis
750 2857 926 2911 perficit
957 2858 1187 2911 angelum,
1222 2857 1319 2898 unit
1351 2857 1471 2897 enim
1511 2856 1638 2897 illum
1680 2869 1782 2897 cum

292 2935 373 2963 sua
403 2927 634 2970 consorte,
663 2921 782 2962 unde
814 2920 864 2962 fit
895 2921 995 2975 plus
1027 2927 1073 2962 et
1106 2920 1206 2974 plus
1237 2920 1390 2969 homo,
1418 2933 1538 2969 nam,
1567 2926 1616 2961 ut
1649 2933 1784 2974 supra

293 2984 462 3029 dictum
489 2991 575 3037 est,
603 2985 693 3027 duo
720 2984 940 3039 conjuges
971 2985 1015 3026 in
1042 2984 1171 3026 caelo
1198 2997 1288 3026 non
1315 2989 1420 3025 sunt
1447 2983 1536 3024 duo
1562 2983 1643 3025 sed
1669 2996 1783 3025 unus
