2014 3386
287 345 303 376 1
310 345 364 388 72
604 337 607 338 ⁷
745 343 990 378 DELICIAE
1020 342 1324 376 SAPIENTIAE

709 458 820 504 apud
828 458 921 499 illos,
935 458 1008 503 qui
1015 467 1089 492 non
1102 458 1145 492 in
1157 467 1288 492 amore
1299 455 1628 503 conjugialisunt,
1639 455 1782 492 decres-

709 509 783 541 cat.

500 550 583 598 (iv.)
619 551 734 599 Quod
748 551 860 598 apud
880 551 975 592 illos,
1001 551 1074 596 qui
1098 551 1141 585 in
1169 562 1299 586 amore
1325 562 1414 586 vere
1436 549 1656 597 conjugiali
1678 553 1781 591 sunt,

707 603 854 634 crescat
873 599 1085 644 conjunHio
1101 601 1299 639 mentium,
1315 602 1352 632 et
1370 609 1456 633 cum
1481 598 1556 632 lzac
1574 599 1782 639 amicitia,-

707 646 777 681 sed
789 646 891 691 quod
899 646 993 680 haec
1005 656 1090 680 cum
1109 645 1191 686 illa,
1203 645 1315 691 apud
1323 644 1408 680 illos
1419 646 1493 690 qui
1502 656 1575 680 non
1592 646 1636 680 in
1653 655 1782 680 amore

709 693 931 740 conjugiali
942 696 1044 732 sunt,
1063 692 1261 728 decrescat.

515 740 585 787 (v.)
620 740 735 787 Quod
750 741 823 780 illi,
841 741 914 785 qui
939 741 982 774 in
1007 750 1139 774 amore
1154 750 1242 774 vere
1253 738 1475 785 conjugiali
1486 742 1586 779 sunt,
1604 740 1787 773 continue

707 788 832 822 velint
856 797 957 822 unus
981 786 1089 821 homo
1114 797 1190 821 esse
1199 800 1216 827 ,·
1239 786 1308 820 sed
1327 786 1431 831 quod
1445 787 1520 826 illi,
1541 788 1614 831 qui
1634 797 1710 821 non
1736 787 1780 820 in

708 845 838 869 amore
854 833 1074 880 conjug-zali
1086 837 1187 873 sunt,
1201 834 1323 868 velint
1338 834 1413 868 duo
1428 844 1511 868 esse.

492 881 575 928 (vi.)
612 882 727 929 Quod
733 882 807 922 illi,
822 883 894 926 qui
904 883 947 916 in
960 891 1090 915 amore
1101 892 1191 915 vere
1202 880 1422 926 conjugiali
1427 884 1529 920 sunt,
1544 881 1587 915 in
1600 880 1784 926 conjugio

705 929 866 975 spectent
883 932 1082 963 aeternum
1093 941 1111 969 ,·
1134 929 1307 962 victissim
1323 931 1451 962 autem
1469 928 1543 968 illi,
1557 929 1630 973 qui
1643 939 1718 963 non
1735 929 1779 962 in

707 987 838 1011 amore
852 975 1076 1022 conjugiali
1087 979 1190 1010 sunt.

483 1023 580 1069 (νίἰ.)
618 1023 733 1070 Quod
744 1034 855 1058 amor
866 1022 1101 1069 conjugialzs
1112 1022 1280 1057 resideat
1296 1021 1406 1067 apud
1417 1033 1553 1056 uxores
1568 1026 1705 1062 castas,
1717 1021 1786 1057 sed

708 1070 812 1116 quod
825 1081 942 1115 usque
957 1081 1068 1104 amor
1080 1069 1243 1104 illarum
1260 1069 1468 1114 dependeat
1484 1081 1507 1104 a
1522 1071 1692 1104 maritis.

425 1117 575 1164 1¹](viii.)
612 1118 727 1165 Quod
734 1118 1252 1164 intellig-entiafemznarum
1264 1118 1306 1151 in
1318 1127 1357 1150 se
1367 1117 1421 1151 sit
1429 1116 1605 1156 modesta,
1617 1117 1779 1162 elegans,

700 1165 883 1212 pacifica,
909 1164 1047 1205 cedens,
1077 1164 1212 1204 mollis,
1237 1167 1368 1198 tenera
1381 1176 1395 1199 :
1431 1167 1474 1197 at
1505 1163 1609 1208 quod
1636 1163 1780 1198 intelli-

699 1213 841 1259 gentia
853 1213 1032 1246 virorum
1050 1212 1094 1246 in
1110 1222 1147 1245 se
1162 1213 1217 1246 sit
1223 1212 1379 1257 gravis,
1393 1213 1543 1256 aspera,
1561 1210 1674 1251 dura,
1691 1212 1780 1245 ani·

708 1271 823 1300 mosa,
840 1259 1020 1294 licentiae
1035 1269 1183 1293 amans.

458 1306 579 1353 ¹¹³(ix.)
615 1308 880 1389 ρκοιίᾶικονεε
896 1309 1025 1342 ament
1040 1305 1200 1341 vincula
1216 1305 1404 1351 conjugii,
1421 1304 1528 1340 modo
1546 1306 1636 1339 vz'ri
1650 1308 1782 1340 ament

707 1367 722 1389 z
754 1366 790 1390 a.

509 1402 577 1447 (x.)
615 1402 729 1449 Quod
745 1412 883 1436 uxores
914 1402 957 1435 in
982 1400 1092 1435 nulla
1113 1400 1345 1435 excitatione
1362 1400 1443 1433 sint
1460 1400 1562 1433 sicut
1579 1400 1691 1440 viri:
1716 1399 1786 1434 sed

707 1449 811 1494 quod
819 1448 900 1483 illis
912 1450 964 1483 sit
980 1452 1106 1482 status
1111 1448 1437 1493 praeparationis
1453 1447 1509 1481 ad
1520 1448 1780 1492 receptionem.

490 1496 573 1543 (xi.)
610 1497 723 1543 Quod
731 1498 835 1531 viris
846 1497 899 1530 sit
910 1497 1018 1541 copia
1031 1495 1235 1530 secundum
1244 1505 1412 1529 amorem
1420 1494 1678 1539 propagandi
1686 1505 1780 1528 vera

547 1573 549 1576 .
707 1545 924 1589 sapientiae
935 1554 1035 1583 suae,
1047 1546 1084 1577 et
1095 1542 1299 1577 secundum
1311 1552 1477 1575 amorem
1480 1541 1669 1587 faciendi
1679 1552 1780 1577 usus.

484 1592 580 1637 (xii.)
618 1592 731 1637 Quod
743 1591 1082 1625 determinationes
1096 1592 1177 1624 sint
1193 1591 1236 1623 in
1252 1589 1495 1634 beneplacitis
1512 1589 1663 1624 mariti.

467 1639 578 1685 (xiii.)
615 1639 731 1686 Quod
741 1638 908 1683 sphaera
926 1637 1159 1684 conjugialis
1174 1638 1237 1676 sit,
1255 1647 1353 1680 quae
1372 1647 1397 1670 a
1423 1636 1591 1670 Domino
1604 1638 1680 1681 per
1698 1646 1781 1670 cae-

708 1686 788 1721 lum
806 1685 943 1731 influit
962 1687 1005 1720 in
1023 1687 1153 1720 omnia
1170 1687 1207 1719 et
1224 1683 1382 1730 singula
1401 1684 1580 1718 universi
1594 1693 1710 1728 usque
1728 1682 1785 1717 ad

710 1733 851 1768 ultima
869 1733 963 1778 ejus.

477 1781 586 1827 (xiv.)
624 1781 738 1827 Quod
750 1780 842 1814 haec
858 1780 1024 1825 sphaera
1045 1779 1266 1824 recipiatur
1286 1789 1310 1812 a
1331 1788 1425 1812 sexu
1431 1778 1642 1824 feminino,
1660 1779 1697 1811 et
1705 1778 1782 1822 per

706 1827 810 1862 hunc
828 1828 1101 1875 transferatur
1127 1827 1171 1860 in
1194 1836 1326 1860 sexum
1346 1825 1600 1859 masculinum
1610 1837 1629 1866 ,·
1651 1827 1687 1858 et
1705 1834 1780 1858 non

707 1885 891 1909 vzczsstm.

487 1922 582 1969 (xv.)
621 1922 740 1969 Quod,
756 1922 822 1956 ubi
835 1932 946 1956 amor
960 1932 1050 1956 vere
1064 1919 1297 1966 conJ'ugialzs
1313 1922 1377 1960 est,
1392 1918 1485 1953 lzaec
1499 1917 1667 1964 sphaera
1683 1918 1780 1952 reci·

700 1970 847 2014 piatur
862 1969 909 2002 ab
926 1979 1055 2008 uxore,
1073 1971 1110 2002 et
1126 1969 1236 2002 unice
1247 1969 1323 2012 per
1342 1977 1498 2001 uxorem
1517 1977 1543 2000 a
1560 1967 1714 2000 marito.

475 2016 584 2063 (xvi.)
621 2016 741 2062 Quod,
763 2016 831 2050 ubi
839 2026 950 2050 amor
973 2025 1047 2049 non
1068 2014 1304 2060 conjugialis
1327 2017 1390 2053 est,
1407 2013 1576 2058 sphaera
1593 2012 1664 2047 illa
1683 2013 1781 2047 reci·

700 2064 847 2108 piatur
858 2062 1009 2107 quidem
1023 2062 1069 2096 ab
1082 2073 1211 2102 uxore,
1222 2061 1290 2095 sed
1299 2071 1372 2095 non
1382 2072 1408 2095 a
1422 2062 1565 2095 marito
1572 2062 1647 2104 per
1655 2059 1779 2095 illam.

453 2110 578 2157 (xvii.)
616 2110 729 2156 Quod
741 2120 853 2143 amor
872 2120 960 2144 vere
975 2109 1210 2155 conjugialis
1227 2108 1323 2142 dari
1328 2109 1454 2153 possit
1470 2107 1580 2152 apud
1593 2118 1712 2142 unum
1730 2117 1780 2141 ex

707 2157 943 2203 conjugibus,
960 2160 998 2190 et
1014 2167 1087 2190 non
1100 2155 1223 2190 simul
1234 2155 1344 2200 apud
1355 2155 1533 2189 alterum.

444 2204 581 2251 (xviii.)
619 2204 733 2251 Quod
751 2206 831 2239 sint
851 2202 1036 2248 [121variae
1051 2202 1336 2242 similitudines,
1354 2202 1404 2246 et]
1421 2203 1560 2236 variae
1578 2200 1782 2235 dissimili·

709 2251 870 2292 tudines,
889 2254 970 2286 tam
988 2252 1167 2285 internae
1183 2261 1299 2295 quam
1316 2253 1509 2290 externae,
1526 2249 1637 2294 apud
1649 2249 1782 2295 conju·

736 2309 783 2334 es.

476 2345 585 2393 (xix.)
623 2310 736 2393 914οῇ
755 2346 894 2380 variae
916 2344 1198 2379 simititudines
1213 2345 1365 2390 possint
1388 2343 1585 2389 conjungi,
1609 2341 1679 2377 sed
1704 2352 1780 2377 non

708 2403 794 2427 cum
811 2391 1206 2426 dzssimilitudinibus.

467 2441 581 2488 ·(xx.)
618 2440 732 2488 Quod
744 2441 936 2475 Dominus
960 2439 1050 2477 illis.
1068 2440 1141 2483 qui
1161 2437 1382 2472 desiderant
1397 2448 1563 2472 amorem
1583 2447 1673 2471 vere
1694 2446 1781 2471 con·

700 2487 910 2534 jugialerm
922 2486 1134 2532 provideat
1149 2485 1458 2525 similitudinem,
1476 2489 1513 2519 et
1529 2484 1631 2529 quod
1645 2484 1686 2518 si
1705 2493 1780 2519 non

709 2535 830 2569 datur
847 2535 890 2568 in
910 2535 1040 2572 terris,
1051 2532 1262 2578 provideat
1278 2532 1387 2566 illam
1406 2533 1448 2566 in
1465 2532 1590 2566 caelis.

474 2582 585 2630 (xxi.)
622 2582 736 2629 Quod
744 2581 853 2615 lwmo
864 2581 1067 2616 secundum
1081 2579 1263 2626 defectum
1277 2583 1313 2613 et
1317 2579 1520 2624 jacturam
1534 2578 1680 2614 amoris
1694 2587 1780 2613 con·

699 2628 887 2676 jugialtls,
905 2627 1060 2670 accedat
1075 2627 1130 2661 ad
1143 2630 1329 2661 naturam
1343 2626 1489 2661 bestiae.

289 2746 503 2801 Sequitur
528 2757 647 2786 nunc
673 2742 833 2785 horum
861 2741 1125 2796 explicatio.

373 2819 499 2853 210.
534 2806 601 2862 (i.)
639 2805 767 2857 Quod
785 2806 1002 2859 proprius
1037 2817 1193 2846 sensus
1224 2803 1391 2845 amoris
1421 2801 1682 2857 conjugialis
1717 2800 1781 2844 sit

289 2886 447 2915 sensus
492 2869 825 2913 tacius—Sunt
868 2869 1009 2910 cuivis
1057 2867 1199 2909 amori
1248 2880 1352 2907 suus
1397 2880 1586 2918 sensus;
1636 2865 1780 2907 amori

289 2935 475 2977 videndi
506 2949 565 2976 ex
598 2947 750 2974 amore
782 2931 1085 2985 intelligendi,
1113 2936 1184 2971 est
1215 2943 1375 2970 sensus
1406 2930 1542 2978 visus,
1574 2934 1621 2970 et
1650 2927 1780 2981 hujus

291 2999 597 3040 amoenitates
637 3002 743 3037 sunt
783 2994 1074 3049 symmetriae
1113 2999 1161 3035 et
1205 2992 1591 3047 pulchritudine53
1635 2990 1779 3032 amori

1991 1219 2014 1334 vi

2003 1341 2014 1431 ξ

2003 1438 2014 1553 ἶὲ

1996 2136 2014 2606 „Mb-„Qum
2000 1996 2014 2125 Luam-.-
2008 1978 2014 1989 ..
2004 1855 2014 1972 ..ψ-
2002 1761 2014 1848 .σ-·-ι.
2002 1558 2014 1755 mmm—uh
