2014 3386
336 351 358 393 3
366 338 418 393 56
778 347 1105 380 VOLUPTATES
1137 346 1381 380 INSANIAE

333 461 588 515 legitimam
610 466 656 502 et
673 459 843 514 justam
866 460 1204 514 separationem
1226 459 1285 501 ab
1306 473 1462 509 uxore,
1482 459 1696 502 feminam
1719 459 1821 502 loco

333 523 427 578 ejus
449 524 493 565 in
516 523 776 565 consociam
795 522 901 564 lecti
917 523 1186 564 adsciscere.
1247 521 1383 575 Quod
1405 522 1517 564 haec
1541 523 1631 564 duo
1649 536 1821 576 genera

333 588 664 629 concubinatus
689 587 810 627 inter
835 600 884 627 se
908 585 1172 627 abalienata
1196 585 1288 627 sint
1314 586 1430 626 sicut
1456 585 1648 627 linteum
1674 586 1820 627 sordi-

332 650 440 691 dum
470 663 497 690 a
528 648 695 698 lavato,
723 649 782 690 ab
812 648 915 698 illis,
942 648 1016 702 qui
1047 647 1232 689 elimate
1263 654 1310 689 et
1342 647 1558 689 distincte
1588 648 1824 689 intuentur

332 726 419 762 res,
453 718 610 766 potest
640 712 809 762 videri;
850 717 900 752 at
931 712 990 752 ab
1019 710 1110 752 illis
1140 710 1215 764 qui
1245 710 1432 752 confuse
1463 717 1510 752 et
1541 709 1821 761 indistincte,

333 789 424 816 non
456 781 642 829 potest;
682 775 821 815 immo
852 774 909 815 ab
939 773 1029 814 illis
1059 773 1134 827 qui
1165 773 1209 814 in
1239 786 1394 814 amore
1424 771 1668 826 conjugiali
1699 779 1821 823 sunt,

334 844 504 892 potest,
531 851 623 878 non
650 844 803 878 autem
830 836 888 877 ab
912 836 1001 877 illis
1026 836 1100 890 qui
1125 835 1170 876 in
1191 848 1346 876 amore
1372 835 1582 876 adulterii
1607 841 1743 887 sunt;
1776 835 1823 876 hi

334 901 378 941 in
405 898 540 941 nocte
566 906 671 941 sunt
704 900 759 941 de
791 897 965 941 cunctis
997 898 1354 940 derivationibus
1380 899 1546 939 amoris
1577 912 1730 948 sexus,
1758 898 1823 940 illi

334 970 489 1005 autem
520 964 564 1004 in
590 964 663 1004 die
695 964 752 1004 de
782 963 872 1003 illis
899 968 1031 1003 sunt:
1073 967 1122 1003 at
1154 975 1294 1015 usque
1319 961 1385 1002 illi
1416 962 1491 1014 qui
1522 962 1566 1002 in
1598 961 1823 1004 adulterio

333 1032 454 1075 sunt,
474 1032 665 1079 possunt
683 1026 992 1067 derivationes
1010 1024 1110 1065 illas
1133 1030 1179 1065 et
1202 1023 1359 1064 harum
1378 1024 1638 1065 discrimina
1653 1025 1821 1074 videre,

335 1102 428 1130 non
459 1090 640 1143 quidem
671 1090 716 1129 in
752 1102 801 1130 se
832 1103 892 1130 ex
924 1102 987 1137 se,
1021 1088 1101 1128 sed
1133 1101 1193 1128 ex
1224 1087 1325 1128 aliis
1358 1087 1463 1128 dum
1495 1087 1685 1128 audiunt
1715 1087 1821 1139 illa;

334 1165 440 1193 nam
467 1153 624 1193 similis
647 1152 842 1193 facultas
859 1151 1068 1192 elevandi
1093 1148 1378 1191 intellectum
1405 1156 1476 1191 est
1501 1151 1621 1204 apud
1643 1149 1823 1192 adulte·

333 1228 446 1264 rum,
471 1229 585 1269 quae
611 1215 729 1268 apud
757 1222 933 1256 castum
956 1213 1221 1267 conjugem;
1255 1213 1335 1254 sed
1362 1213 1556 1262 adulter,
1580 1219 1823 1267 postquam

334 1279 595 1320 discrimina
626 1292 686 1318 ex
718 1278 816 1318 aliis
847 1278 1003 1318 audita
1043 1277 1248 1330 agnovit,
1282 1290 1421 1330 usque
1453 1275 1691 1316 oblitterat
1728 1275 1820 1325 illa,

335 1341 442 1382 dum
473 1339 758 1382 intellectum
790 1353 918 1381 suum
951 1340 1180 1393 immergit
1206 1352 1396 1392 spurcae
1427 1352 1533 1379 suae
1564 1339 1823 1392 voluptati;

335 1417 426 1444 non
458 1404 577 1445 enim
610 1409 765 1457 potest
791 1410 968 1444 castum
1001 1408 1048 1444 et
1079 1403 1321 1450 incastum,
1350 1415 1402 1442 ac
1434 1414 1593 1442 sanum
1625 1407 1672 1443 et
1701 1402 1823 1442 insa-

335 1479 457 1515 num,
481 1480 569 1507 una
590 1480 705 1514 esse,
729 1466 810 1507 sed
833 1472 1024 1520 possunt
1047 1479 1074 1507 a
1095 1471 1311 1519 separato
1333 1463 1570 1506 intellectu
1592 1465 1824 1518 distingui.

336 1529 580 1583 Quondam
611 1544 638 1570 a
668 1542 740 1571 me
766 1530 811 1570 in
837 1528 1006 1570 mundo
1031 1528 1253 1582 spirituali
1278 1528 1358 1576 illi,
1385 1529 1460 1581 qui
1485 1527 1707 1568 adulteria
1732 1540 1825 1568 non

335 1599 660 1648 reputaverunt
682 1599 886 1646 peccata,
911 1592 1106 1646 quaesiti
1127 1598 1248 1641 sunt,
1273 1604 1380 1632 num
1402 1591 1550 1632 sciant
1573 1603 1710 1631 unum
1732 1591 1823 1631 dis-

337 1658 507 1698 crimen
530 1657 649 1698 inter
670 1656 1033 1704 fornicationem,
1053 1654 1333 1709 pellicatum,
1353 1654 1443 1694 duo
1465 1667 1633 1706 genera
1654 1665 1823 1694 concu-

337 1721 535 1769 binatus,
563 1734 615 1761 ac
653 1720 773 1760 inter
803 1720 971 1773 gradus
997 1717 1235 1769 adulterii;
1278 1718 1508 1766 dixerunt,
1536 1716 1656 1770 quod
1687 1728 1824 1757 unum

338 1785 397 1825 sit
430 1784 545 1824 sicut
583 1783 806 1824 alterum:
850 1789 897 1824 et
932 1781 1124 1835 quaesiti
1161 1792 1266 1821 num
1299 1780 1437 1821 etiam
1470 1779 1743 1832 conjugium,
1771 1791 1823 1819 ac

338 1848 774 1899 circumspexerunt,
808 1857 914 1886 num
946 1844 1082 1898 aliqui
1113 1857 1172 1885 ex
1203 1842 1327 1884 clero
1358 1843 1601 1892 adessent‘;
1638 1847 1685 1882 et
1717 1841 1824 1882 dum

339 1923 446 1957 non,
466 1910 695 1956 dixerunt,
712 1907 831 1961 quod
849 1906 995 1948 simile
1017 1908 1060 1947 in
1083 1920 1132 1948 se
1154 1906 1226 1947 sit.
1287 1905 1440 1946 Aliter
1456 1904 1535 1952 illi,
1555 1905 1628 1957 qui
1651 1904 1695 1944 in
1713 1903 1825 1944 ideis

339 1972 635 2025 cogitationis
657 1985 762 2012 suae
784 1970 1008 2011 adulteria
1024 1975 1347 2022 reputaverunt
1373 1973 1591 2022 peccata3
1622 1966 1668 2007 hi
1694 1966 1823 2007 dixe-

339 2042 459 2084 runt,
493 2035 613 2089 quod
658 2035 701 2075 in
738 2033 1024 2074 interioribus
1055 2032 1184 2080 ideis,
1218 2045 1333 2085 quae
1364 2036 1471 2071 sunt
1503 2028 1823 2083 perceptionis,

339 2099 535 2140 viderint
559 2097 831 2143 discrimina,
856 2096 936 2153 sed
959 2095 1161 2136 nondum
1184 2093 1439 2135 studuerint
1465 2092 1543 2133 illa
1568 2092 1825 2133 discernere

339 2168 386 2203 et
409 2162 733 2203 internoscere.
795 2159 897 2200 Hoc
921 2170 1105 2212 possum
1127 2170 1404 2204 asseverare,
1423 2156 1543 2210 quod
1568 2155 1827 2196 discrimina

339 2224 418 2266 illa
443 2224 592 2278 quoad
625 2237 703 2264 sua
729 2222 917 2270 minuta,
945 2221 1003 2262 ab
1032 2220 1209 2274 angelis
1235 2219 1348 2261 caeli
1379 2219 1698 2272 percipiantur.
1759 2217 1825 2259 Ut

341 2301 452 2341 ergo
478 2293 637 2341 pateat
663 2286 784 2340 quod
811 2285 900 2326 duo
923 2297 1092 2338 genera
1114 2282 1445 2324 concubinatus
1467 2282 1585 2323 inter
1607 2295 1655 2322 se
1682 2293 1826 2334 oppo-

340 2352 430 2392 sita
456 2351 633 2399 dentur,
658 2362 794 2390 unum
817 2362 876 2390 ex
901 2361 991 2401 quo
1015 2346 1227 2388 aboletur
1252 2358 1379 2386 amor
1404 2343 1686 2397 conjugialis,
1709 2343 1824 2384 alte·

341 2427 438 2456 rum
471 2428 529 2455 ex
557 2426 646 2467 quo
677 2425 768 2453 non
796 2410 1021 2459 aboletur,
1045 2409 1149 2450 ideo
1175 2407 1436 2449 damnabile
1461 2420 1606 2461 genus
1631 2406 1824 2461 primum

341 2477 637 2524 describetur,
665 2489 716 2516 ac
744 2480 908 2527 postea
933 2473 1123 2515 alterum
1149 2472 1375 2512 indemne.

425 2540 564 2594 464.
598 2538 680 2592 (ii.)
718 2537 846 2588 Quod
864 2535 1169 2577 concubinatus
1191 2533 1449 2588 conjunc‘Jim
1473 2546 1567 2574 cum
1589 2545 1738 2581 uxore,
1765 2531 1828 2573 sit

342 2603 521 2645 illicitus
543 2601 837 2650 Christianis,
861 2613 912 2641 ac
935 2596 1420 2650 detestabilis.—Quod
1447 2597 1507 2637 sit
1532 2595 1735 2643 illicitus,
1754 2601 1827 2636 est

342 2668 445 2720 quia
476 2671 635 2707 contra
665 2664 823 2705 foedus
854 2661 1109 2715 conjugiale
1147 2666 1248 2711 est;
1290 2666 1337 2701 et
1369 2659 1489 2713 quod
1521 2656 1825 2706 detestabilis,

342 2736 413 2771 est
435 2730 538 2783 quia
559 2734 721 2769 contra
741 2727 1036 2779 religionem;
1069 2729 1116 2765 et
1142 2723 1263 2777 quod
1290 2729 1452 2764 contra
1473 2722 1590 2763 hanc
1616 2727 1663 2762 et
1692 2718 1826 2761 simul

343 2792 453 2833 illud
485 2798 572 2840 est,
599 2796 671 2831 est
697 2795 859 2830 contra
885 2788 1156 2830 Dominum:
1200 2799 1336 2839 quare
1367 2791 1417 2826 ut
1449 2785 1640 2838 primurn
1666 2781 1827 2836 aliquis

344 2855 516 2908 absque
555 2853 734 2894 sontica
773 2851 885 2893 reali
925 2863 1060 2892 causa
1099 2848 1306 2901 adjungit
1347 2847 1479 2888 uxori
1510 2845 1825 2894 concubinam,

344 2918 599 2960 occluditur
615 2917 655 2958 ei
677 2915 869 2964 caelum,
889 2920 936 2955 et
957 2914 1015 2955 ab
1036 2911 1213 2965 angelis
1239 2924 1329 2952 non
1352 2910 1451 2963 plus
1469 2910 1588 2950 inter
1606 2907 1825 2950 Christia-

345 2995 428 3023 nos
451 2985 742 3031 numeratur;
775 2992 834 3019 ex
861 2977 940 3019 illo
962 2983 1166 3030 tempore
1189 2974 1329 3016 etiam
1354 2972 1445 3022 illa,
1469 2985 1583 3027 quae
1605 2970 1827 3012 ecclesiae
