2014 3386
531 339 597 372 DE
630 338 809 372 AMORE
841 327 1321 372 scoR‘TATomo——N
1353 341 1445 385 505.
1654 334 1735 387 387

235 454 400 497 amoris
422 452 704 508 conjugialis,
723 460 770 496 et
792 454 914 509 quod
935 454 1064 508 virgo
1086 453 1165 503 illi,
1186 455 1256 496 cui
1274 453 1403 496 >illam
1422 455 1621 507 addicat,
1642 459 1738 500 ani-

237 531 358 560 mam
384 525 431 561 et
455 519 599 559 vitam
623 531 749 559 suam
772 518 985 570 addicet3
1019 518 1220 559 amicitia
1241 518 1509 572 conjugialis
1536 527 1582 562 et
1598 513 1738 574 'hujus

236 581 529 631 confidentia,
557 595 691 635 super
715 581 793 622 illa
818 583 959 626 etiam
984 581 1226 623 fundatur:
1271 589 1318 623 et
1350 596 1528 637 quoque
1555 583 1737 634 femina,

235 660 261 687 a
283 645 450 687 talibus
468 644 704 694 deflorata,
725 652 973 700 postquam
995 645 1082 687 hoc
1101 646 1268 687 ostium
1287 647 1453 687 amoris
1472 647 1739 701 conjugialis

235 715 500 763 perruptum
532 714 617 758 est,
651 708 789 750 solvit
822 709 1057 762 pudorem,
1091 715 1138 750 et
1179 708 1230 750 fit
1271 711 1505 759 meretrix,
1539 711 1583 751 in
1616 711 1739 764 cujus

234 785 371 814 causa
389 773 528 814 etiam
551 772 798 826 praedator
819 771 896 813 ille
921 778 1007 814 est.
1069 772 1161 825 Ipsi
1186 772 1251 812 illi
1276 773 1546 826 praedones,
1571 774 1607 814 si
1633 781 1739 827 post

234 834 423 877 exactas
449 835 532 876 has
558 836 806 889 satyriases
837 842 884 877 et
915 835 1255 890 profanationes
1281 837 1564 886 castitatum,
1592 837 1737 890 appli-

235 905 345 941 cant
385 900 585 940 animum
626 899 683 940 ad
726 898 999 953 conjugium,
1033 912 1126 940 non
1165 899 1288 940 aliud
1330 906 1487 941 mente
1527 900 1735 950 volvunt,

233 975 369 1017 quam
394 963 572 1004 futurae
594 962 799 1016 conjugis
814 963 1134 1016 >virginitatem
1155 976 1166 1014 ;
1198 976 1333 1017 quam
1356 971 1600 1018 postquam
1624 964 1737 1005 liba-

233 1033 409 1075 verant,
429 1033 580 1068 torum
602 1033 650 1067 et
674 1026 930 1067 thalamum
947 1026 1200 1076 fastidiunt,
1219 1027 1360 1067 immo
1381 1027 1535 1076 etiam,
1557 1034 1739 1080 praeter

232 1090 423 1143 puellas,
451 1097 602 1131 toturn
629 1102 792 1131 sexum
819 1089 1112 1130 femininum:
1155 1096 1203 1131 et
1234 1090 1339 1144 quia
1365 1090 1481 1131 tales
1508 1097 1612 1132 sunt
1638 1091 1736 1132 vio-

231 1153 404 1195 latores
421 1152 632 1206 conjugii,
658 1160 705 1194 et
729 1151 1024 1206 despefikores
1046 1167 1184 1194 sexus
1206 1153 1422 1202 feminini,
1443 1160 1490 1195 et
1513 1155 1574 1195 sic
1598 1154 1738 1196 latro-

232 1231 313 1258 nes
330 1217 604 1271 spirituales,
621 1223 750 1270 patet
769 1216 890 1270 quod
909 1216 1104 1257 nemesis
1122 1217 1288 1258 Divina
1305 1217 1407 1258 illos
1426 1225 1735 1272 persequatur.

314 1290 452 1335 505.
486 1279 584 1334 (iv.)
622 1279 752 1331 Quod
771 1292 871 1320 sors
896 1279 1091 1329 illorum,
1119 1280 1199 1333 qui
1219 1281 1346 1333 apud
1371 1294 1417 1321 se
1445 1281 1735 1335 confirmave-

232 1349 341 1384 runt
376 1342 603 1384 libidinem
639 1342 941 1397 deflorationis
978 1356 1062 1383 non
1100 1357 1196 1384 esse
1226 1343 1392 1384 malum
1419 1344 1603 1396 peccati,
1631 1350 1740 1397 post

230 1413 417 1448 mortem
437 1406 602 1460 gravis
627 1405 872 1449 sia—Sors
894 1406 1075 1448 illorum
1098 1412 1170 1448 est
1195 1406 1324 1455 haec,
1346 1408 1466 1460 quod
1491 1414 1735 1461 postquam

232 1472 277 1511 in
309 1470 481 1511 mundo
512 1470 751 1523 spirituum
778 1476 1035 1523 exegerunt
1067 1476 1247 1523 tempus
1273 1471 1481 1523 primum,
1510 1472 1632 1525 quod
1664 1478 1736 1513 est

233 1534 491 1575 modestiae
517 1539 565 1575 et
591 1533 879 1582 moralitatis,
908 1534 1012 1587 quia
1037 1533 1081 1574 in
1108 1534 1349 1574 consortiis
1376 1547 1475 1574 cum
1504 1535 1735 1587 spiritibus

231 1596 466 1651 angelicis,
495 1604 659 1650 postea
690 1598 748 1638 ab
779 1597 985 1638 externis
1017 1597 1108 1638 suis
1139 1597 1446 1638 immittantur
1478 1598 1521 1638 in
1555 1599 1736 1639 interna

232 1674 326 1709 sua,
355 1667 402 1702 et
429 1667 537 1702 tunc
570 1661 614 1702 in
642 1661 1050 1714 concupiscentias,
1079 1661 1238 1714 quibus
1264 1661 1454 1702 inescati
1480 1661 1658 1703 fuerant
1690 1663 1734 1702 in

231 1725 418 1773 mundo,
452 1730 499 1766 et
530 1723 577 1765 hi
608 1724 652 1765 in
685 1738 802 1773 suas,
832 1730 1019 1777 propter
1049 1722 1200 1773 finem,
1234 1730 1284 1765 ut
1316 1731 1535 1777 appareat
1567 1725 1611 1765 in
1644 1738 1734 1778 quo

230 1788 376 1842 gradu
400 1788 605 1839 fuerant3
639 1794 685 1829 et
713 1788 749 1829 si
771 1789 814 1828 in
843 1788 1002 1828 minori
1028 1788 1185 1841 gradu,
1214 1794 1263 1829 ut
1291 1795 1532 1842 postquam
1561 1789 1605 1829 in
1632 1788 1734 1829 illas

229 1852 418 1893 immissi
449 1851 630 1901 fuerint,
664 1853 950 1899 emittantur,
984 1858 1031 1892 et
1069 1850 1385 1892 suffundantur
1416 1851 1601 1904 pudore.
1664 1851 1733 1893 At:

229 1916 294 1956 illi
320 1915 395 1969 qui
422 1916 466 1956 in
493 1915 695 1968 maligna
721 1915 806 1956 hac
834 1914 1020 1956 libidine
1045 1913 1238 1963 fuerant,
1267 1914 1311 1955 in
1338 1921 1519 1956 tantum
1553 1921 1600 1956 ut
1631 1929 1733 1969 per-

229 1978 456 2020 senserint
473 1977 568 2031 ejus
591 1978 802 2020 delicium
822 1978 1041 2027 eminens,
1060 1983 1106 2018 et
1129 1977 1312 2030 gloriati
1331 1985 1435 2019 sunt
1454 1992 1589 2032 super
1605 1978 1733 2019 furtis

228 2042 317 2084 illis
348 2042 466 2084 sicut
497 2055 631 2095 super
662 2041 819 2095 spoliis
850 2042 1026 2095 opimis,
1055 2054 1147 2082 non
1179 2042 1414 2095 patiuntur
1454 2055 1501 2083 se
1542 2042 1731 2093 abduci3

230 2120 368 2161 quare
391 2105 665 2148 emittuntur
690 2105 734 2146 in
757 2117 886 2146 suum
910 2105 1115 2153 liberum,
1140 2111 1187 2146 et
1209 2111 1318 2146 tunc
1341 2105 1463 2146 illico
1482 2106 1731 2146 circumva-

230 2177 411 2223 gantur,
428 2176 475 2212 et
493 2169 722 2223 inquirunt
741 2169 988 2223 lupanaria,
1005 2175 1052 2210 et
1070 2168 1161 2218 illa,
1181 2168 1288 2209 dum
1306 2168 1575 2215 indicantur,
1592 2169 1731 2210 etiam

229 2235 434 2284 intrant;
480 2239 587 2274 sunt
617 2232 730 2274 haec
762 2246 789 2274 a
820 2232 1038 2274 lateribus
1069 2232 1257 2283 inserni;
1298 2231 1379 2272 sed
1413 2245 1513 2273 curn
1546 2232 1606 2272 ibi
1638 2245 1730 2273 non

230 2297 314 2338 nisi
345 2309 480 2351 quarn
512 2295 767 2349 prostibula
798 2295 1049 2345 offendunt,
1082 2295 1268 2344 abeunt,
1302 2301 1349 2336 et
1391 2295 1619 2348 inquirunt
1657 2295 1732 2336 ubi

229 2367 335 2402 sunt
361 2360 585 2413 virgines;
623 2365 669 2400 et
695 2365 804 2401 tunc
830 2358 1032 2400 feruntur
1057 2358 1115 2399 ad
1142 2365 1311 2407 scorta,
1336 2371 1452 2411 quae
1479 2371 1558 2411 per
1584 2357 1731 2411 phan-

230 2425 394 2466 tasiam
420 2423 504 2464 sibi
528 2422 742 2464 inducere
768 2429 958 2477 possunt
985 2422 1400 2475 supereminentem
1428 2421 1731 2474 pulchritudi-

230 2501 350 2536 nem,
383 2500 436 2528 ac
476 2486 684 2527 floridum
716 2486 917 2539 puellare
949 2485 1102 2534 decus,
1135 2491 1183 2526 et
1218 2483 1389 2538 jactare
1431 2498 1478 2525 se
1515 2484 1728 2537 virgines,

228 2552 285 2592 ad
304 2564 414 2605 quas
432 2548 641 2591 similiter
662 2556 712 2591 ut
734 2550 778 2590 in
802 2549 972 2590 mundo
993 2546 1155 2590 ardent
1173 2561 1182 2599 ;
1216 2561 1352 2602 quare
1370 2561 1471 2588 cum
1494 2547 1563 2588 his
1582 2548 1729 2600 pacis-

228 2622 405 2663 cuntur,
433 2613 515 2654 sed
547 2626 649 2654 cum
681 2613 869 2666 potituri
900 2619 1005 2654 sunt
1038 2610 1187 2666 pano,
1215 2611 1458 2664 phantasia
1490 2609 1674 2652 induc‘ta
1704 2625 1730 2652 e

229 2678 359 2720 caelo
389 2677 601 2725 aufertur,
628 2683 676 2719 et
707 2683 814 2718 tunc
842 2677 1041 2730 virgines
1073 2675 1179 2716 illae
1205 2681 1428 2729 apparent
1461 2675 1504 2716 in
1538 2688 1618 2715 sua
1649 2675 1729 2715 de-

229 2743 476 2790 formitate,
504 2746 793 2782 monstrosae
825 2747 871 2783 et
903 2740 1071 2788 furvae,
1100 2739 1260 2794 quibus
1292 2745 1447 2781 tamen
1481 2738 1729 2780 adhaerere

230 2806 287 2847 ad
319 2805 526 2847 horulam
552 2810 806 2858 coguntur;
849 2810 1002 2846 scorta
1033 2803 1111 2844 illa
1141 2809 1365 2845 vocantur
1392 2803 1575 2844 sirenes.
1637 2801 1728 2844 Sed

230 2870 266 2910 si
299 2882 378 2922 per
408 2868 527 2910 tales
557 2867 880 2909 fascinationes
912 2881 1003 2909 non
1036 2867 1270 2920 patiuntur
1301 2880 1349 2907 se
1391 2880 1417 2907 a
1452 2879 1622 2907 vesana
1652 2866 1730 2907 illa

230 2932 415 2973 libidine
447 2931 624 2980 abduci,
657 2929 926 2983 dejiciuntur
955 2931 1000 2972 in
1032 2929 1268 2978 infernum,
1301 2929 1422 2983 quod
1454 2928 1498 2969 in
1531 2927 1728 2970 confinio

231 2995 434 3037 meridiei
460 3001 507 3037 et
538 2994 792 3037 occidentis
823 2994 906 3036 sub
937 2993 1111 3035 inferno
1138 2993 1427 3034 meretricum
1454 2992 1726 3034 astutiorum
