2014 3386
347 353 431 385 210
809 353 1050 386 DELICIAE
1082 353 1385 386 SAPIENTIAE

345 465 522 511 sapiens;
549 476 594 501 ac
614 465 669 500 ita
686 463 873 511 apparere
892 465 1011 501 discit
1031 466 1080 501 ab
1100 465 1286 507 infantia:
1312 477 1414 512 quae
1431 477 1551 502 causa
1567 473 1640 507 est,
1659 467 1766 513 quod
1792 473 1838 503 ut

344 519 514 565 primum
534 519 640 553 inter
657 519 839 554 homines
861 530 930 554 seu
953 519 992 553 in
1014 525 1154 554 coetus
1171 519 1293 560 venit,
1313 519 1486 555 invertat
1506 519 1690 565 spiritum
1708 531 1838 560 suum.

342 582 389 607 ac
407 578 611 606 removeat
637 571 747 606 illum
769 582 792 606 a
811 571 1147 617 concupiscentia,
1165 577 1207 607 et
1226 582 1277 607 ex
1296 572 1451 608 decoris
1468 578 1510 607 et
1528 572 1719 613 honestis,
1737 582 1839 619 quase

341 636 391 661 ex
409 625 575 660 infantia
593 624 744 665 didicit,
763 632 803 660 et
823 625 861 659 in
885 625 1079 660 memoria
1098 625 1276 671 corporis
1294 625 1450 666 retinet,
1465 626 1654 671 loquatur
1668 632 1710 662 et
1732 635 1836 673 agat,

341 685 383 714 et
402 689 522 725 quam
549 679 719 714 maxime
745 686 894 719 caveat,
918 690 967 714 ne
989 678 1139 724 aliquid
1166 689 1215 714 ex
1239 679 1587 725 concupiscentiae
1607 679 1780 722 vesania,
1798 680 1837 715 in

342 743 421 778 qua
438 739 498 767 est
519 732 605 777 ejus
623 732 800 777 spiritus,
820 739 989 767 emanet.
1042 731 1140 767 Inde
1160 738 1223 767 est
1237 732 1374 767 *omnis
1391 732 1524 772 horno,
1542 732 1610 778 qui
1632 738 1713 768 non
1737 732 1839 768 inte—

341 785 422 820 rius
440 795 464 819 a
482 784 657 820 Domino
675 785 844 825 ducitur,
864 784 1120 825 [¹]simulator,
1134 785 1391 830 sycophanta,
1404 785 1622 831 hypocrita,
1637 792 1678 821 et
1695 785 1753 821 sic
1769 796 1839 831 ap—

342 848 482 883 parens
494 837 627 878 homo,
638 844 678 872 et
688 844 822 872 tamen
836 848 916 872 non
929 837 1071 878 homo;
1089 837 1138 872 de
1150 848 1232 883 quo
1244 844 1377 883 potest
1386 838 1477 878 dici,
1488 838 1593 884 quod
1607 838 1695 884 ejus
1706 847 1840 874 crusta

341 901 411 926 seu
430 901 574 936 corpus
595 891 734 936 sapiat,
753 901 799 926 ac
819 891 906 936 ejus
928 890 1092 925 nucleus
1119 901 1188 925 seu
1215 890 1376 936 spiritus
1403 890 1598 932 insaniat:
1621 898 1707 926 tum
1729 891 1837 937 quod

340 950 549 979 externum
576 944 662 989 ejus
688 944 739 979 sit
765 944 983 978 humanum
1009 954 1056 978 ac
1081 943 1281 978 internum
1308 943 1498 984 ferinum:
1523 944 1624 979 tales
1649 944 1840 990 occipitio

341 995 523 1042 spectant
540 1007 709 1037 sursum,
725 1003 765 1032 et
783 996 1035 1042 frontispicio
1053 996 1263 1036 deorsum:
1290 996 1346 1031 ita
1361 996 1568 1031 ambulant
1581 997 1684 1032 sicut
1700 1007 1839 1043 grave·

340 1049 434 1085 dine
455 1049 617 1089 obsessi,
635 1049 765 1095 capite
787 1049 998 1095 pendente,
1017 1059 1108 1084 cum
1125 1050 1239 1084 vultu
1259 1060 1387 1095 prono
1404 1049 1454 1084 ad
1472 1055 1638 1084 terram:
1664 1049 1719 1084 illi
1741 1049 1836 1084 dum

340 1109 492 1138 exuunt
512 1113 667 1148 corpus,
689 1109 730 1137 et
751 1101 853 1137 fiunt
874 1102 1048 1148 spiritus,
1067 1108 1107 1137 et
1132 1108 1230 1137 tunc
1251 1101 1599 1143 manumittuntur,
1622 1101 1723 1137 fiunt
1744 1113 1838 1138 suae

340 1155 688 1201 concupiscentiae
713 1155 919 1196 vesaniae;
947 1166 1037 1190 nam
1060 1154 1116 1189 illi
1137 1155 1205 1201 qui
1232 1155 1270 1189 in
1297 1165 1432 1190 amore
1458 1155 1518 1190 sui
1544 1161 1648 1195 sunt,
1669 1154 1838 1201 cupiunt

340 1208 538 1244 dominari
569 1219 687 1254 super
715 1208 957 1248 universum,
984 1208 1107 1243 immo
1137 1207 1355 1243 extendere
1383 1208 1470 1253 ejus
1495 1207 1643 1243 limites
1670 1207 1762 1243 illuc
1786 1209 1836 1243 ad

340 1261 663 1307 amplificandum
677 1261 900 1296 dominium
914 1273 922 1302 ;
948 1272 1142 1307 nusquam
1157 1260 1297 1296 vident
1310 1260 1442 1296 finem.
1493 1259 1554 1295 Illi
1566 1260 1634 1307 qui
1650 1260 1688 1295 in
1702 1270 1838 1296 amore

341 1314 479 1349 mundi
501 1321 606 1354 sunt,
625 1314 793 1360 cupiunt
814 1314 1018 1360 possidere
1040 1313 1175 1349 omnia
1195 1314 1293 1359 ejus,
1315 1324 1361 1349 ac
1382 1313 1520 1349 dolent
1541 1320 1581 1349 et
1603 1313 1784 1349 invident
1802 1313 1836 1349 si

339 1367 461 1413 aliqui
488 1367 666 1403 thesauri
687 1367 793 1413 apud
814 1367 970 1412 aliquos
997 1367 1124 1402 latent
1145 1366 1362 1407 reconditi;
1387 1377 1507 1412 quare
1527 1366 1628 1402 tales
1654 1377 1704 1402 ne
1726 1376 1838 1402 >mere

340 1420 689 1466 concupiscentiae
708 1420 815 1460 fiant,
835 1426 875 1455 et
894 1419 950 1455 sic
971 1431 1050 1455 non
1074 1419 1267 1460 homines,
1288 1420 1405 1454 datur
1423 1419 1500 1454 illis
1523 1419 1562 1454 in
1585 1419 1738 1454 mundo
1759 1418 1838 1466 spi-

340 1473 472 1508 rituali
490 1473 668 1519 cogitare
689 1484 739 1508 ex
759 1473 903 1508 timore
923 1472 1100 1518 jacturae
1122 1472 1260 1513 famae,
1280 1478 1321 1507 et
1341 1472 1399 1507 sic
1419 1472 1585 1508 honoris
1603 1478 1643 1507 et
1661 1471 1772 1513 lucri,
1791 1479 1836 1508 ut

339 1533 380 1562 et
396 1537 446 1561 ex
463 1526 609 1562 timore
627 1527 725 1573 legis
743 1532 783 1562 et
802 1526 887 1572 ejus
911 1537 1074 1572 poenae,
1093 1532 1134 1561 et
1151 1536 1311 1572 quoque
1337 1526 1455 1560 datur
1475 1525 1705 1571 impendere
1726 1536 1837 1561 men·

339 1587 420 1615 tem
449 1580 487 1614 in
509 1580 671 1625 aliquod
694 1579 872 1615 studium
898 1590 969 1614 seu
991 1589 1106 1626 opus,
1121 1589 1192 1624 per
1211 1589 1313 1625 quae
1333 1584 1522 1613 tenentur
1539 1578 1579 1613 in
1600 1578 1776 1614 externis
1792 1586 1837 1643 et

339 1633 395 1668 sic
414 1633 452 1667 in
472 1639 579 1668 statu
599 1632 897 1679 intelligentiae,
917 1638 1122 1678 utcunque
1141 1631 1305 1667 interius
1323 1631 1495 1667 delirant
1512 1637 1553 1666 et
1572 1631 1812 1667 insaniunt?

412 1685 510 1721 Post
531 1686 629 1721 haec
650 1685 838 1732 quaesivi,
861 1696 956 1720 num
983 1695 1122 1721 omnes
1149 1684 1204 1720 illi
1225 1684 1292 1731 qui
1319 1684 1359 1719 in
1385 1683 1710 1754 concupiscentia
1728 1692 1834 1725 sunt,

338 1738 459 1774 etiam
479 1739 518 1773 in
536 1739 622 1784 ejus
640 1738 850 1784 phantasia
867 1737 959 1773 sint.

412 1791 726 1837 Respondebant
746 1791 854 1837 quod
878 1791 932 1826 illi
960 1791 998 1825 in
1026 1790 1235 1836 phantasia
1260 1800 1354 1825 suae
1375 1789 1721 1836 concupiscentiae
1738 1789 1834 1831 sint,

338 1844 405 1890 qui
426 1844 591 1879 interius
614 1844 653 1879 in
673 1855 715 1880 se
736 1844 926 1890 cogitant,
946 1850 987 1878 et
1009 1843 1175 1878 nimium
1199 1843 1409 1889 indulgent
1429 1853 1524 1878 suae
1546 1842 1834 1889 imaginationi,

339 1897 541 1942 loquendo
553 1908 686 1932 secum
700 1909 707 1938 ;
726 1897 795 1931 “hi
809 1896 915 1932 enim
929 1903 1113 1941 separant
1124 1895 1309 1942 spiritum
1322 1907 1439 1931 suum
1453 1906 1577 1941 paene
1591 1906 1615 1930 a
1628 1906 1731 1931 nexu
1742 1906 1833 1931 cum

337 1960 515 1995 corpore,
537 1956 578 1985 et
603 1961 651 1985 ex
677 1949 831 1985 visione
858 1949 1055 1984 inundant
1082 1947 1337 1989 intellecium,
1359 1954 1400 1983 et
1426 1948 1532 1983 fatue
1558 1947 1762 1984 oblectant
1791 1959 1834 1984 se

338 2002 440 2038 sicut
465 2013 515 2037 ex
541 2002 794 2048 possessione
820 2001 1055 2037 universali:
1081 2001 1119 2036 in
1147 2001 1224 2036 hoc
1249 2000 1431 2036 delirium
1455 2000 1686 2036 immittitur
1712 2001 1835 2037 homo

339 2061 431 2101 post
462 2062 644 2095 mortem,
671 2054 738 2100 qui
769 2054 951 2100 spiritum
983 2065 1098 2089 suum
1127 2064 1151 2088 a
1179 2064 1345 2099 corpore
1374 2054 1577 2093 abstraxit,
1603 2060 1644 2089 et
1674 2064 1754 2089 non
1785 2064 1833 2090 ex

337 2108 483 2143 delicio
513 2107 640 2143 delirii
670 2107 798 2142 voluit
829 2107 1034 2147 recedere:
1064 2106 1280 2153 cogitando
1310 2106 1458 2152 aliquid
1489 2117 1537 2141 ex
1566 2106 1758 2153 religione
1783 2107 1834 2142 de

339 2161 453 2196 malis
482 2167 523 2195 et
552 2160 671 2200 falsis,
692 2166 733 2194 et
764 2159 927 2195 minime
957 2159 1105 2205 aliquid
1133 2159 1182 2194 de
1209 2158 1362 2194 effreno
1387 2170 1523 2195 amore
1549 2159 1620 2199 sui,
1646 2160 1755 2205 quod
1781 2159 1833 2195 sit

337 2212 604 2249 destructivus
622 2212 769 2248 amoris
789 2212 828 2247 in
849 2211 1078 2252 Dominum,
1097 2223 1143 2247 ac
1161 2212 1210 2247 de
1228 2211 1381 2247 effreno
1398 2223 1533 2247 amore
1552 2212 1702 2253 mundi,
1721 2213 1831 2259 quod

336 2266 388 2314 sit
405 2264 671 2302 destruCtivus
689 2265 836 2300 amoris
853 2275 946 2311 erga
964 2264 1228 2310 proximum.”

407 2319 529 2356 268.
566 2318 664 2354 Post
682 2318 779 2354 haec
798 2317 1027 2363 supervenit
1045 2317 1159 2352 binos
1177 2317 1341 2363 angelos
1359 2324 1399 2353 et
1417 2328 1576 2364 quoque
1595 2328 1659 2353 me
1677 2317 1834 2354 deside-

337 2371 438 2406 rium
464 2371 626 2407 videndi
654 2371 752 2412 illos,
775 2370 842 2417 qui
871 2371 910 2405 in
940 2370 1265 2416 concupiscentia
1288 2370 1503 2406 visionaria
1527 2382 1597 2406 seu
1625 2371 1834 2417 phantasia

338 2424 601 2470 possessionis
627 2424 805 2459 omnium
833 2434 956 2469 opum
983 2434 1032 2458 ex
1057 2433 1191 2458 amore
1214 2423 1351 2458 mundi
1377 2430 1491 2464 sunt;
1517 2430 1557 2459 et
1583 2423 1833 2470 percepimus

335 2477 444 2523 quod
476 2477 718 2512 desiderium
751 2477 847 2511 illud
885 2476 1143 2522 inspiraretur
1170 2476 1222 2511 ob
1256 2476 1375 2511 finem
1406 2483 1451 2511 ut
1483 2483 1833 2521 cognoscerentur.

339 2530 553 2566 Domicilia
572 2531 730 2565 illorum
749 2537 863 2566 erant
881 2531 954 2565 sub
971 2536 1077 2565 terra
1095 2530 1240 2575 pedum
1260 2536 1500 2570 nostrorum,
1519 2537 1560 2565 at
1578 2541 1697 2576 supra
1714 2529 1833 2566 infer—

336 2595 453 2625 num;
481 2595 602 2630 quare
628 2584 855 2630 aspeximus
881 2594 954 2619 nos
981 2590 1132 2623 mutuo,
1152 2590 1192 2618 et
1218 2583 1402 2622 diximus.
1426 2589 1446 2602 ⁴⁸
1462 2583 1651 2625 Eamus;''
1677 2594 1724 2619 ac
1747 2583 1832 2620 visa

336 2644 398 2673 est
411 2644 607 2684 apertura,
621 2644 662 2673 et
677 2637 729 2672 ibi
743 2638 868 2678 scala3
890 2648 959 2683 per
972 2637 1075 2672 hanc
1088 2637 1390 2677 descendimus:
1415 2644 1456 2672 et
1470 2637 1621 2672 diCtum
1635 2644 1707 2678 est,
1721 2638 1829 2683 quod

337 2691 511 2727 adeundi
530 2691 611 2726 sint
629 2691 679 2726 ab
697 2691 861 2731 oriente,
882 2702 930 2726 ne
950 2690 1143 2725 intremus
1162 2690 1200 2724 in
1216 2690 1393 2725 nimbum
1410 2691 1641 2737 phantasiae
1660 2691 1829 2731 illorum,

336 2755 382 2780 ac
401 2744 675 2780 inumbremur
692 2745 826 2791 quoad
850 2743 1107 2783 intellectum,
1126 2750 1167 2779 et
1185 2749 1282 2779 tunc
1301 2745 1418 2779 simul
1440 2745 1572 2790 quoad
1592 2744 1735 2780 visum.

410 2797 459 2833 Et
484 2808 576 2834 ecce
597 2798 682 2833 visa
703 2804 763 2833 est
789 2798 931 2832 domus
957 2796 1107 2832 structa
1133 2807 1181 2832 ex
1206 2798 1380 2838 calamis,
1402 2798 1459 2833 sic
1480 2798 1635 2838 rimosa,
1653 2805 1764 2834 stans
1790 2797 1830 2832 in

336 2851 483 2892 nimbo,
502 2851 571 2897 qui
589 2851 692 2886 sicut
709 2850 845 2886 fumus
863 2850 1055 2885 continue
1073 2849 1225 2885 effluxit
1251 2861 1321 2896 per
1338 2850 1458 2886 rimas
1478 2852 1599 2886 trium
1621 2851 1830 2896 parietum.

340 2904 594 2945 latravimus,
613 2910 654 2939 et
671 2904 744 2939 visi
763 2910 856 2939 sunt
870 2903 1158 2953 quinquaginta
1175 2903 1240 2938 hic
1257 2910 1298 2939 et
1311 2904 1600 2951 quinquaginta
1619 2904 1670 2939 ibi
1689 2905 1830 2940 seden-

335 2965 397 2993 tes
415 2969 533 3003 super
552 2957 732 2998 scamnis,
752 2964 792 2992 et
812 2957 938 2992 aversi
960 2958 1009 2992 ab
1030 2957 1183 2991 oriente
1204 2963 1244 2992 et
1271 2957 1435 2993 meridie
1462 2958 1757 3004 prospiciebant
1777 2957 1827 2992 ad

336 3011 585 3047 occidentem
604 3018 644 3047 et
662 3011 996 3057 septentrionem;
1022 3017 1115 3046 ante
1136 3010 1354 3056 quemlibet
1375 3018 1458 3046 erat
1481 3022 1628 3052 mensa,
1649 3018 1689 3046 et
1711 3020 1830 3057 super
