2014 3386
355 341 413 384 66
818 350 1060 383 DELICIAE
1095 350 1399 384 SAPIENTIAE

357 464 445 499 illa:
471 474 607 499 sumus
621 463 703 499 duo
723 473 899 509 corpora,
912 462 980 498 sed
997 473 1076 498 una
1091 462 1245 503 anima:
1271 469 1332 498 est
1351 462 1445 498 unio
1463 462 1567 499 inter
1583 473 1656 498 nos
1673 461 1776 498 sicut
1793 469 1854 500 est

355 517 524 552 duorum
552 516 818 552 tentoriorum
845 515 884 550 in
911 514 1080 561 pectore,
1107 526 1207 561 quae
1231 522 1426 551 vocantur
1449 527 1519 551 cor
1542 522 1583 551 et
1602 516 1760 562 pulmo;
1787 515 1855 552 illa

355 577 417 606 est
435 580 568 605 meum
587 580 657 605 cor
675 575 718 604 et
737 579 814 615 ego
831 579 919 604 sum
939 568 1043 604 illius
1065 570 1222 614 pulmo:
1248 569 1318 604 sed
1339 569 1437 616 quia·
1448 580 1518 615 per
1536 580 1607 604 cor
1626 568 1691 604 hic
1709 568 1855 604 intelli-

353 622 484 669 gimus
511 632 698 662 amorem,
725 628 766 657 et
795 633 866 668 per
892 622 1121 668 pulmonem
1150 622 1393 668 sapientiam,
1420 629 1482 658 est
1510 621 1577 657 illa
1604 625 1717 657 amor
1743 633 1854 658 meae

356 675 583 721 sapientiae,
601 682 642 710 et
667 686 743 722 ego
764 686 852 710 sum
874 674 1066 721 sapientia
1087 675 1191 710 illius
1211 675 1377 716 amoris;
1411 686 1531 721 quare
1555 685 1670 710 amor
1693 675 1780 720 ejus
1804 675 1855 710 ab

356 735 469 764 extra
485 728 645 778 obvelat
663 739 790 763 meam
809 727 1053 773 sapientiam,
1072 734 1112 763 et
1133 727 1327 773 sapientia
1343 739 1431 763 mea
1450 729 1500 763 ab
1523 728 1626 763 intra
1645 727 1749 763 inest
1767 727 1854 773 ejus

355 781 503 816 amori:
530 781 632 821 inde,
651 780 755 817 sicut
772 780 917 821 dixisti,
930 787 992 816 est
1009 781 1240 827 apparentia
1257 781 1422 816 unitatis
1437 781 1656 816 animarum
1677 780 1716 816 in
1735 780 1855 816 facie-

355 835 430 870 bus
448 833 629 869 nostris.''

429 887 480 922 Et
504 893 602 922 tunc
620 886 809 933 quaesivi,
829 886 904 922 “Si
933 885 1024 922 talis
1050 886 1147 922 unio
1174 893 1245 927 est,
1267 898 1361 921 num
1389 886 1495 933 potis
1520 897 1562 922 es
1596 884 1775 933 spectare
1803 886 1853 920 ad

354 939 474 976 aliam
493 940 698 975 mulierem
717 951 836 986 quam
855 940 904 975 ad
926 946 1037 975 tuam
1051 938 1093 975 ?''

429 993 480 1029 Et
497 992 715 1039 respondit,
728 997 748 1011 ‘⁶
763 992 941 1033 Possum,
961 993 1030 1028 sed
1048 992 1141 1038 quia
1154 1003 1255 1027 uxor
1265 991 1377 1027 unita
1394 998 1455 1027 est
1473 1003 1585 1027 meae
1597 991 1762 1033 animae,
1779 1002 1853 1027 nos

355 1110 446 1135 nam
473 1100 569 1134 dum
595 1098 744 1145 aspicio
765 1099 933 1134 aliorum
959 1109 1112 1139 uxores,
1139 1098 1288 1144 aspicio
1315 1098 1400 1133 illas
1426 1109 1496 1143 per
1521 1108 1648 1133 meam
1675 1108 1852 1138 uxorem,

355 1163 475 1198 quam
494 1152 610 1187 unice
628 1163 721 1187 amo
737 1163 744 1192 ;
770 1158 811 1187 et
831 1151 924 1197 quia
943 1151 1041 1186 haec
1059 1162 1149 1186 mea
1169 1150 1438 1197 perceptibilis
1457 1157 1518 1185 est
1538 1149 1718 1185 omnium
1741 1150 1853 1185 incli-

357 1205 563 1241 nationum
577 1216 765 1245 mearum,
779 1211 825 1239 ut
838 1204 1074 1240 intermedia
1088 1204 1224 1251 dirigit
1238 1203 1503 1250 qogitationes
1517 1214 1635 1242 meas,
1649 1209 1691 1238 et
1703 1203 1854 1238 abstra-

356 1258 417 1294 hit
434 1269 554 1294 omne
571 1258 732 1298 discors,
751 1264 792 1293 et
810 1268 890 1293 una
907 1257 1009 1292 indit
1027 1257 1151 1303 frigus
1174 1264 1215 1292 et
1238 1257 1443 1292 horrorem
1462 1267 1533 1302 pro
1551 1255 1661 1291 omni
1680 1255 1852 1295 incasto:

356 1322 478 1357 quare
492 1311 607 1346 nobis
625 1310 690 1346 hic
703 1317 786 1346 tam
801 1310 1044 1356 impossibile
1059 1316 1119 1346 est
1136 1321 1186 1345 ex
1199 1309 1363 1345 libidine
1377 1308 1555 1355 spectare
1569 1308 1742 1355 aliquam
1754 1319 1854 1344 uxo-

358 1376 441 1400 rem
467 1363 655 1406 consocii,
684 1364 787 1399 sicut
811 1371 872 1399 est
902 1362 1078 1409 spectare
1111 1374 1161 1398 ex
1194 1363 1335 1398 umbra
1363 1368 1536 1397 tartarea
1568 1362 1700 1397 lucem
1727 1360 1852 1397 nostri

356 1417 474 1458 caeli;
501 1417 593 1453 ideo
611 1428 685 1452 nec
699 1417 817 1452 datur
832 1417 937 1462 apud
956 1427 1028 1451 nos
1045 1416 1178 1462 aliqua
1196 1415 1284 1450 idea
1298 1414 1560 1461 cogitationis,
1576 1421 1617 1450 et
1635 1413 1765 1449 minus
1781 1413 1852 1449 ali-

358 1481 434 1516 qua
446 1481 525 1505 vox
539 1470 730 1516 loquelae,
746 1480 817 1515 pro
832 1469 1024 1504 illecebris
1037 1468 1184 1504 amoris
1201 1467 1437 1503 libidinosi.''
1480 1467 1571 1503 Non
1586 1467 1718 1513 potuit
1728 1477 1854 1502 enun-

359 1523 455 1558 tiare
473 1522 765 1562 scortationem,
784 1522 878 1567 quia
895 1521 1054 1557 castitas
1071 1521 1168 1556 caeli
1188 1521 1344 1556 illorum
1363 1520 1628 1556 obnitebatur.

429 1576 478 1610 Et
496 1575 597 1610 dixit
617 1575 714 1610 mihi
735 1574 901 1621 angelus
919 1573 1071 1614 duflor,
1091 1573 1251 1609 “Audis
1273 1584 1378 1609 nunc
1398 1573 1596 1619 loquelam
1617 1571 1849 1619 angelorum

357 1628 475 1675 hujus
492 1627 602 1668 caeli,
620 1628 728 1674 quod
748 1627 800 1663 sit
817 1627 975 1673 loquela
992 1626 1218 1673 sapientiae,
1237 1626 1330 1672 quia
1347 1626 1564 1672 loquuntur
1581 1636 1630 1660 ex
1647 1624 1811 1660 causis.''

429 1681 527 1716 Post
548 1681 634 1721 hoc,
647 1679 919 1726 circumspexi,
932 1686 973 1715 et
993 1679 1074 1715 vidi
1095 1679 1394 1715 tabernaculum
1413 1678 1568 1714 illorum
1587 1677 1690 1714 sicut
1702 1677 1853 1713 obduc-

355 1739 441 1768 tum
460 1744 568 1773 auro,
586 1740 628 1768 et
645 1732 831 1779 quaesivi,
852 1738 872 1751 “
884 1732 1002 1768 Unde
1021 1732 1099 1768 hoc
1111 1731 1152 1768 ?''

427 1784 662 1831 Respondit,
675 1784 785 1831 quod
800 1784 852 1820 sit
864 1790 944 1821 “ex
957 1785 1142 1821 flammea
1152 1785 1251 1826 luce,
1267 1795 1368 1832 quae
1384 1784 1638 1820 sicutaurum
1656 1790 1851 1826 coruscat,

356 1837 525 1876 irradiat,
536 1844 577 1872 et
588 1837 746 1884 stringit
756 1838 894 1873 aulaea
903 1837 1144 1873 tabernaculi
1157 1838 1291 1877 nostri,
1305 1838 1398 1872 dum
1413 1838 1451 1872 in
1463 1848 1644 1872 sermone
1656 1837 1706 1873 de
1716 1847 1852 1874 amore

355 1890 568 1936 conjugiali
587 1901 744 1931 sumus:
777 1890 885 1926 calor
903 1890 1009 1926 enim
1036 1901 1058 1925 e
1085 1897 1220 1925 nostro
1238 1890 1331 1930 sole,
1353 1890 1420 1936 qui
1448 1890 1487 1925 in
1509 1901 1581 1925 sua
1600 1889 1772 1925 essentia
1790 1896 1852 1926 est

356 1953 476 1982 amor,
492 1953 533 1978 se
552 1943 677 1978 nudat
694 1949 800 1983 tunc,
815 1954 861 1979 ac
878 1942 996 1990 tingit
1013 1943 1152 1982 lucem,
1168 1953 1269 1988 quae
1288 1943 1327 1977 in
1346 1953 1415 1977 sua
1432 1942 1603 1977 essentia
1620 1949 1680 1977 est
1698 1942 1851 1988 sapien-

356 1995 419 2035 tia,
441 1995 574 2031 colore
600 2006 682 2036 suo,
704 1996 771 2042 qui
793 2003 853 2031 est
872 2007 1036 2036 aureus:
1065 2002 1107 2031 et
1132 1995 1209 2031 hoc
1234 1995 1288 2036 fit.
1311 1995 1403 2041 quia
1422 2006 1534 2030 amor
1553 1994 1786 2041 conjugialis
1812 1994 1850 2030 in

357 2059 426 2084 sua
445 2048 596 2094 origine
618 2055 679 2084 est
699 2049 817 2084 ludus
837 2049 1052 2095 sapientiae
1073 2056 1114 2084 et
1133 2048 1290 2088 amoris,
1311 2048 1372 2083 vir
1392 2048 1497 2083 enim
1518 2055 1633 2083 natus
1653 2054 1714 2083 est
1734 2053 1780 2082 ut
1799 2047 1850 2083 sit

358 2101 559 2146 sapientia,
581 2112 627 2137 ac
651 2101 798 2137 femina
823 2109 868 2137 ut
893 2102 944 2137 sit
964 2113 1076 2137 amor
1095 2101 1309 2147 sapientiae
1331 2101 1422 2141 viri;
1458 2101 1549 2136 inde
1570 2107 1663 2136 sunt
1685 2099 1850 2136 deliciae

357 2153 469 2189 istius
489 2154 572 2188 ludi
594 2154 633 2189 in
654 2165 787 2190 amore
805 2154 1020 2201 conjugiali
1041 2161 1082 2190 et
1102 2165 1151 2190 ex
1172 2154 1239 2190 illo
1258 2154 1360 2189 inter
1377 2165 1449 2189 nos
1466 2160 1507 2189 et
1525 2164 1667 2189 uxores
1684 2159 1850 2188 nostras.

359 2206 440 2242 Nos
461 2206 526 2242 hic
547 2217 617 2253 per
642 2207 765 2243 millia
781 2219 975 2243 annorum
995 2207 1277 2254 perspeximus,
1296 2207 1404 2253 quod
1423 2206 1586 2242 deliciae
1611 2205 1700 2241 illae
1717 2205 1849 2251 quoad

354 2259 520 2305 copiam,
541 2260 719 2306 gradum,
741 2267 783 2296 et
803 2260 1005 2301 virtutem,
1027 2266 1272 2306 praestantes
1297 2266 1338 2295 et
1362 2259 1583 2295 eminentes
1604 2258 1684 2293 sint
1709 2268 1848 2292 secun—

355 2313 451 2347 dum
469 2312 621 2347 cultum
642 2312 803 2348 Domini
820 2313 992 2361 Jehovih
1010 2313 1115 2359 apud
1134 2323 1217 2352 nos,
1236 2323 1258 2348 e
1276 2323 1356 2358 quo
1374 2311 1553 2347 caelestis
1572 2311 1637 2346 illa
1655 2310 1760 2350 unio,
1780 2320 1849 2346 seu

355 2365 524 2401 caeleste
544 2365 639 2400 illud
659 2366 901 2412 conjugium,
919 2366 1028 2412 quod
1047 2373 1108 2401 est
1127 2365 1273 2401 amoris
1286 2372 1327 2400 et
1345 2364 1569 2411 sapientiae,
1589 2363 1754 2398 influit.”

428 2417 503 2453 His
517 2417 644 2458 dictis,
658 2418 739 2453 vidi
755 2419 882 2454 lucem
899 2430 1080 2465 magnam
1096 2429 1213 2465 super
1226 2418 1326 2454 colle
1345 2417 1384 2453 in
1404 2417 1537 2453 medio
1551 2416 1654 2451 inter
1667 2416 1849 2451 taberna-

358 2471 468 2510 cula:
493 2477 534 2506 et
551 2471 740 2517 quaesivi,
760 2471 910 2507 “Unde
930 2472 995 2507 illa
1011 2472 1079 2506 lux
1091 2471 1130 2507 ?”

427 2523 549 2564 Dixit,
569 2529 589 2542 ‘⁴
605 2524 674 2559 Est
691 2535 739 2559 ex
758 2523 981 2560 sanctuario
998 2523 1240 2560 tabernaculi
1259 2522 1383 2559 nostri
1400 2521 1566 2558 cultus.”

428 2577 478 2612 Et
512 2576 761 2623 interrogavi,
789 2589 883 2612 num
909 2577 1026 2612 liceat
1050 2577 1257 2617 accedere;
1291 2583 1332 2611 et
1365 2575 1476 2615 dixit.
1503 2573 1608 2620 quod
1635 2573 1774 2609 liceat:
1807 2579 1849 2609 et

354 2629 511 2670 accessi,
530 2636 571 2665 et
587 2630 670 2665 vidi
687 2630 984 2665 tabernaculum
1002 2637 1115 2665 extra
1131 2636 1172 2664 et
1190 2629 1293 2664 intra
1310 2628 1525 2663 secundum
1541 2626 1846 2672 descriptionem

355 2693 515 2729 prorsus
535 2682 663 2718 simile
680 2683 944 2722 tabernaculo,
964 2683 1071 2728 quod
1096 2692 1167 2728 pro
1189 2679 1279 2716 filiis
1299 2680 1452 2716 Israelis
1473 2679 1511 2714 in
1533 2679 1691 2715 deserto
1712 2678 1848 2714 aedifi-

354 2742 484 2772 catum
505 2742 576 2775 est,
591 2735 703 2781 cujus
721 2734 848 2770 forma
867 2735 968 2770 Mosi
984 2745 1101 2780 super
1120 2734 1259 2769 Monte
1275 2733 1381 2769 Sinai
1397 2738 1614 2768 monstrata
1631 2738 1692 2767 est
1708 2731 1846 2776 (Exod.

355 2800 444 2824 xxv.
462 2798 532 2831 40;
557 2799 640 2834 cap.
660 2788 763 2823 xxvi.
783 2789 857 2832 30).
908 2788 959 2823 Et
976 2787 1163 2834 quaesivi,
1183 2792 1203 2805 ‘¹
1216 2785 1322 2833 Quid
1342 2785 1449 2820 intus
1470 2785 1508 2820 in
1527 2783 1750 2820 sanctuario
1768 2783 1846 2824 illo,

355 2842 462 2877 unde
480 2848 592 2877 tanta
611 2839 732 2876 1ux?''

427 2894 478 2929 Et
498 2893 712 2940 respondit,
735 2898 755 2912 ‘⁴
770 2893 839 2928 Est
859 2892 1003 2932 tabula,
1022 2892 1084 2928 cui
1107 2890 1311 2937 inscriptio
1331 2897 1401 2932 est,
1425 2889 1583 2926 Foedus
1605 2889 1708 2925 inter
1725 2888 1846 2937 Jeho-

354 2957 443 2983 vam
463 2953 504 2982 et
522 2946 698 2983 Caelos.”
745 2945 863 2981 Plura
883 2944 961 2980 non
981 2945 1093 2980 dixit.

428 3000 479 3036 Et
495 3000 588 3047 quia
604 3006 700 3035 tunc
721 2998 760 3035 in
778 2997 956 3035 accinctu
975 2996 1146 3033 abeundi
1165 3007 1332 3038 eramus,
1349 2996 1536 3043 quaesivi,
1556 3001 1577 3015 ‘¹
1589 2995 1693 3032 Num
1711 2993 1843 3041 aliqui.
