2014 3386
569 358 636 391 DE
669 357 852 391 AMORE
882 357 1307 403 CONJUGIAL1.-N.
1337 364 1430 407 373·
1670 368 1748 411 291

248 470 452 526 jugialzls·
476 466 723 522 dividatur,
750 479 793 514 et
816 473 880 514 sic
901 473 1269 527 pereat—Omni
1294 477 1437 518 amori
1468 477 1587 520 inest
1610 479 1752 521 <timor

253 542 302 577 et
332 536 488 588 dolor3
520 537 657 578 timor
682 550 739 578 ne
767 545 940 590 pereat,
966 546 1014 580 et
1046 539 1178 581 dolor
1207 542 1243 582 si
1275 542 1418 595 perit:
1462 543 1605 584 simile
1632 544 1751 586 inest

252 599 396 640 amori
417 599 659 653 conjugiali
677 614 686 652 ;
719 601 800 642 sed
823 602 960 643 timor
980 608 1027 644 et
1050 602 1182 644 dolor
1203 603 1296 657 ejus
1318 611 1509 646 vocatur
1526 606 1648 647 zelus
1670 614 1750 649 aut

252 662 495 716 zelotypia.
557 662 694 716 Quod
726 664 855 705 zelus
880 664 957 706 ille
988 666 1108 720 apud
1140 667 1371 721 conjuges,
1405 669 1478 722 qui
1512 683 1560 710 se
1592 676 1750 717 tenere

251 733 422 776 amant,
451 727 510 768 sit
536 726 684 781 justus
716 734 762 769 et
803 742 862 770 ex
904 743 1016 771 sana
1046 730 1238 781 ratione,
1266 738 1338 773 est
1378 733 1482 786 quia
1514 733 1646 775 simul
1678 741 1750 776 est

251 791 389 832 timor
419 804 501 844 pro
527 790 704 845 jactura
730 798 946 834 aeternae
971 793 1213 844 felicitatis,
1243 808 1334 837 non
1361 796 1500 838 modo
1526 810 1633 839 suae
1666 799 1747 839 sed

249 855 390 896 etiam
415 854 636 909 conjugis,
665 862 711 897 et
743 857 846 910 quia
871 857 1010 898 etiam
1037 864 1108 900 est
1140 864 1350 901 tutamen
1378 867 1541 902 contra
1566 861 1747 903 adulte·

249 919 376 960 rium.
438 917 574 972 Quod
607 920 800 973 primum
833 921 1018 970 attinet,
1052 922 1174 975 quod
1212 923 1271 964 sit
1310 922 1457 976 justus
1489 925 1626 966 timor
1666 939 1748 979 pro

244 980 419 1036 jaftura
451 989 666 1024 aeternae
698 983 929 1025 felicitatis
960 998 1067 1026 suae
1113 991 1160 1027 et
1202 985 1419 1040 conjugis,
1454 988 1655 1041 sequitur
1686 1003 1746 1030 ex

249 1046 474 1095 omnibus,
508 1060 623 1100 quae
656 1046 713 1088 de
754 1060 909 1089 amore
941 1062 1047 1089 vere
1078 1048 1321 1103 conjugiali
1353 1049 1573 1092 hactenus
1605 1051 1749 1093 allata

248 1116 384 1161 sunt;
417 1116 465 1151 et
491 1124 552 1151 ex
577 1109 661 1159 his,
689 1111 810 1164 quod
837 1125 896 1152 ex
923 1111 1002 1152 illo
1027 1124 1180 1154 amore
1207 1114 1265 1154 sit
1291 1115 1540 1156 animarum
1567 1115 1747 1156 illorum

247 1173 501 1223 beatitudo,
521 1175 747 1216 mentium
769 1174 949 1216 illorum
966 1175 1192 1225 faustitas,
1213 1175 1448 1230 pectorum
1466 1178 1744 1232 jucunditas,

247 1245 295 1280 et
321 1251 562 1292 corporum
588 1237 827 1291 voluptas;
860 1245 908 1280 et
934 1240 1037 1293 quia
1063 1239 1175 1281 haec
1203 1241 1288 1282 illis
1315 1242 1358 1282 in
1386 1249 1622 1284 aeternum
1650 1256 1746 1285 ma-

247 1309 374 1351 nent,
402 1308 472 1343 est
499 1302 636 1343 timor
658 1302 888 1356 utriusque
913 1302 1143 1345 felicitatis
1169 1311 1398 1347 aeternae.
1461 1305 1596 1359 Quod
1623 1306 1747 1348 zelus

246 1366 325 1407 ille
356 1366 415 1406 sit
442 1364 612 1418 justum
639 1370 848 1406 tutamen
881 1372 1044 1408 contra
1068 1366 1307 1417 adulteria,
1336 1375 1493 1422 patet;
1535 1370 1640 1411 inde
1672 1376 1747 1412 est

247 1430 364 1481 sicut
395 1429 514 1482 ignis
546 1435 708 1470 contra
739 1429 1035 1471 violationem
1063 1430 1320 1485 efflagrans
1349 1439 1395 1474 et
1429 1439 1591 1474 contra
1621 1433 1746 1475 illam

247 1507 296 1535 se
327 1499 496 1534 tutans.
557 1492 633 1533 Ex
663 1492 734 1534 his
766 1500 965 1543 constat,
994 1494 1114 1548 quod
1142 1496 1215 1549 qui
1246 1502 1403 1537 tenere
1434 1502 1559 1537 amat
1592 1497 1746 1550 conju·

246 1569 367 1611 gem,
401 1557 541 1598 etiam
582 1555 824 1610 zelotypus
864 1557 936 1607 sit,
970 1563 1018 1598 at
1059 1558 1309 1599 secundum
1350 1559 1624 1613 sapientiam
1664 1561 1746 1602 viri

242 1620 390 1675 justus
415 1625 462 1660 et
489 1632 638 1660 sanus.

330 1693 455 1738 372.
491 1681 675 1725 Diffium
693 1689 778 1732 est,
795 1684 915 1738 quod
933 1685 1075 1726 amori
1093 1684 1335 1739 conjugiali
1354 1686 1515 1728 insitus
1534 1688 1592 1728 sit
1610 1687 1748 1729 timor

247 1762 305 1790 ne
336 1748 576 1796 dividatur,
610 1760 662 1788 ac
694 1747 826 1789 dolor
862 1761 920 1789 ne
951 1755 1124 1802 pereat,
1159 1755 1206 1790 et
1236 1750 1358 1803 quod
1391 1750 1514 1791 zelus
1546 1750 1639 1803 ejus
1681 1752 1741 1794 sit

248 1812 365 1854 sicut
390 1811 507 1865 ignis
534 1817 695 1852 contra
721 1810 1031 1853 violationem.
1094 1812 1163 1854 De
1195 1812 1265 1853 his
1291 1814 1522 1867 quondam
1549 1815 1746 1856 medita-

249 1882 338 1925 tus,
357 1874 635 1928 interrogavi
657 1874 847 1928 angelos
870 1874 1043 1916 zelotes
1066 1875 1122 1917 de
1142 1875 1251 1917 sede
1274 1876 1545 1930 zelotypiae.
1598 1877 1745 1920 Dixe-

247 1945 367 1988 runt,
387 1938 508 1992 quod
526 1939 584 1979 sit
602 1938 646 1979 in
663 1937 900 1980 intellectu
917 1939 1012 1988 viri,
1032 1939 1106 1993 qui
1124 1939 1284 1992 recipit
1302 1953 1504 1981 amorem
1524 1940 1744 1995 conjugis,

249 2009 297 2044 et
328 2002 548 2050 redamat,
577 2007 624 2043 et
655 2002 776 2055 quod
809 2002 1006 2056 qualitas
1037 2001 1131 2055 ejus
1162 2002 1223 2043 ibi
1255 2003 1314 2044 sit
1346 2004 1594 2044 secundum
1627 2006 1747 2058 sapi-

249 2067 421 2108 entiam
462 2065 606 2106 illius:
653 2065 911 2119 inquierunt
951 2066 1106 2115 etiam,
1148 2067 1268 2120 quod
1310 2067 1539 2121 zelotypia
1579 2068 1747 2122 aliquid

250 2142 490 2171 commune
516 2128 686 2170 habeat
713 2141 815 2169 cum
841 2128 1029 2178 honore,
1057 2129 1131 2184 qui
1157 2130 1296 2170 etiam
1323 2130 1442 2171 inest
1468 2132 1609 2172 amori
1635 2145 1747 2173 con-

245 2192 419 2246 jugiali,
462 2204 567 2233 nam
609 2192 682 2246 qui
723 2198 851 2234 amat
892 2191 1149 2246 conjugem,
1189 2194 1326 2234 etiam
1367 2193 1564 2235 honorat
1605 2194 1744 2236 illam.

251 2255 387 2310 Quod
420 2255 542 2297 zelus
573 2255 692 2309 apud
723 2256 866 2297 virum
898 2256 942 2297 in
974 2254 1213 2298 intellectu
1244 2256 1337 2310 ejus
1369 2257 1582 2306 resideat,
1611 2258 1745 2299 dixe-

249 2325 355 2361 runt
394 2318 512 2360 hanc
553 2331 750 2368 causam,
784 2319 889 2373 quia
928 2332 1056 2361 amor
1087 2319 1355 2373 conjugialis
1388 2327 1534 2361 semet
1566 2327 1746 2362 tutatur

250 2397 331 2438 per
352 2380 648 2431 intellectum,
668 2382 783 2424 sicut
805 2383 974 2423 bonum
998 2396 1078 2436 per
1099 2395 1255 2424 verum
1273 2397 1282 2433 ;
1309 2383 1374 2424 ita
1395 2397 1512 2424 uxor
1534 2383 1611 2424 illa
1632 2397 1746 2437 quae

250 2459 352 2488 cum
375 2446 470 2486 viro
493 2446 750 2486 communia
771 2452 892 2495 sunt,
916 2459 996 2499 per
1018 2446 1255 2497 maritum
1283 2452 1330 2487 et
1356 2446 1475 2500 quod
1499 2446 1602 2487 ideo
1624 2445 1747 2487 zelus

250 2509 412 2550 insitus
448 2508 566 2557 viris,
599 2522 651 2550 ac
689 2522 769 2562 per
798 2509 919 2550 viros
953 2516 999 2551 et
1037 2516 1223 2562 propter
1257 2509 1377 2550 viros
1416 2509 1607 2550 feminis.
1667 2508 1746 2549 Ad

251 2572 658 2625 interrogationem
684 2572 728 2613 in
755 2586 843 2626 qua
867 2573 1054 2626 regione
1080 2573 1247 2613 mentis
1272 2573 1391 2626 apud
1414 2573 1534 2614 viros
1560 2572 1745 2621 residet,

251 2636 584 2689 responderunt
615 2635 659 2676 in
691 2635 841 2676 anima
879 2635 1073 2684 illorum,
1102 2636 1206 2689 quia
1245 2637 1383 2677 etiam
1424 2642 1494 2677 est
1535 2641 1745 2676 tutamen

253 2705 414 2741 contra
435 2698 672 2746 adulteria,
693 2703 739 2739 et
766 2699 869 2752 quia
889 2698 1001 2740 haec
1025 2698 1334 2752 principaliter
1356 2698 1597 2739 destruunt
1619 2710 1746 2739 amo-

253 2772 348 2801 rem
375 2757 706 2813 conjugialem3
739 2761 860 2814 quod
886 2759 1147 2802 intellectus
1178 2761 1259 2802 viri
1290 2762 1334 2802 in
1366 2761 1575 2815 periculis
1602 2760 1746 2801 viola-

254 2823 392 2866 tionis
417 2823 690 2871 indurescat,
719 2829 765 2864 et
790 2822 869 2865 fiat
895 2824 1011 2865 sicut
1037 2837 1177 2865 cornu
1202 2823 1365 2865 feriens
1390 2823 1661 2865 adulterum.

338 2894 467 2939 373·
511 2885 598 2940 (x.)
646 2885 775 2936 Quod
806 2886 1024 2941 zelotypia
1058 2886 1186 2940 apud
1217 2887 1434 2941 conjuges,
1473 2886 1552 2939 qui
1579 2899 1626 2926 se
1663 2897 1747 2926 non

249 2955 420 2998 amant,
437 2949 499 2990 sz't
512 2955 700 3002 propter
709 2949 864 3002 plures
880 2963 1040 2991 causas
1050 2965 1070 2999 ‚·
1101 2956 1152 2991 at
1166 2950 1292 3003 apud
1302 2949 1516 3003 quosdam
1541 2963 1597 2989 ex
1612 2947 1748 2990 varia

256 3012 533 3066 aegritudine
556 3011 979 3063 mentis.—Causae‚
1007 3019 1194 3067 propter
1220 3027 1330 3067 quas
1356 3012 1571 3066 conjuges
1597 3012 1669 3067 qui
1696 3025 1745 3054 se
