2014 3386
336 385 424 429 244
801 385 1043 418 ΒΕῑᾸΟΙΑΕ
1076 385 1378 418 ΞΑΡΙΕΝΊῚΑΕ

419 510 549 555 314.
592 498 758 555 (xviii.)
795 499 912 552 Quia
939 501 1049 541 ordo
1080 501 1217 542 datur
1248 505 1534 551 successivus,
1561 507 1604 543 et
1632 502 1739 544 ordo
1767 501 1831 545 si-

334 563 597 613 multaneus,
630 570 672 605 et
702 563 774 604 laic
807 570 875 605 est
907 578 963 604 ex
992 563 1069 604 illo
1099 570 1142 604 et
1177 565 1411 605 secundum
1445 564 1750 607 illum—Hoc
1782 572 1832 621 ut

334 640 472 668 causa
498 626 816 669 confirmativa
847 627 1222 680 praecedentium
1253 628 1505 669 adducitur.
1567 628 1702 681 Quod
1728 643 1830 671 suc-

333 691 564 732 cessivum·
586 691 659 740 sit,
687 697 735 732 et
761 691 882 745 quod
915 690 1252 740 simultaneum,
1281 698 1441 732 notum
1468 698 1565 743 est;
1597 692 1678 733 sed
1710 693 1830 747 quod

333 754 447 795 ordo
478 753 776 794 simultaneus
816 754 875 795 sit
915 767 975 794 ex
1016 754 1290 803 successivo,
1323 760 1370 795 et
1402 755 1652 796 secundum
1693 755 1828 806 hunc,

331 817 542 870 ignotum
564 822 634 858 est
654 831 663 868 ;
697 823 769 857 ast
788 816 1020 870 quomodo
1037 817 1295 858 successiva
1317 831 1366 858 se
1388 817 1583 859 inferunt
1606 819 1651 860 in
1674 819 1829 860 simul-

331 887 483 928 tanea‚
526 886 573 922 et
614 879 795 934 qualem
840 880 901 921 ibi
943 880 1149 921 ordinem
1193 879 1408 930 formant,
1450 895 1668 935 perquam
1713 881 1829 923 diffi-

331 942 416 984 cile
443 949 514 984 est
541 944 702 984 sistere
735 943 792 984 ad
825 944 1183 997 perceptionem,
1211 944 1424 997 quoniam
1451 946 1653 986 nondum
1679 944 1832 1000 aliqua.

330 1007 434 1047 idea
459 1007 711 1048 inserviens
738 1006 1034 1047 elucidationi
1060 1007 1117 1048 de
1141 1020 1197 1047 eo
1218 1007 1338 1060 apud
1364 1008 1563 1049 eruditos
1585 1009 1744 1050 adest:
1778 1015 1826 1050 et

331 1071 435 1125 quia
475 1071 620 1124 prima
659 1070 762 1111 idea
802 1070 859 1111 de
898 1070 985 1111 hoc
1027 1084 1195 1111 arcano
1235 1084 1328 1111 non
1370 1077 1527 1125 potest
1568 1071 1718 1113 inferri
1748 1086 1829 1127 per

330 1147 489 1188 pauca,
517 1147 569 1175 ac
597 1133 691 1174 fuse
718 1133 790 1174 hic
817 1133 977 1174 inferre
1000 1133 1141 1182 illam,
1166 1133 1454 1175 abstraheret
1480 1141 1660 1176 mentes
1681 1149 1709 1177 a
1729 1136 1827 1177 visu

329 1197 544 1250 apertiori
575 1196 632 1237 de
664 1210 818 1238 amore
850 1196 1108 1250 conjugiali,
1142 1198 1252 1238 satis
1289 1197 1347 1238 ad
1384 1197 1700 1240 illustrandum
1732 1212 1827 1240 ser-

328 1261 422 1301 vire
456 1266 648 1314 possunt
679 1259 757 1300 illa
789 1274 904 1314 quae
936 1260 992 1301 de
1025 1260 1140 1301 binis
1173 1261 1262 1302 illis
1294 1261 1540 1311 ordinibus,
1568 1263 1826 1306 successivo

329 1329 376 1364 et
407 1323 707 1372 simultaneo,.
732 1329 779 1364 et
819 1324 876 1364 de
917 1323 1090 1364 influxu
1130 1324 1248 1365 illius
1280 1325 1324 1365 in
1364 1324 1500 1373 hunc,
1533 1325 1577 1366 in
1608 1325 1828 1368 Doarina

330 1387 486 1428 Novae
504 1386 842 1440 Hierosolymam
861 1385 914 1428 de
939 1387 1178 1440 Scriptura
1200 1387 1355 1438 Sacra,
1382 1389 1426 1429 in
1453 1389 1727 1443 compendio
1757 1389 1826 1432 al·

329 1450 424 1491 lata
446 1456 567 1500 sunt,
595 1451 669 1491 ubi
695 1450 807 1492 haec
825 1464 895 1491 2-—

399 1544 420 1558 “
437 1539 564 1575 Datur
582 1540 621 1574 in
643 1540 754 1575 caelo
776 1547 816 1575 et
838 1540 877 1575 in
900 1541 1053 1576 mundo
1073 1541 1174 1576 ordo
1195 1541 1445 1577 successivus
1465 1547 1507 1577 et
1527 1542 1628 1577 ordo
1645 1541 1826 1578 simulta-

328 1598 437 1623 neus.
490 1587 535 1622 In
553 1587 698 1622 ordino
715 1588 942 1623 successivo
956 1588 1138 1634 sequitur
1151 1600 1274 1623 unum
1294 1596 1385 1635 post
1403 1589 1571 1625 alterum
1589 1601 1614 1625 a
1630 1590 1826 1636 supremis

327 1645 456 1680 usque
474 1634 522 1669 ad
546 1634 702 1676 infima:
730 1635 769 1669 in
791 1635 931 1670 ordine
952 1642 1085 1670 autern
1105 1636 1347 1672 simultaneo
1365 1643 1426 1672 est
1447 1648 1570 1672 unum
1596 1637 1710 1683 juxta
1726 1638 1825 1674 alte-

327 1693 414 1716 rum
429 1683 478 1717 ab
494 1681 645 1717 intimis
660 1693 787 1728 usque
800 1683 851 1718 ad
866 1682 1026 1718 extima.
1061 1682 1173 1718 Ordo
1187 1684 1434 1719 successivus
1448 1690 1509 1719 est
1523 1684 1626 1720 sicut
1639 1684 1826 1720 columna

327 1740 417 1764 cum
431 1729 619 1776 gradibus
633 1740 656 1764 a
669 1741 829 1765 summo
847 1730 897 1765 ad
917 1730 1040 1765 imum
1053 1742 1060 1771 ;
1086 1737 1128 1765 at
1142 1731 1243 1766 ordo
1256 1731 1517 1766 simultaneus
1532 1738 1593 1767 est
1607 1731 1710 1767 sicut
1723 1742 1825 1777 opus

326 1776 544 1812 cohaerens
563 1787 586 1812 a
603 1783 742 1812 centro
760 1777 809 1812 ad
828 1777 1092 1823 superficiem.
1144 1778 1256 1813 Ordo
1277 1777 1526 1814 successivus
1553 1778 1598 1814 fit
1620 1779 1659 1813 in
1681 1778 1823 1815 ultimo

326 1823 588 1859 simultaneus
618 1824 696 1859 hoc
727 1824 869 1860 modo:
907 1835 1094 1870 suprema
1120 1825 1271 1860 ordinis
1301 1825 1516 1860 successivi
1546 1825 1648 1860 fiunt
1682 1825 1823 1862 intima

326 1871 478 1906 ordinis
493 1870 744 1912 simultanei.;
770 1882 816 1906 ac
835 1871 970 1907 infima
987 1872 1138 1907 ordinis
1156 1872 1368 1908 successivi
1388 1872 1488 1907 fiunt
1506 1872 1655 1907 extima
1671 1872 1823 1908 ordinis

326 1918 574 1959 simultanei;
600 1925 662 1953 est
687 1919 956 1964 comparative
983 1919 1085 1954 sicut
1110 1919 1297 1954 columna
1322 1920 1515 1965 graduum
1543 1920 1753 1955 subsidens
1778 1919 1824 1956 fit

325 1975 468 2010 corpus
483 1965 701 2000 cohaerens
717 1965 756 2000 in
772 1966 903 2011 plano.
951 1966 1011 2000 Ita
1025 1965 1220 2001 formatur
1233 1967 1515 2002 simultaneum
1530 1978 1554 2002 a
1567 1967 1823 2007 successivis:

325 2019 367 2048 et
393 2013 470 2047 hoc
500 2013 539 2047 in
567 2013 752 2048 omnibus
773 2019 814 2048 et
835 2012 1001 2058 singulis
1027 2013 1164 2048 mundi
1191 2014 1415 2059 spiritualis,
1437 2024 1482 2048 ae
1505 2014 1543 2048 in
1571 2014 1756 2050 omnibus
1781 2021 1823 2050 et

325 2060 491 2106 singulis
514 2060 652 2094 mundi
679 2060 908 2095 naturaliS.’'
969 2059 1180 2105 (Videatur
1202 2061 1254 2096 ibi
1277 2072 1314 2096 n.
1338 2061 1392 2105 38,
1411 2061 1478 2105 65:
1504 2068 1546 2096 et
1567 2061 1751 2107 perplura
1771 2062 1823 2097 de

326 2107 387 2142 his
414 2107 454 2142 in
483 2108 686 2153 Sapientia
703 2107 894 2153 Angelica
914 2106 961 2142 de
979 2107 1129 2142 Divino
1147 2109 1292 2143 Amore
1310 2112 1347 2142 et
1370 2109 1524 2143 Divina
1548 2109 1765 2154 Sapientia,
1783 2120 1821 2145 n.

327 2155 518 2199 205-229.)

325 2235 482 2277 Simile
514 2241 585 2277 est
618 2248 720 2277 cum
753 2235 910 2276 ordine
942 2235 1202 2276 successivo
1234 2235 1291 2276 ad
1324 2235 1596 2290 conjugium,
1630 2242 1677 2278 et
1718 2249 1820 2278 cum

326 2300 484 2340 ordine
510 2298 787 2340 simultaneo
818 2299 861 2339 in
894 2298 1130 2352 conjugi03
1164 2299 1380 2340 videlicet
1412 2300 1533 2353 quod
1565 2299 1636 2341 hic
1669 2300 1727 2342 sit
1759 2314 1820 2341 ex

325 2363 419 2411 illo,
448 2370 494 2404 et
522 2362 770 2403 secundum
802 2361 943 2403 illum.
1005 2361 1092 2415 Qui
1124 2361 1344 2403 influxum
1377 2363 1546 2403 ordinis
1578 2363 1821 2404 successivi

325 2427 369 2466 in
388 2425 713 2466 simultaneum
732 2426 874 2473 novit,
894 2431 1050 2478 potest
1073 2425 1463 2478 comprehendere
1481 2438 1680 2474 causam,
1699 2426 1820 2480 quod

325 2489 477 2542 angeli
505 2490 548 2530 in
576 2502 713 2530 manu
738 2489 934 2529 hominis
960 2488 1136 2542 possint
1163 2489 1318 2529 videre
1350 2502 1509 2530 omnes
1536 2489 1701 2530 mentis
1726 2488 1820 2542 ejus

325 2553 635 2605 cogitationes
675 2557 722 2593 et
762 2552 1068 2592 intentiones:
1110 2557 1158 2592 et
1190 2565 1368 2605 quoque
1399 2551 1520 2605 quod
1560 2565 1728 2593 uxores
1759 2565 1819 2592 ex

325 2615 533 2656 manibus
556 2616 821 2656 maritorum
849 2628 982 2668 super
1008 2614 1097 2655 suis
1129 2612 1390 2667 pectoribus
1414 2615 1618 2656 sentiant
1639 2614 1818 2655 illorum

324 2677 601 2728 affectiones,
635 2678 759 2731 cujus
791 2679 854 2719 rei
886 2678 1060 2719 mentio
1091 2677 1333 2732 aliquoties
1369 2679 1414 2719 in
1447 2676 1819 2719 Memorabilibus

323 2740 443 2783 facta
474 2747 572 2793 est;
604 2742 723 2782 ratio
754 2748 841 2791 est,
874 2742 978 2795 quia
1009 2754 1170 2781 manus
1203 2747 1309 2782 sunt
1341 2741 1502 2782 ultima
1533 2739 1741 2790 hominis,
1773 2740 1819 2781 in

324 2818 439 2859 quae
465 2804 830 2845 determinantur
855 2803 1080 2846 ventilata
1111 2808 1157 2845 et
1187 2803 1405 2845 conclusa
1436 2803 1604 2845 mentis
1629 2802 1737 2856 ejus,
1764 2814 1817 2844 ac

324 2869 385 2910 ibi
406 2868 576 2909 faciunt
599 2867 948 2909 simultaneum:
981 2866 1086 2909 ideo
1102 2867 1242 2908 etiarn
1264 2867 1309 2908 in
1327 2866 1484 2909 Verbo
1501 2867 1678 2917 dicitur,
1697 2865 1817 2921 quod

323 2931 590 2986 inscriptum
616 2931 675 2973 sit
701 2931 923 2973 manibus.
