2014 3386
511 339 578 372 DE
611 338 791 371 AMORE
822 336 1249 380 coNJUG1ALL—N.
1282 314 1373 381 176.
1619 346 1693 385 145

196 453 322 507 fungi
359 451 516 494 officiis
547 453 759 501 virorum,
794 451 933 493 modo
965 465 991 492 a
1022 451 1166 505 prima
1197 456 1353 492 aetate
1385 451 1622 492 initientur
1652 452 1698 493 in

194 518 287 566 illa,
311 517 696 572 quemadmodum
719 517 869 570 pueri;
902 516 982 557 sed
1009 522 1202 570 possunt
1229 516 1273 556 in
1300 515 1696 557 exercitiumillo·

194 594 308 630 rum,
342 593 432 622 non
465 587 618 621 autem
649 580 695 621 in
731 579 962 633 judicium,
991 593 1018 620 a
1048 593 1138 633 quo
1176 578 1427 620 officiorum
1468 578 1697 620 reetitudo

193 644 381 685 interius
400 643 631 697 dependet
653 657 662 694 ;
695 649 974 697 quapropter
996 642 1101 683 illae
1124 641 1349 691 mulieres,
1370 656 1484 695 quae
1507 643 1551 683 in
1575 644 1694 684 viro-

193 721 290 748 rum
318 707 465 748 officia
490 708 700 748 initiatae
727 714 849 755 sunt,
878 713 1096 748 tenentur
1118 706 1162 747 in
1189 706 1322 746 rebus
1349 705 1502 759 judicii
1529 720 1694 747 consu-

193 771 287 812 lere
312 771 447 820 viros,
476 777 523 812 et
545 776 652 811 tunc
679 785 739 811 ex
765 770 947 812 illorum
973 769 1188 818 consiliis,
1217 770 1253 810 si
1281 770 1346 809 sui
1373 770 1545 810 arbitrii
1571 776 1694 819 sunt,

191 833 370 887 eligunt
392 834 512 888 quod
534 834 658 875 favet
679 834 823 875 amori
845 847 940 874 suo.
1003 833 1286 874 Autumatur
1303 834 1444 873 etiam
1467 847 1492 873 a
1510 834 1693 887 quibus-

191 897 313 946 dam,
332 897 454 951 quod
477 897 687 939 mulieres
709 911 853 951 aeque
875 897 1053 950 possint
1069 896 1250 937 elevare
1268 898 1412 937 aciem
1431 895 1694 938 intellectus

189 961 257 1001 sui
288 961 332 1001 in
365 960 607 1014 sphaeram
640 961 767 1010 lucis,
798 961 843 1001 in
875 973 1011 1014 quam
1042 960 1139 1009 viri,
1173 974 1225 1001 ac
1258 961 1514 1013 perspicere
1546 974 1617 1001 res
1649 961 1693 1000 in

191 1024 353 1065 eadem
380 1023 651 1074 altitudine;
684 1038 799 1078 quae
822 1024 974 1077 opinio
999 1022 1184 1064 induGta
1211 1030 1281 1064 est
1305 1023 1394 1064 illis
1421 1038 1500 1077 per
1522 1024 1694 1077 scripta

190 1101 216 1128 a
242 1087 512 1140 quibusdam
543 1088 732 1129 eruditis
764 1088 994 1138 camenis;
1027 1087 1107 1128 sed
1139 1087 1253 1128 haec
1284 1087 1330 1128 in
1362 1088 1533 1128 mundo
1564 1088 1693 1141 spiri-

190 1150 304 1192 tuali
345 1151 388 1191 in
430 1152 690 1204 praesentia
729 1150 907 1192 illarum
948 1150 1207 1204 explorata,
1241 1151 1430 1192 inventa
1462 1157 1568 1192 sunt
1601 1164 1693 1191 non

186 1213 341 1268 judicii
364 1220 410 1255 et
431 1215 695 1268 sapientiae,
720 1215 801 1255 sed
827 1215 998 1268 ingenii
1021 1221 1069 1256 et
1093 1214 1358 1266 facundiae;
1391 1221 1438 1256 et
1462 1215 1553 1262 illa,
1578 1228 1704 1268 quae,

192 1292 252 1319 ex
293 1277 362 1318 his
393 1278 568 1319 duobus
609 1278 880 1331 procedunt,
920 1292 979 1319 ex
1021 1278 1252 1332 elegantia
1291 1285 1338 1320 et
1380 1279 1694 1319 concinnitate

191 1341 538 1395 compositionis
564 1354 729 1382 vocum
761 1348 985 1395 apparent
1018 1348 1237 1396 tanquam
1270 1342 1480 1383 sublimia
1512 1348 1558 1383 et
1591 1356 1691 1383 eru-

190 1406 315 1455 dita;
354 1405 435 1446 sed
476 1405 615 1446 modo
655 1419 810 1446 coram
851 1405 940 1446 illis
977 1406 1051 1459 qui
1092 1419 1275 1446 omnem
1315 1406 1692 1458 ingeniositatem

190 1475 362 1509 vocant
388 1469 675 1522 sapientiam.
738 1468 872 1521 Quod
900 1483 984 1510 nec
1008 1469 1089 1510 viri
1115 1470 1293 1522 possint
1321 1470 1490 1510 intrare
1515 1471 1560 1510 in
1593 1469 1689 1510 offi-

190 1533 260 1573 cia
286 1533 466 1585 propria
488 1532 737 1581 mulierum,
762 1538 808 1573 et
829 1532 916 1573 illis
939 1533 1025 1573 rite
1046 1532 1185 1585 fungi,
1210 1538 1281 1573 est
1305 1546 1455 1581 causa,
1476 1534 1579 1587 quia
1601 1546 1692 1574 non

189 1596 235 1636 in
277 1594 539 1636 affeffiones
583 1594 777 1644 illarum,
820 1609 936 1649 quae
981 1609 1162 1649 prorsus
1203 1595 1447 1637 distinctae
1487 1602 1593 1637 sunt
1634 1597 1692 1637 ab

189 1657 502 1700 affectionibus
519 1659 730 1700 virorum.
773 1658 1001 1712 Quoniam
1017 1659 1254 1701 masculini
1273 1674 1411 1700 sexus
1429 1659 1691 1701 affeotiones

190 1729 238 1763 et
265 1723 583 1776 perceptiones
610 1736 636 1763 a
663 1723 896 1764 creatione
922 1729 969 1764 et
1001 1723 1107 1764 inde
1134 1736 1160 1763 a
1186 1729 1350 1764 natura
1380 1724 1442 1764 ita
1468 1724 1690 1765 discrimi-

191 1792 330 1826 natae
362 1792 482 1836 sunt,
515 1786 620 1828 ideo
651 1787 770 1828 inter
800 1792 976 1829 statuta
1007 1787 1127 1841 apud
1168 1786 1285 1828 filios
1327 1787 1509 1828 Israelis
1549 1787 1690 1829 etiam

188 1849 271 1890 fuit
297 1849 411 1890 hoc:

258 1921 372 1954 “Non
390 1923 456 1955 erit
472 1923 582 1955 vestis
600 1923 666 1955 viri
683 1933 791 1964 super
809 1924 968 1962 muliere,
983 1934 1048 1956 nec
1061 1924 1173 1957 vestis
1186 1924 1345 1956 mulieris
1363 1934 1470 1966 super
1484 1925 1583 1965 viro;
1608 1924 1691 1966 quia

367 1967 435 1998 hoc
452 1967 676 1999 abominatio
687 1967 706 1980 ’'
723 1968 859 2008 (Deutr.
877 1969 960 2001 xxii.
980 1968 1029 2009 5):

190 2056 327 2084 causa
367 2050 479 2094 erat,
521 2045 626 2099 quia
665 2058 825 2087 omnes
869 2046 914 2087 in
954 2046 1176 2100 spirituali
1221 2046 1392 2087 mundo
1431 2046 1691 2087 vestiuntur

189 2107 439 2148 secundum
465 2122 568 2149 suas
595 2107 870 2158 affectiones,
895 2116 942 2151 et
967 2110 1102 2151 binae
1128 2108 1390 2151 affectiones
1416 2109 1614 2151 mulieris
1641 2116 1690 2151 et

190 2171 272 2211 viri
299 2184 391 2212 non
417 2178 611 2225 possunt
639 2173 751 2213 uniri
778 2173 861 2213 nisi
887 2173 1006 2214 inter
1032 2174 1160 2223 duos,
1186 2181 1232 2214 et
1259 2187 1478 2228 nusquam
1512 2175 1557 2215 in
1584 2187 1688 2214 uno.

275 2232 403 2287 176.
442 2232 592 2288 (xvii.)
629 2234 758 2286 Quod
782 2235 923 2290 officia
953 2237 1034 2278 illa
1065 2238 1298 2278 secundum
1328 2244 1527 2279 mutuum
1556 2237 1688 2278 auxi-

192 2293 300 2336 lium
316 2296 450 2338 etiam
470 2300 736 2353 conjungant
755 2299 864 2341 duos
886 2300 932 2340 in
953 2314 1086 2341 unum
1096 2315 1117 2349 ,·
1146 2307 1189 2341 et
1204 2300 1342 2341 simul
1349 2301 1533 2352 saciant
1556 2314 1690 2342 unam

190 2358 574 2413 domum—Quod
601 2363 751 2403 mariti
778 2363 927 2404 officia
953 2363 1103 2418 aliqua
1128 2365 1305 2405 ratione
1331 2378 1379 2406 se
1406 2364 1688 2418 conjungant

191 2434 294 2462 cum
334 2423 492 2465 officiis
524 2426 693 2475 uxoris,
727 2433 775 2468 et
806 2427 928 2481 quod
965 2427 1114 2468 officia
1154 2428 1308 2469 uxoris
1349 2442 1397 2469 se
1437 2427 1689 2481 adjungant

191 2484 351 2526 officiis
378 2489 541 2537 mariti,
570 2495 617 2530 et
643 2490 764 2543 quod
791 2489 1134 2544 conjunc‘tiones
1160 2497 1206 2532 et
1236 2490 1550 2544 adjunctiones
1582 2491 1687 2533 illae

190 2548 283 2589 sint
316 2557 521 2592 mutuum
553 2553 790 2602 auxilium,
819 2560 866 2594 et
899 2555 1149 2595 secundum
1181 2554 1306 2603 illud,
1340 2556 1459 2596 inter
1491 2562 1602 2595 nota
1641 2555 1685 2595 in

192 2613 363 2654 mundo
393 2621 524 2656 sunt:
558 2622 606 2656 at
639 2617 850 2670 primaria
881 2631 997 2671 quae
1029 2618 1373 2667 confoederant,
1402 2619 1686 2667 consociant,

191 2682 238 2716 et
264 2676 308 2716 in
331 2690 466 2718 unum
493 2686 782 2733 congregant
808 2681 982 2722 animas
1009 2687 1054 2722 et
1075 2682 1193 2722 vitas
1215 2682 1403 2722 duorum
1427 2681 1685 2734 conjugum,

192 2745 262 2779 est
294 2742 547 2782 communis
579 2755 685 2783 cura
725 2743 948 2785 educandi
981 2744 1175 2796 liberos;
1223 2745 1341 2786 circa
1372 2757 1506 2798 quam
1539 2743 1687 2784 officia

193 2803 341 2843 mariti
363 2809 409 2844 et
432 2803 580 2845 officia
599 2806 752 2846 uxoris
775 2820 823 2847 se
845 2807 1133 2860 distinguunt
1156 2813 1202 2848 et
1226 2807 1356 2848 simul
1374 2807 1685 2860 conjungunt;

193 2877 242 2905 se
264 2865 565 2920 distinguunt,
593 2869 697 2922 quia
722 2883 827 2910 cura
859 2869 1121 2911 lactationis
1153 2877 1200 2912 et
1233 2871 1513 2911 educationis
1539 2870 1684 2910 infan-

194 2933 292 2968 tum
334 2931 564 2984 utriusque
605 2945 758 2980 sexus,
792 2939 839 2974 et
877 2947 1054 2987 quoque
1094 2933 1401 2974 instructionis
1433 2933 1683 2986 puellarum

195 3003 334 3044 usque
359 2992 417 3033 ad
443 2999 647 3035 aetatem
679 2994 857 3036 illarum
889 2996 995 3036 dum
1027 2996 1298 3038 addicantur
1324 3003 1369 3038 et
1403 2996 1685 3037 associantur
