2014 3386
308 343 391 385 300
769 339 1014 372 DELICIAE
1046 338 1349 372 SAPIENTIAE

303 462 365 492 est
377 466 491 491 amor
502 454 661 490 amandi
675 465 848 490 amorem
864 453 1044 500 sapiendi
1060 453 1098 488 in
1114 453 1311 495 masculo;
1336 458 1530 500 quantum
1543 453 1677 499 itaque
1689 452 1802 499 juve·

303 510 366 545 nis
391 515 454 545 est
473 519 587 544 amor
607 507 799 554 sapiendi,
821 513 980 542 tantum
1007 513 1068 542 est
1092 506 1274 542 amabilis
1303 512 1344 542 et
1374 506 1539 552 pulcher
1558 506 1723 552 virgini;
1760 512 1802 542 et

303 569 498 609 quantum
515 561 630 607 virgo
648 567 709 596 est
727 571 839 596 amor
855 560 1075 606 sapientiae
1092 559 1260 605 juvenis,
1278 566 1437 594 tantum
1456 559 1524 594 illa
1541 565 1602 594 est
1619 558 1802 594 amabilis

303 623 346 651 et
370 615 537 662 pulchra
559 614 718 660 juveni;
753 624 875 660 quare
900 613 1005 648 sicut
1030 623 1144 648 amor
1167 612 1303 648 obviat
1327 619 1369 648 et
1393 612 1599 648 osculatur
1623 622 1801 648 amorem

303 668 479 708 alterius,
495 668 552 703 ita
568 678 728 713 quoque
743 666 1081 713 pulchritudines:
1106 665 1305 701 concludo
1319 665 1454 712 itaque
1467 666 1576 712 quod
1593 676 1707 701 amor
1722 664 1803 701 for-

303 728 387 758 met
406 720 746 767 pulchritudinem
765 720 804 755 in
824 719 949 754 instar
964 718 1061 754 sui.'’

374 775 492 821 383·
528 774 628 809 Post
648 773 756 809 hunc
777 772 947 808 surrexit
968 773 1069 807 alter
1094 782 1165 817 per
1184 771 1415 807 comitatem
1434 771 1631 807 sermonis
1651 770 1802 807 revela-

303 835 419 863 turus
445 827 640 873 originem
663 825 983 872 pulchritudinis.
1036 824 1115 860 Hic
1139 824 1252 866 dixit,
1271 824 1452 860 “Audivi
1478 825 1587 870 quod
1612 835 1726 860 amor
1749 823 1802 859 sit

303 881 417 927 origo
432 880 763 926 pulchritudinis:
785 879 855 914 sed
874 889 1071 914 consensu
1091 888 1170 913 non
1185 877 1314 913 faveo.
1354 876 1454 924 Quis
1468 877 1676 912 hominum
1689 876 1802 912 novit

303 934 400 980 quid
421 933 560 969 amor?
610 932 710 980 Quis
727 932 861 978 aliqua
881 931 971 966 idea
988 930 1244 977 cogitationis
1261 930 1557 976 contemplatus
1577 937 1639 966 est
1661 929 1802 965 illum?

304 987 405 1034 Quis
419 987 537 1022 oculo
551 986 654 1022 vidit
668 984 808 1021 illum?
858 984 934 1020 Dic
951 984 1017 1019 ubi
1032 990 1105 1020 est.
1151 983 1231 1019 Sed
1245 994 1321 1030 ego
1334 994 1468 1019 assero
1482 984 1590 1029 quod
1605 983 1802 1030 sapientia

303 1041 355 1076 sit
373 1040 485 1086 origo
504 1038 833 1085 pulchritudinis:
856 1038 895 1073 in
914 1037 1073 1073 feminis
1091 1036 1287 1082 sapientia
1301 1036 1439 1072 intime
1457 1037 1585 1072 latens
1603 1043 1645 1072 et
1663 1047 1802 1072 recon-

304 1094 410 1135 dita;
432 1094 471 1128 in
490 1093 584 1128 viris
598 1092 794 1138 sapientia
805 1098 946 1138 patens
964 1097 1006 1126 et
1023 1097 1195 1126 exstans.
1246 1089 1365 1126 Unde
1379 1089 1501 1125 homo
1515 1097 1576 1125 est
1588 1090 1711 1125 homo
1725 1089 1802 1136 nisi

303 1158 353 1182 ex
366 1145 591 1193 sapientia?
613 1145 688 1181 nisi
704 1145 808 1186 inde,
821 1145 945 1180 homo
957 1144 1061 1179 foret
1071 1143 1276 1189 sculptura
1286 1149 1355 1178 aut
1367 1141 1530 1188 pistura.
1572 1141 1680 1189 Quid
1689 1142 1802 1189 virgo

303 1200 477 1235 attendit
504 1199 609 1245 apud
635 1199 833 1245 juvenem,
856 1208 976 1243 quam
998 1197 1125 1243 qualis
1143 1196 1300 1242 sapiens
1328 1194 1415 1232 est?
1448 1202 1489 1231 et
1518 1196 1615 1242 quid
1643 1195 1803 1242 juvenis

303 1253 479 1289 attendit
496 1253 602 1298 apud
620 1251 826 1298 virginem,
841 1251 916 1286 nisi
935 1250 1062 1296 qualis
1080 1256 1142 1285 est
1159 1248 1319 1284 affefiio
1334 1249 1553 1295 sapientiae
1566 1248 1688 1284 suae?
1726 1249 1804 1285 Per

303 1306 541 1352 sapientiam
561 1305 742 1351 intelligo
760 1304 974 1350 genuinam
995 1303 1275 1343 moralitatem,
1294 1302 1389 1348 quia
1406 1302 1504 1337 haec
1525 1308 1586 1337 est
1606 1301 1804 1348 sapientia

302 1359 422 1395 vitae.
467 1359 565 1394 Inde
583 1365 655 1399 est,
670 1358 778 1404 quod
795 1368 887 1393 cum
906 1356 1102 1402 sapientia
1118 1356 1247 1392 latens
1265 1356 1351 1391 adit
1368 1361 1409 1391 et
1426 1354 1681 1400 amplectitur
1697 1355 1803 1401 sapi·

304 1413 454 1448 entiam
480 1418 696 1458 patentem,
718 1411 826 1457 quod
854 1410 899 1445 fit
926 1409 1093 1445 interius
1119 1409 1159 1444 in
1185 1408 1393 1454 utriusque
1418 1408 1570 1454 spiritu,
1592 1419 1635 1444 se
1661 1415 1803 1444 mutuo

303 1465 535 1501 osculentur
551 1471 593 1500 et
609 1465 868 1510 conjungant,
886 1469 927 1499 et
946 1463 984 1497 id
1002 1469 1171 1498 vocatur
1187 1473 1318 1503 amor;
1344 1468 1385 1497 et
1401 1468 1499 1497 tunc
1516 1467 1710 1507 apparent
1726 1460 1803 1497 sibi

303 1519 491 1564 utrinque
506 1525 550 1553 ut
564 1517 894 1564 pulchritudines.
944 1516 1089 1556 Verbo,
1104 1515 1300 1561 sapientia
1312 1522 1374 1550 est
1387 1515 1490 1550 sicut
1503 1515 1570 1550 lux
1584 1525 1656 1550 seu
1670 1514 1803 1560 splen·

303 1573 379 1608 dor
397 1572 512 1618 ignis,
531 1571 599 1618 qui
624 1570 788 1617 stringit
812 1570 962 1611 oculos,
984 1576 1025 1605 et
1050 1569 1154 1604 sicut
1178 1568 1349 1615 stringit,
1372 1567 1518 1603 format
1539 1567 1803 1614 pulchritudi-

303 1625 433 1661 nem.''

262 1674 265 1677 ’
374 1679 492 1725 384.
528 1676 628 1712 Post
657 1676 764 1711 hunc
789 1675 959 1711 surrexit
988 1675 1143 1715 tertius,
1161 1680 1202 1710 et
1229 1674 1411 1710 elocutus
1441 1673 1562 1709 haec:
1586 1672 1711 1709 “Non
1739 1679 1802 1709 est

303 1731 413 1767 solus
430 1741 552 1771 amor,
568 1741 642 1765 nec
659 1736 720 1765 est
733 1729 819 1765 sola
832 1729 1037 1775 sapientia,
1052 1728 1167 1774 origo
1185 1727 1512 1773 pulchritudinis;
1538 1727 1608 1762 sed
1626 1733 1688 1762 est
1705 1725 1802 1762 unio

303 1784 450 1819 amoris
472 1790 513 1819 et
532 1782 763 1829 sapientiae,
781 1782 878 1817 unio
899 1781 1046 1817 amoris
1067 1792 1157 1816 cum
1180 1780 1377 1826 sapientia
1397 1780 1437 1815 in
1457 1780 1614 1826 juvene,
1632 1789 1679 1814 ac
1703 1778 1801 1814 unio

303 1837 523 1883 sapientiae
540 1847 631 1871 cum
650 1846 724 1871 suo
742 1846 876 1870 amore
898 1835 937 1870 in
959 1834 1134 1880 virgine;
1160 1834 1273 1880 virgo
1291 1833 1398 1868 enim
1417 1843 1497 1867 non
1519 1839 1627 1867 amat
1644 1831 1800 1878 sapien·

303 1891 402 1926 tiam
424 1890 463 1924 in
485 1900 528 1925 se
549 1889 619 1924 sed
639 1888 678 1923 in
696 1889 854 1934 juvene,
869 1894 909 1923 et
931 1887 1023 1923 inde
1041 1887 1153 1922 videt
1171 1887 1283 1921 illum
1305 1892 1350 1920 ut
1371 1885 1733 1931 pulchritudinem
1758 1891 1800 1920 et

303 1955 395 1979 curn
407 1942 566 1989 juvenis
580 1942 657 1976 hoc
669 1941 832 1976 videtin
845 1940 1010 1987 virgine,
1025 1947 1122 1975 tunc
1135 1939 1247 1975 videt
1259 1939 1364 1974 illam
1380 1945 1425 1973 ut
1441 1937 1799 1983 pulchritudinem3

303 2007 425 2042 quare
443 2006 556 2031 amor
573 2006 645 2040 per
661 1993 897 2039 sapientiam
917 1993 1064 2028 format
1078 1993 1197 2032 illam,
1213 2002 1259 2027 ac
1273 1991 1470 2037 sapientia
1486 2002 1535 2026 ex
1551 2001 1687 2026 amore
1701 1990 1800 2026 reci-

304 2050 363 2096 pit
378 2049 498 2084 illam.
549 2047 667 2094 Quod
688 2047 742 2082 ita
760 2047 822 2086 sit,
838 2046 1047 2081 manifeste
1061 2052 1225 2091 apparet
1244 2046 1282 2079 in
1302 2045 1433 2080 caelo:
1457 2044 1539 2079 vidi
1559 2043 1612 2078 ibi
1626 2043 1800 2090 virgines

303 2109 345 2138 et
361 2113 515 2142 uxores,
535 2108 575 2136 et
593 2100 748 2135 attendi
766 2100 816 2135 ad
835 2098 1166 2145 pulchritudines.
1186 2104 1227 2133 et
1244 2097 1327 2132 vidi
1346 2108 1508 2143 prorsus
1526 2097 1644 2132 aliam
1663 2096 1703 2132 in
1721 2097 1800 2132 vir-

302 2155 472 2202 ginibus,
491 2161 532 2190 et
551 2154 669 2189 aliam
693 2153 732 2188 in
759 2152 973 2192 uxoribus;
1000 2151 1039 2186 in
1060 2151 1281 2197 virginibus
1300 2150 1428 2185 solum
1449 2150 1620 2185 nitorem
1639 2149 1739 2195 ejus,
1758 2149 1799 2184 in

303 2209 493 2243 uxoribus
515 2214 649 2242 autem
671 2206 925 2252 splendorem
947 2205 1054 2250 ejus;
1081 2204 1294 2239 discrimen
1316 2203 1398 2238 vidi
1420 2203 1524 2238 sicut
1544 2203 1798 2238 adamantem

303 2273 352 2297 ex
380 2262 470 2296 luce
497 2260 723 2300 micantem,
753 2265 795 2294 et
823 2258 926 2294 sicut
955 2257 1141 2292 rubinum
1169 2255 1287 2292 simul
1318 2267 1367 2291 ex
1397 2255 1487 2301 igne
1517 2255 1799 2301 fulgurantem.

304 2314 410 2362 Quid
438 2313 694 2360 pulchritudo
720 2311 797 2347 nisi
823 2310 1008 2346 delicium
1035 2308 1172 2345 visus?
1224 2308 1342 2344 Unde
1369 2309 1483 2354 origo
1508 2308 1629 2354 hujus
1655 2308 1798 2349 delicii,

303 2368 378 2403 nisi
397 2379 446 2403 ex
463 2367 559 2402 ludo
577 2366 723 2401 amoris
741 2371 782 2400 et
799 2362 1046 2410 sapientiae?
1098 2362 1156 2398 Ex
1175 2362 1251 2397 hoc
1269 2362 1364 2396 ludo
1379 2361 1517 2396 rutilat
1528 2361 1647 2402 visus,
1662 2368 1703 2397 et
1721 2361 1800 2397 hoc

303 2421 466 2455 rutilum
497 2431 545 2455 ex
579 2419 696 2454 oculo
731 2418 770 2453 in
801 2417 961 2453 oculum
995 2426 1038 2451 se
1071 2415 1211 2455 vibrat,
1239 2421 1281 2450 et
1311 2414 1417 2450 sistit
1447 2414 1798 2460 pulchritudinem.

303 2473 410 2520 Quid
425 2472 520 2508 facit
534 2471 872 2518 pulchritudinem
887 2469 1012 2510 faciei,
1028 2468 1103 2504 nisi
1118 2469 1238 2503 rubor
1250 2474 1291 2503 et
1304 2468 1465 2508 candor,
1479 2467 1676 2502 ethorum
1691 2477 1798 2502 ama-

302 2526 393 2562 bilis
411 2526 584 2560 mixtura
602 2525 706 2559 inter
722 2523 794 2559 se?
845 2523 967 2558 Estne
985 2522 1106 2556 rubor
1122 2532 1170 2556 ex
1187 2531 1334 2560 amore,
1349 2527 1391 2555 et
1408 2520 1559 2555 candor
1575 2531 1625 2555 ex
1642 2519 1799 2564 sapien-

301 2579 389 2615 tia?
415 2589 527 2614 amor
543 2578 649 2613 enim
670 2578 785 2612 rubet
806 2588 856 2612 ex
876 2587 949 2612 suo
968 2575 1069 2621 igne,
1088 2581 1128 2609 et
1149 2573 1346 2619 sapientia
1361 2573 1508 2608 candet
1529 2584 1577 2608 ex
1598 2583 1670 2608 sua
1690 2572 1798 2608 luce:

302 2632 403 2667 haec
429 2632 509 2666 duo
540 2631 579 2665 in
607 2630 783 2665 faciebus
809 2630 979 2664 duorum
1005 2627 1226 2673 conjugum
1261 2626 1300 2661 in
1327 2626 1439 2662 caelo
1465 2625 1676 2660 manifeste
1700 2623 1797 2666 vidi,

303 2686 488 2720 ruborem
507 2683 692 2719 candoris
711 2683 750 2717 in
769 2693 904 2722 uxore,
923 2687 964 2716 et
981 2680 1195 2716 candorem
1215 2679 1369 2715 ruboris
1391 2679 1431 2714 in
1453 2678 1617 2719 marito;
1647 2684 1688 2713 et
1712 2676 1799 2712 ani-

303 2737 509 2776 madverti,
528 2737 636 2782 quod
654 2747 702 2771 ex
721 2742 861 2771 mutuo
879 2734 1027 2769 intuitu
1045 2731 1406 2778 exsplenduerint.”

374 2789 476 2826 Cum
490 2789 634 2825 tertius
651 2789 750 2824 haec
766 2789 923 2823 locutus
944 2793 1015 2827 est,
1033 2786 1235 2831 adplausit
1251 2791 1401 2825 coetus,
1422 2790 1464 2820 et
1484 2782 1706 2824 clamavit‚“
1719 2780 1798 2818 Hic

301 2842 434 2879 vicit.”
477 2843 527 2878 Et
544 2842 677 2877 subito
691 2842 757 2876 lux
771 2841 964 2880 flammea,
978 2838 1215 2885 quae'etiam
1231 2844 1293 2873 est
1306 2838 1374 2873 lux
1387 2836 1534 2872 amoris
1547 2834 1796 2882 conjugialis,

303 2895 485 2943 implevit
503 2895 666 2931 domum
685 2894 909 2941 splendore,
923 2899 968 2942 >et
984 2892 1102 2929 simul
1119 2891 1242 2927 corda
1259 2891 1417 2927 illorum
1434 2889 1690 2926 amoenitate.
