2014 3386
576 315 644 348 DE
674 313 855 348 AMORE
885 312 1403 357 CONJUGIAL1.——N.'32.
1713 313 1763 357 31

267 430 332 473 illi
363 434 568 484 apparet,
601 428 706 484 quia
735 441 828 470 non
864 432 1023 482 potest
1055 426 1260 468 conferre
1292 432 1468 468 statum
1500 438 1630 468 suum
1662 439 1765 468 cum

268 494 405 549 priori
431 507 513 534 suo
538 491 750 542 naturali,
777 491 896 533 hunc
923 491 1044 532 enim
1070 491 1214 540 exuit,
1243 497 1290 532 et
1317 491 1362 531 in
1387 490 1468 531 illo
1494 496 1596 542 est;
1627 503 1766 544 quare

268 558 447 612 saepius
473 556 623 597 audivi
649 555 754 597 illos
779 555 1002 605 dicentes,
1024 554 1147 609 quod
1178 567 1272 595 non
1303 555 1452 596 sciant
1478 553 1610 595 aliter
1630 566 1766 608 quarn

267 621 390 676 quod
415 621 460 661 in
485 620 621 674 priori
647 619 818 660 mundo
844 620 949 668 sint,
974 630 1076 659 cum
1099 617 1201 659 solo
1226 618 1499 667 discrimine,
1524 618 1646 671 quod
1672 631 1766 658 non

265 684 453 725 videant
481 683 674 737 amplius
700 682 804 724 illos
835 695 948 736 quos
979 682 1024 722 in
1055 681 1135 723 illo
1166 681 1338 722 mundo
1363 680 1655 735 reliquerant,
1683 681 1765 722 sed

265 747 388 801 quod
414 746 602 788 videant
628 745 732 787 illos
754 746 829 799 qui
855 760 914 787 ex
937 745 1016 787 illo
1039 745 1210 786 mundo
1235 745 1474 786 abiverant
1500 758 1580 785 seu
1606 745 1764 785 obive-

265 816 370 857 rant
389 823 399 851 ε
427 822 583 851 verum
601 823 738 850 causa
755 809 876 863 quod
899 808 984 849 hos
1005 821 1124 849 nunc
1147 808 1350 857 videant,
1370 814 1417 849 et
1440 821 1532 849 non
1553 807 1672 857 illos,
1692 814 1764 849 est

265 874 369 928 quia
391 887 482 914 non
508 873 717 914 homines
739 872 973 914 naturales
1004 877 1126 922 sunt,
1154 872 1235 913 sed
1267 871 1526 926 spirituales
1551 885 1630 913 seu
1657 872 1764 912 sub-

265 936 523 985 stantiales,
570 949 622 977 ac
668 936 808 978 homo
852 935 1100 990 spiritualis
1145 949 1225 977 seu
1274 934 1592 976 substantialis
1635 935 1764 977 videt

263 999 497 1041 hominem
524 1000 806 1053 spiritualem
832 1013 912 1041 seu
938 998 1291 1041 substantialem
1317 1000 1434 1040 sicut
1460 998 1601 1040 homo
1627 1005 1763 1040 natu-

263 1063 370 1104 ralis
396 1077 476 1104 seu
502 1063 750 1104 materialis
776 1063 903 1104 videt
934 1062 1165 1104 hominem
1189 1062 1444 1104 naturalem
1471 1076 1550 1103 seu
1576 1063 1763 1104 materi-

263 1126 410 1177 alem;
444 1127 524 1168 sed
551 1140 643 1167 non
669 1127 882 1176 vicissim,
910 1132 1098 1181 propter
1129 1126 1371 1167 discrimen
1403 1126 1521 1167 inter
1545 1126 1762 1167 substan-

263 1190 374 1231 tiale
401 1196 448 1232 et
475 1190 728 1240 materiale,
756 1190 878 1244 quod
909 1195 982 1231 est
1013 1190 1130 1231 sicut
1157 1190 1399 1231 discrimen
1426 1190 1545 1231 inter
1570 1190 1690 1244 prius
1716 1195 1763 1231 et

262 1253 503 1307 posterius,
537 1266 588 1294 ac
631 1253 751 1306 prius
782 1253 887 1307 quia
926 1259 998 1294 est
1038 1253 1083 1294 in
1124 1266 1173 1294 se
1213 1253 1380 1306 purius,
1414 1266 1505 1293 non
1542 1266 1762 1307 apparere

262 1322 420 1370 potest
442 1317 684 1370 posteriori
705 1317 826 1371 quod
852 1317 896 1357 in
918 1330 967 1358 se
989 1322 1061 1358 est
1083 1317 1291 1366 crassius,
1315 1330 1400 1358 nec
1424 1323 1580 1371 potest
1603 1323 1759 1370 poste-

262 1380 352 1420 rius
375 1380 477 1433 quia
500 1386 571 1421 est
594 1380 787 1421 crassius
809 1393 1028 1433 apparere
1050 1380 1185 1433 priori
1208 1380 1329 1434 quod
1355 1380 1400 1420 in
1422 1385 1471 1421 se
1494 1386 1565 1421 est
1591 1380 1759 1434 purius,

261 1443 452 1497 proinde
475 1456 566 1484 non
589 1442 780 1496 angelus
806 1443 978 1484 homini
1003 1442 1134 1496 hujus
1157 1444 1328 1493 mundi,
1353 1457 1436 1484 nec
1463 1443 1604 1485 homo
1630 1443 1759 1497 hujus

262 1506 417 1547 mundi
439 1506 619 1559 angelo.
682 1505 818 1559 Quod
850 1506 990 1547 homo
1021 1512 1127 1560 post
1154 1513 1351 1548 mortem
1378 1508 1437 1548 sit
1467 1506 1608 1548 homo
1630 1508 1759 1561 spiri-

261 1569 399 1610 tualis
422 1583 501 1623 seu
523 1569 857 1619 substantialis,
882 1575 952 1610 est
975 1570 1080 1623 quia
1104 1569 1176 1610 hic
1199 1570 1321 1611 intus
1344 1569 1477 1612 latuit
1503 1571 1548 1611 in
1574 1570 1760 1613 homine

261 1632 458 1674 naturali
484 1646 563 1673 seu
590 1632 842 1684 materiali;
874 1631 946 1674 hic
972 1632 1055 1673 suit
1082 1632 1147 1674 illi
1173 1633 1290 1674 sicut
1317 1633 1650 1683 indumentum,
1678 1639 1758 1675 aut

260 1696 377 1737 sicut
418 1696 628 1744 exuviae,
671 1696 832 1750 quibus
873 1696 1096 1749 depositis
1137 1697 1235 1737 exit
1275 1696 1353 1738 ille
1392 1697 1638 1751 spiritualis
1678 1711 1758 1739 seu

260 1759 589 1809 substantiam,
608 1760 674 1800 ita
692 1759 854 1813 purior,
874 1759 1062 1800 interior
1079 1765 1126 1801 et
1144 1758 1396 1814 perfectior.
1459 1759 1595 1814 Quod
1618 1760 1758 1802 homo

259 1822 504 1876 spiritualis
530 1837 671 1876 usque
698 1824 756 1864 sit
788 1821 1013 1876 perfectus
1044 1822 1199 1872 homo,
1228 1824 1416 1865 tametsi
1447 1838 1538 1865 non
1565 1831 1757 1878 apparet

259 1885 431 1926 homini
458 1886 668 1936 naturali,
693 1887 936 1928 manifeste
963 1887 1111 1940 patuit
1138 1901 1164 1928 a
1190 1887 1391 1929 Domino
1412 1888 1510 1929 viso
1532 1888 1756 1942 apostolis

259 1955 365 2003 post
390 1948 780 1999 resurrectionem,
805 1950 926 2004 quod
951 1951 1211 2004 apparuerit
1237 1957 1285 1992 et
1312 1964 1423 1992 mox
1446 1964 1537 1992 non
1560 1964 1755 2005 apparu-

259 2014 360 2063 erit,
393 2019 441 2055 et
473 2019 630 2054 tamen
661 2013 743 2054 fuit
785 2013 940 2054 Homo
981 2012 1075 2054 Sibi
1107 2014 1265 2054 similis
1297 2027 1400 2055 cum
1431 2015 1552 2055 visus
1584 2021 1631 2056 et
1663 2028 1756 2056 non

257 2077 406 2127 visus;
439 2076 656 2117 dixerunt
688 2076 843 2126 etiam,
871 2076 1007 2131 quod,
1036 2089 1138 2118 cum
1163 2077 1377 2119 viderunt
1410 2077 1580 2131 Ipsum,
1608 2079 1756 2132 aperti

258 2141 350 2181 sint
377 2139 496 2181 oculi
522 2139 716 2181 illorum.
744 2151 749 2156 ·

340 2214 431 2258 32·
478 2201 560 2257 (ii.)
597 2202 727 2253 Quod
760 2209 862 2244 tunc
902 2202 1133 2245 Masculus
1173 2203 1236 2245 sit
1273 2203 1519 2254 Masculus,
1561 2211 1604 2246 et
1641 2204 1762 2259 quod

255 2266 440 2308 Femina
460 2266 521 2308 sit
540 2266 1026 2320 Femina—Quoniam
1048 2266 1187 2308 homo
1208 2268 1320 2308 vivit
1342 2267 1482 2308 homo
1505 2274 1610 2321 post
1633 2281 1754 2310 mor-

256 2337 367 2379 tem,
395 2336 443 2371 et
468 2329 608 2371 homo
634 2336 705 2372 est
729 2330 958 2372 masculus
981 2337 1028 2372 et
1049 2330 1230 2380 femina,
1255 2337 1302 2372 et
1328 2330 1450 2372 aliud
1477 2338 1548 2373 est
1576 2344 1754 2373 mascu-

256 2393 398 2434 linum
438 2400 486 2435 et
525 2393 647 2434 aliud
687 2394 965 2444 femininum,
1005 2400 1053 2435 et
1093 2394 1186 2435 tale
1226 2394 1348 2435 aliud
1390 2401 1439 2435 ut
1481 2408 1618 2436 unum
1661 2408 1752 2436 non

256 2457 421 2498 mutari
466 2457 610 2510 possit
651 2458 695 2498 in
717 2457 952 2507 .alterum,
998 2458 1202 2511 sequitur
1241 2458 1363 2511 quod
1404 2464 1515 2511 post
1557 2464 1753 2499 mortem

257 2519 484 2561 masculus
510 2521 635 2561 vivat
662 2520 906 2570 masculus,
935 2526 982 2562 et
1008 2521 1176 2562 femina
1201 2522 1327 2563 vivat
1353 2521 1534 2571 femina,
1562 2527 1752 2575 uterque

254 2582 395 2624 homo
432 2583 691 2637 spiritualis.
753 2583 932 2626 Dicitur
964 2584 1085 2638 quod
1123 2585 1422 2626 masculinum
1460 2599 1551 2626 non
1588 2585 1752 2626 mutari

256 2647 401 2698 possit
441 2647 486 2687 in
526 2646 804 2697 se'mininum,
839 2660 923 2689 nec
963 2647 1226 2689 femininum
1267 2649 1311 2689 in
1352 2648 1668 2697 masculinum,
1703 2654 1751 2689 et

256 2709 377 2762 quod
416 2710 520 2750 ideo
552 2717 657 2763 post
689 2717 885 2752 mortem
917 2712 1145 2752 masculus
1177 2713 1236 2753 sit
1273 2712 1515 2761 masculus,
1550 2718 1597 2753 et
1629 2711 1750 2765 quod

256 2770 422 2813 femina
443 2774 501 2814 sit
532 2773 727 2825 semina3
760 2775 839 2816 sed
866 2776 970 2829 quia
1000 2776 1234 2829 ignoratur
1259 2776 1302 2816 in
1330 2790 1419 2830 quo
1446 2775 1752 2816 essentialiter

257 2835 468 2876 consistit
508 2837 820 2886 masculinum,
855 2845 902 2879 et
933 2839 978 2879 in
1009 2853 1098 2892 quo
1129 2839 1438 2880 essentialiter
1468 2839 1747 2887 femininum,

256 2907 392 2948 quare
414 2899 566 2950 paucis
588 2899 659 2940 hic
683 2900 872 2942 dicetur.
932 2901 1186 2943 Discrimen
1210 2902 1516 2943 essentialiter
1539 2902 1749 2943 consistit

257 2957 303 2998 in
325 2971 393 3010 eo,
412 2961 532 3012 quod
554 2962 762 3004 intimum
784 2964 829 3004 in
852 2964 1055 3006 masculo
1077 2965 1135 3006 sit
1155 2977 1297 3016 amor,
1317 2971 1363 3007 et
1386 2965 1596 3006 velamen
1619 2963 1748 3020 hujus
