2014 3386
590 343 658 376 DE
690 341 871 376 AMORE
901 340 1327 384 CONJUGIAL1.—N.
1357 340 1450 384 352.
1683 339 1767 381 279

262 455 481 499 miraculo
494 455 818 510 vpromulgatae
837 461 974 506 sunt'3
1007 453 1088 496 sed
1105 467 1242 496 causa
1260 452 1642 509 promulgationis
1665 451 1764 492 illa-

262 534 362 562 rum
388 521 486 569 fuit,
507 526 556 561 ut
582 520 772 560 eaedem
799 518 927 572 leges
954 517 1114 559 fierent
1139 518 1279 558 etiam
1303 516 1430 570 leges
1452 517 1700 570 religionis,
1718 523 1765 557 et

264 583 327 625 sic
346 584 467 638 quod
488 583 690 624 facerent
713 582 814 622 illas
837 595 927 622 non
951 581 1097 622 solum
1120 588 1305 634 propter
1327 580 1562 621 societatis
1581 580 1763 627 bonum,

264 647 346 687 sed
367 648 516 688 etiam
547 653 736 699 propter
767 645 931 694 Deum,
965 651 1012 686 et
1048 644 1170 698 quod
1203 657 1305 685 cum
1332 644 1535 684 facerent
1568 637 1670 684 illas
1705 657 1764 683 ex

262 710 486 763 religione
528 716 716 763 propter
757 709 920 757 Deum,
960 708 1259 749 salverentur.
1320 707 1395 748 Ex
1437 707 1507 748 his
1548 713 1763 748 constare

264 779 434 827 potest,
454 772 575 826 quod
595 773 780 825 Pagani,
801 772 875 826 qui
893 778 1149 825 agnoscunt
1169 771 1331 819 Deum,
1352 777 1399 812 et
1421 771 1578 811 vivunt
1601 773 1767 811 secun*

264 837 372 877 dum
409 835 537 890 leges
564 835 770 889 justitiae
803 835 974 884 civiles,
1008 835 1268 885 salventur;
1310 848 1402 875 non
1435 834 1554 875 enim
1587 834 1767 874 illorum

263 899 397 953 culpa
421 907 507 947 est,
532 899 652 953 quod
680 912 770 940 non
794 899 941 940 sciant
963 898 1130 952 aliquid
1157 898 1214 938 de
1242 898 1455 944 Domino,
1481 910 1765 951 consequen-

265 969 336 1005 ter
360 976 451 1004 non
478 962 646 1016 aliquid
674 963 730 1003 de
757 963 972 1003 castitate
995 960 1192 1015 conjugii
1214 974 1316 1002 cum
1343 974 1431 1001 una
1457 972 1626 1002 uxore:
1661 973 1766 1001 nam

265 1032 428 1068 contra
455 1025 667 1067 Divinam
690 1025 915 1079 justitiam
942 1031 1027 1074 est,
1056 1025 1176 1079 quod
1203 1025 1278 1078 qui
1309 1031 1570 1078 agnoscunt
1602 1024 1765 1071 Deum,

265 1103 318 1131 ac
358 1090 519 1131 vivunt
559 1103 619 1130 ex
660 1089 880 1142 religione
909 1088 1037 1141 leges
1063 1088 1281 1141 justitiae,
1309 1102 1424 1142 quae
1466 1094 1571 1129 sunt
1612 1088 1767 1141 fugere

264 1152 386 1194 mala
406 1153 510 1207 quia
532 1159 695 1194 contra
717 1152 865 1194 Deum
888 1159 1008 1201 sunt,
1033 1158 1079 1193 et
1101 1151 1250 1193 facere
1272 1151 1393 1193 bona
1415 1152 1519 1206 quia
1541 1164 1642 1192 cum
1666 1151 1769 1192 Deo·

265 1223 387 1266 sunt,
416 1216 794 1258 condemnentur.

351 1289 481 1334 352.
522 1278 656 1334 (xvi.)
697 1279 792 1321 Sed
821 1278 942 1333 quod
972 1278 1088 1320 nulli
1123 1293 1178 1320 ex
1211 1278 1285 1320 his
1322 1284 1365 1320 et
1399 1278 1492 1319 illis
1527 1278 1773 1319 consociari

262 1343 444 1398 possint
466 1357 563 1384 cum
586 1343 758 1397 angelis
790 1343 836 1384 in
865 1342 1144 1385 Christianis
1169 1342 1525 1384 caelis—Causa
1551 1349 1637 1391 est,
1665 1343 1769 1396 quia

265 1408 313 1448 in
356 1406 496 1448 caelis
536 1406 806 1448 Christianis
846 1412 918 1448 est
957 1405 1036 1446 lux
1078 1405 1290 1446 caelestis
1331 1420 1446 1459 quae
1487 1412 1558 1447 est
1601 1405 1768 1446 Divina

266 1470 453 1518 veritas,
488 1476 535 1511 et
571 1476 643 1511 est
684 1469 810 1511 calor
841 1469 1054 1510 caelestis
1085 1469 1160 1523 qui
1196 1475 1266 1510 est
1299 1469 1491 1510 Divinus
1523 1482 1677 1520 amor;
1722 1476 1769 1510 et

264 1533 343 1575 illa
381 1533 472 1574 duo
503 1534 728 1588 detegunt
760 1532 910 1587 qualia
948 1539 1053 1574 sunt
1084 1546 1192 1574 vera
1231 1539 1278 1573 et
1320 1532 1454 1582 bona,
1484 1539 1580 1573 tum
1619 1531 1768 1586 qualia

265 1603 371 1639 sunt
394 1597 514 1639 mala
538 1604 584 1639 et
610 1597 748 1638 falsa:
782 1597 888 1638 inde
911 1603 996 1646 est,
1021 1596 1142 1651 quod
1169 1596 1287 1637 inter
1309 1595 1462 1637 caelos
1485 1595 1768 1637 Christianos

266 1667 314 1702 et
337 1661 457 1702 inter
479 1661 631 1702 caelos
654 1660 1020 1702 Mahumedanos
1043 1660 1190 1701 omnis
1212 1660 1567 1700 communicatio
1589 1659 1771 1700 sublata

266 1725 326 1766 sit
348 1738 359 1776 ;
385 1724 592 1766 similiter
609 1725 728 1766 inter
745 1724 985 1777 gentilium
1004 1723 1185 1774 caelos;
1213 1724 1249 1764 si
1267 1723 1620 1764 communicatio
1637 1723 1768 1772 soret,

266 1798 359 1829 non
391 1787 555 1829 salvari
587 1788 846 1841 potuissent
878 1787 968 1836 alii,
1002 1800 1137 1841 quam
1170 1787 1245 1840 qui
1285 1787 1328 1827 in
1367 1786 1468 1827 luce
1500 1785 1690 1827 caelesti
1722 1793 1769 1827 et

265 1850 400 1892 simul
433 1852 477 1892 in
509 1851 660 1892 calore
693 1851 883 1892 caelesti
915 1864 941 1892 a
978 1850 1179 1892 Domino
1210 1856 1392 1891 essent:
1436 1850 1576 1891 immo
1609 1847 1691 1890 nec
1724 1848 1768 1890 hi

265 1914 564 1964 salvarentur,
589 1915 625 1955 si
647 1913 905 1967 conjunctio
928 1913 1157 1955 caelorum
1180 1913 1297 1955 foret
1322 1928 1331 1964 ;
1364 1927 1423 1954 ex
1451 1911 1768 1966 conjunffione

269 1978 390 2018 enim
416 1990 575 2018 omnes
602 1977 714 2018 caeli
740 1976 1122 2018 labefactarentur
1147 1978 1191 2018 in
1218 1984 1399 2019 tantum
1426 1983 1475 2017 ut
1501 1976 1654 2030 angeli
1680 1989 1771 2017 non

267 2041 525 2095 potuissent
541 2041 806 2092 subsistere;
830 2055 853 2082 e
873 2041 1221 2082 Mahumedanis
1235 2042 1352 2081 enim
1372 2041 1597 2081 incastum
1615 2047 1660 2081 et
1681 2040 1769 2081 las-

269 2106 418 2146 civum
436 2104 642 2146 influeret
665 2105 708 2146 in
728 2104 1035 2146 Christianum
1054 2104 1244 2153 caelum,
1265 2104 1385 2158 quod
1408 2104 1468 2144 ibi
1492 2117 1581 2145 non
1601 2103 1770 2145 sufferri

270 2174 428 2223 posset
446 2182 456 2220 ;
479 2175 526 2209 et
545 2182 570 2209 a
588 2168 857 2210 Christianis
879 2167 1086 2209 influeret
1105 2175 1281 2209 castum
1300 2175 1346 2208 et
1366 2181 1523 2221 purum
1542 2169 1586 2208 in
1606 2167 1769 2208 Mahu-

269 2231 514 2273 medanum
537 2231 727 2281 caelum,
752 2231 873 2285 quod
898 2245 980 2272 nec
1003 2232 1064 2273 ibi
1087 2231 1256 2272 sufferri
1283 2237 1468 2285 posset:
1502 2238 1548 2272 et
1572 2238 1681 2272 tunc
1709 2245 1768 2272 ex

270 2295 685 2336 communicatione
726 2302 774 2336 et
814 2295 920 2336 inde
959 2293 1292 2348 conjunctione,
1330 2294 1484 2348 angeli
1522 2294 1770 2336 Christiani

271 2357 431 2400 fierent
454 2357 686 2399 naturales
711 2365 758 2399 et
783 2359 847 2399 sic
879 2358 1100 2409 adulteri;
1133 2358 1206 2399 vel
1234 2358 1270 2399 si
1295 2364 1534 2398 manerent
1557 2358 1770 2409 spiritua·

271 2420 353 2470 les,
386 2422 553 2462 circum
594 2435 644 2462 se
684 2422 899 2462 continue
937 2423 1162 2462 sentirent
1203 2421 1437 2469 lascivum,
1471 2421 1592 2474 quod
1634 2434 1770 2462 omne

271 2484 456 2525 beatum
482 2485 607 2526 vitae
638 2485 816 2526 illorum
843 2485 1164 2538 interciperet:
1203 2485 1343 2539 parile
1375 2485 1480 2539 quid
1508 2484 1635 2525 fieret
1668 2497 1770 2525 cum

272 2547 401 2588 caelo
423 2547 778 2597 Mahumedano,
803 2548 1054 2601 spiritualia
1075 2549 1195 2589 enim
1218 2548 1332 2590 caeli
1355 2548 1600 2590 Christiani
1623 2548 1771 2589 conti·

273 2623 358 2651 nue
380 2610 606 2652 ambirent
630 2617 676 2652 et
704 2617 970 2665 torquerent
997 2611 1113 2660 illos,
1138 2625 1190 2652 ac
1217 2625 1353 2652 omne
1375 2610 1623 2664 jucundum
1648 2611 1770 2651 vitae

273 2672 455 2715 illorum
481 2674 722 2723 auferrent,
748 2688 800 2716 ac
833 2675 1015 2728 insuper
1041 2675 1322 2716 insinuarent
1354 2674 1476 2728 quod
1508 2674 1787 2727 polygamia.

272 2743 395 2778 esset
417 2745 671 2790 peccatum,
695 2744 743 2779 et
769 2738 830 2779 sic
852 2737 948 2791 jugi
972 2738 1326 2790 increparentur.
1389 2737 1518 2777 Haec
1542 2750 1678 2777 causa
1700 2742 1771 2777 est

274 2799 395 2852 quod
417 2812 577 2841 omnes
599 2799 714 2842 caeli
736 2801 826 2842 sint
853 2814 1035 2854 prorsus
1057 2799 1275 2849 distincti,
1301 2806 1349 2841 ut
1377 2813 1468 2841 non
1496 2799 1629 2839 detur
1654 2799 1773 2839 inter

274 2861 378 2918 illos
418 2861 690 2916 conjunctio,
731 2877 867 2917 quam
908 2854 986 2917 per
1026 2863 1245 2904 influxum
1286 2863 1398 2904 lucis
1445 2869 1491 2903 et
1538 2861 1701 2902 caloris
1745 2874 1772 2902 a

277 2923 476 2967 Domino
501 2940 525 2967 e
551 2925 648 2967 sole
674 2926 719 2966 in
747 2925 868 2979 cujus
898 2927 1048 2967 medio
1075 2933 1172 2977 est3
1213 2933 1260 2967 et
1286 2926 1356 2967 hic
1385 2925 1580 2966 influxus
1613 2937 1767 2978 quem·

276 2986 388 3030 libet
409 2987 607 3030 illustrat
629 2995 676 3031 et
698 2988 895 3031 vivificat
917 2989 1166 3031 secundum
1187 2990 1516 3042 receptionem,
1541 2994 1587 3029 et
1613 3000 1770 3041 recep·
