2014 3386
324 339 380 381 34
786 339 1029 372 DELICIAE
1060 339 1364 374 SAPIENTIAE

323 453 526 495 essentia
552 453 675 495 vitae
700 453 912 503 hominis,
940 461 987 496 et
1014 455 1135 509 quod
1161 456 1385 510 cogitatio
1410 457 1470 499 sit
1495 457 1711 501 Existere
1735 473 1815 502 seu

323 517 574 558 existentia
605 517 725 558 vitae
762 517 855 571 ejus
893 518 1025 569 inde;
1068 532 1204 572 quare
1236 519 1418 574 loquela
1449 526 1496 562 et
1533 519 1666 572 aetio,
1700 536 1816 576 quae

322 580 548 634 profluunt
569 594 628 622 ex
651 581 950 634 cogitatione,
971 595 1062 622 non
1085 581 1311 635 profluunt
1333 596 1392 624 ex
1415 584 1713 637 cogitatione,
1733 586 1814 626 sed

322 657 384 685 ex
410 657 566 685 amore
597 658 677 698 per
703 645 1045 697 cogitationem.
1107 644 1183 685 Ex
1214 645 1359 687 multa
1389 648 1673 700 experientia
1698 649 1814 691 scire

319 702 479 749 'datum
507 713 593 757 est,
621 708 743 761 quod
775 708 913 749 homo
945 714 1051 761 post
1083 714 1279 750 mortem
1311 723 1401 750 non
1433 711 1491 751 sit
1523 724 1602 751 sua
1633 713 1812 765 cogita-

320 771 397 821 tio,
426 771 507 812 sed
539 771 660 825 quod
692 771 751 812 sit
783 785 863 812 sua
894 770 1072 812 affectio
1098 778 1145 813 et
1176 772 1280 814 inde
1312 774 1547 826 cogitatio,
1581 788 1659 815 seu
1691 775 1813 829 quod

321 835 379 876 sit
404 849 508 875 suus
534 847 662 875 amor
687 840 735 876 et
760 834 867 876 inde
898 834 1234 888 intelligentia;
1267 842 1365 877 turn
1391 837 1511 890 quod
1542 836 1681 879 homo
1707 845 1813 892 post

322 904 520 939 mortem
547 903 688 939 exuat
711 911 846 939 omne
869 898 990 952 quod
1016 911 1108 939 non
1130 899 1380 941 concordat
1404 913 1506 941 cum
1528 899 1620 953 ejus
1641 914 1810 951 amore,

320 961 461 1002 immo
493 961 613 1015 quod
653 962 910 1002 successive
950 962 1109 1003 induat
1149 962 1324 1010 faciem,
1357 976 1533 1012 sonum,
1567 963 1810 1018 loquelam,

321 1030 495 1077 gestuS‚
520 1030 566 1065 et
597 1037 745 1065 mores
776 1025 943 1065 amoris
975 1038 1082 1066 suae
1113 1025 1247 1066 vitae.
1310 1025 1422 1066 Inde
1454 1032 1539 1075 est,
1566 1027 1687 1080 quod
1713 1027 1812 1068 uni—

320 1101 500 1128 versum
541 1087 718 1128 caelum
758 1088 1008 1129 secundum
1048 1101 1208 1130 omnes
1239 1090 1488 1130 varietates
1522 1088 1811 1132 affectionum

320 1151 485 1191 amoris
516 1151 623 1192 boni
650 1151 709 1192 sit
736 1151 1009 1200 ordinatum,
1037 1164 1089 1192 ac
1121 1152 1376 1193 universum
1402 1152 1621 1193 infernum
1647 1166 1811 1195 secun-

319 1214 426 1255 dum
454 1228 612 1255 omnes
638 1213 900 1256 affectiones
926 1215 1092 1256 amoris
1119 1214 1238 1255 mali.

403 1287 493 1332 3¹7.
537 1277 635 1332 (iv.)
673 1276 802 1327 Quod
819 1277 1136 1331 prmcz'palzter
1154 1277 1301 1319 Amor
1320 1292 1467 1327 sexus,
1489 1285 1532 1319 et
1560 1279 1686 1332 apud
1710 1279 1812 1322 illos

318 1355 393 1395 quz
414 1356 459 1382 zn
476 1341 640 1382 caelum
657 1341 850 1389 ventum,
869 1341 949 1395 qui
961 1347 1066 1382 sunt
1081 1340 1162 1395 qui
1177 1341 1440 1394 spi’rztuales
1461 1356 1507 1382 m
1524 1342 1809 1397 terrzsfiunt‚

317 1405 464 1447 Amor
486 1405 759 1459 conjugyalz'&
763 1404 958 1458 —Quod
985 1418 1111 1446 amor
1137 1418 1274 1446 sexus
1305 1405 1424 1458 apud
1457 1405 1687 1446 hominem
1714 1419 1811 1447 ma—

319 1475 426 1510 neat
451 1475 556 1522 post
579 1474 790 1517 mortem,
816 1474 887 1510 est
909 1468 1013 1522 quia
1035 1474 1144 1509 tunc
1167 1468 1394 1508 masculus
1417 1475 1487 1509 est
1511 1469 1737 1510 masculus
1763 1477 1811 1510 et

317 1532 484 1573 semina
506 1538 576 1572 est
603 1531 784 1580 femina,
814 1544 865 1572 ac
894 1531 1192 1572 masculinum
1224 1531 1269 1571 in
1301 1530 1504 1572 masculo
1536 1538 1606 1572 est
1633 1545 1810 1573 mascu-

318 1595 458 1636 linum
490 1595 535 1635 in
566 1600 668 1636 toto
700 1600 748 1635 et
780 1595 825 1635 in
858 1595 981 1635 omni
1013 1601 1142 1648 parte
1175 1593 1282 1647 ejus,
1311 1594 1517 1635 similiter
1547 1594 1826 1636 femininum'

318 1659 361 1700 in
387 1660 567 1707 femina,
596 1672 647 1699 ac
675 1657 1013 1711 conjun&ivum
1040 1664 1110 1699 est
1142 1658 1187 1699 in
1213 1657 1403 1711 singulis
1425 1658 1563 1698 immo
1589 1658 1633 1702 in
1655 1658 1809 1712 singu-

318 1722 546 1762 laris-simis
564 1721 746 1762 illorum
763 1735 772 1762 :
797 1735 916 1762 nunc
935 1722 1038 1775 quia
1055 1719 1389 1774 conjunffivum
1407 1720 1517 1761 illud
1535 1734 1560 1761 a
1578 1722 1809 1763 creatione

317 1785 507 1825 inditum
539 1791 625 1834 est,
654 1791 700 1826 et
733 1785 838 1826 inde
870 1790 1091 1838 perpetuo
1123 1785 1256 1833 inest,
1291 1784 1489 1837 sequitur
1520 1783 1640 1837 quod
1672 1797 1808 1826 unum

317 1848 546 1890 desideret
579 1855 626 1889 et
658 1849 800 1902 spiret
833 1846 1198 1901 conjunctionem
1231 1859 1333 1888 cum
1364 1846 1524 1887 altero.
1586 1846 1734 1888 Amor
1763 1848 1808 1888 in

316 1924 364 1952 se
391 1910 624 1965 spectatus
651 1925 742 1952 non
774 1917 844 1952 est
871 1910 992 1952 aliud
1019 1923 1153 1964 quam
1180 1910 1450 1951 desiderium
1477 1915 1523 1950 et
1555 1909 1660 1951 inde
1687 1910 1808 1952 nisus

316 1975 374 2015 ad
407 1973 788 2027 conjunffionem,
822 1981 870 2015 et
902 1987 1028 2015 amor
1054 1972 1321 2026 conjugialis
1353 1972 1410 2012 ad
1442 1970 1807 2024 conjunctionem

316 2038 360 2078 in
387 2050 553 2088 unum;
587 2044 692 2078 sunt
725 2038 845 2078 enim
876 2037 1016 2078 homo
1048 2036 1274 2077 masculus
1299 2041 1346 2076 et
1378 2034 1516 2076 homo
1546 2035 1714 2076 femina
1743 2036 1809 2076 ita

316 2101 472 2149 creati,
498 2107 545 2141 ut
573 2114 632 2141 ex
656 2101 830 2141 duobus
853 2101 1030 2154 possint
1052 2099 1145 2141 fieri
1167 2100 1283 2140 sicut
1306 2111 1419 2138 unus
1445 2097 1596 2147 homo,
1621 2112 1699 2139 seu
1720 2111 1809 2139 una

316 2177 449 2214 caro;
483 2170 529 2203 et
563 2176 664 2203 cum
697 2163 808 2204 fiunt
841 2177 993 2212 unum,
1027 2169 1136 2204 tunc
1168 2161 1300 2203 simul
1332 2161 1502 2214 sumpti
1533 2167 1638 2202 sunt
1669 2161 1808 2202 homo

315 2228 360 2267 in
383 2240 463 2267 sua
486 2226 766 2279 plenitudine
788 2240 797 2276 ;
831 2232 879 2267 at
901 2226 1071 2279 absque
1094 2240 1149 2267 ea
1169 2223 1485 2277 conjunctione
1509 2230 1614 2264 sunt
1632 2224 1735 2273 duo,
1755 2237 1806 2265 ac

316 2296 504 2342 uterque
527 2295 741 2342 tanquam
764 2289 903 2330 homo
925 2290 1095 2330 divisus
1117 2302 1195 2330 seu
1218 2288 1492 2328 dimidiatus.
1555 2286 1685 2328 Nunc
1704 2287 1808 2340 quia

315 2351 652 2405 conjunffivum
685 2352 794 2392 illud
827 2352 943 2393 latet
976 2353 1136 2393 intime
1167 2353 1212 2392 in
1245 2351 1432 2404 singulis
1464 2349 1651 2391 masculi
1682 2356 1730 2391 et
1761 2351 1806 2390 in

315 2415 504 2469 singulis
526 2415 733 2463 feminae,
762 2428 814 2456 ac
844 2415 1037 2456 facultas
1064 2422 1110 2456 et
1137 2415 1409 2456 desiderium
1436 2414 1492 2454 ad
1525 2411 1804 2466 conjunctio-

315 2492 420 2520 nem
454 2479 499 2519 in
536 2491 672 2518 unum
713 2478 832 2518 inest
869 2478 1072 2531 singulis,
1106 2478 1308 2532 sequitur
1344 2477 1464 2530 quod
1505 2489 1632 2516 amor
1667 2489 1805 2516 sexus

316 2547 498 2582 mutuus
539 2547 586 2582 et
618 2540 874 2594 reciprocus
910 2541 1030 2594 apud
1067 2540 1274 2581 homines
1311 2545 1495 2580 maneat
1537 2544 1642 2592 post
1682 2551 1804 2579 mor—

315 2611 424 2648 tem.

398 2670 494 2723 38.
535 2668 713 2709 Dicitur
733 2680 860 2708 amor
881 2681 1020 2707 sexus
1042 2672 1089 2707 et
1113 2679 1239 2707 amor
1255 2664 1534 2718 conjugialis,
1554 2663 1656 2717 quia
1678 2676 1805 2705 amor

315 2747 452 2775 sexus
484 2738 555 2773 est
588 2731 709 2772 aliud
742 2743 876 2784 quam
913 2743 1041 2771 amor
1071 2729 1363 2782 conjugialis;
1407 2741 1534 2768 amor
1565 2740 1702 2767 sexus
1733 2733 1804 2768 est

315 2797 434 2850 apud
461 2794 715 2836 naturalem
737 2793 983 2841 hominem,
1011 2799 1059 2833 at
1086 2805 1212 2832 amor
1238 2790 1504 2843 conjugialis
1530 2789 1648 2843 apud
1675 2790 1803 2843 spiri-

314 2859 509 2900 tualem:
543 2858 683 2899 homo
708 2855 924 2897 naturalis
946 2861 1071 2895 amat
1098 2861 1145 2895 et
1177 2854 1405 2894 desiderat
1427 2852 1563 2893 modo
1588 2852 1803 2905 conjunc·

315 2923 465 2963 tiones
491 2927 721 2969 externas,
750 2925 797 2961 et
828 2933 888 2960 ex
920 2918 1008 2959 illis
1040 2918 1240 2970 corporis
1265 2916 1557 2970 voluptates;
1589 2921 1637 2956 at
1663 2915 1803 2957 homo

315 2985 560 3039 spiritualis
591 2990 715 3026 amat
746 2989 794 3026 et
826 2982 1054 3025 desiderat
1086 2978 1450 3034 conjunffionem
1482 2979 1721 3029 internam,
1754 2985 1802 3020 et
