2014 3386
316 331 400 383 364
478 352 487 361 .
760 336 1089 372 voLuPTATEs
1121 337 1365 370 INSANIAE

381 450 461 488 Sed
487 451 649 498 quidam
671 451 835 498 angelus
864 462 886 487 e
915 451 1026 487 caelo
1048 450 1271 496 despiciens
1291 449 1446 486 audivit
1476 449 1553 491 illa,
1575 456 1616 485 et
1645 449 1799 496 abrupit

309 515 546 545 sermonem,
565 515 615 540 ne
636 504 802 540 ulterius
821 505 1128 551 progrederetur
1147 504 1197 539 ad
1220 502 1511 549 profanandum
1529 503 1738 550 conjugia;
1763 509 1806 538 et

308 557 412 592 dixit
426 557 494 598 illi,
509 562 530 576 ‘⁸
541 557 727 593 Ascende
745 557 834 598 huc,
847 564 888 592 et
905 558 955 592 ad
973 557 1109 592 vivum
1125 557 1357 592 monstrabo
1371 556 1467 603 quid
1481 557 1635 592 caelum
1649 563 1690 592 et
1707 555 1804 603 quid

309 609 519 651 infernum,
539 618 580 646 et
601 610 719 656 quale
740 611 818 646 hoc
838 617 901 646 est
920 609 1208 646 scortatoribus
1224 609 1472 645 confirmatis
1484 609 1517 645 :”
1544 616 1586 646 et
1608 616 1806 645 monstra-

306 663 366 699 vit
383 663 500 704 viam,
518 670 560 699 et
576 663 768 699 ascendit.

381 715 432 751 Et
450 723 543 762 post
557 717 828 762 receptionem
843 716 1063 751 ducebatur
1076 715 1248 761 primum
1268 715 1307 750 in
1322 715 1486 751 hortum
1502 715 1804 761 paradisiacum,

306 769 374 804 ubi
389 776 504 805 erant
516 770 678 805 arbores
693 768 844 805 fructus
858 776 898 804 et
915 769 1044 809 flores,
1059 779 1162 814 quae
1175 779 1224 804 ex
1238 768 1545 814 pulchritudine,
1559 768 1805 804 amoenitate

306 828 348 857 et
375 821 592 868 fragrantia
613 822 834 868 implebant
855 822 1012 857 animos
1033 821 1187 857 deliciis
1207 822 1335 863 vitae:
1361 832 1463 868 quae
1483 822 1579 857 dum
1599 821 1714 862 vidit,
1735 821 1806 856 ad-

307 874 527 910 mirabatur
539 875 805 911 admiratione
820 886 976 921 magna,
991 875 1062 910 sed
1081 882 1166 910 erat
1179 881 1277 910 tunc
1295 874 1333 910 in
1348 875 1436 910 visu
1451 882 1628 914 externo,
1643 874 1683 909 in
1697 873 1805 920 quali

306 926 384 962 fuit
410 927 449 962 in
476 929 638 968 mundo,
657 939 747 963 cum
774 928 915 974 parilia
930 928 1043 967 vidit,
1062 934 1104 963 et
1131 928 1171 962 in
1197 927 1275 963 hoc
1294 927 1383 963 visu
1404 934 1490 963 erat
1510 927 1734 963 rationalis:
1764 926 1805 962 in

304 980 394 1016 visu
414 987 549 1029 autem
572 981 741 1022 interno,
761 981 800 1016 in
822 992 903 1027 quo
924 981 1117 1016 scortatio
1140 980 1287 1027 primas
1308 981 1462 1027 agebat,
1481 987 1523 1015 et
1543 991 1663 1016 omne
1681 989 1805 1026 punc-

304 1040 392 1068 tum
412 1034 671 1080 cogitationis
689 1035 925 1080 occupabat,
945 1045 1025 1070 non
1047 1041 1132 1069 erat
1153 1034 1380 1069 rationalis:
1405 1044 1528 1079 quare
1545 1034 1806 1068 claudebatur

303 1086 413 1122 visus
424 1094 622 1128 externus,
634 1094 676 1122 et
689 1087 939 1133 aperiebatur
951 1087 1060 1123 visus
1073 1087 1251 1122 internus
1263 1098 1271 1128 ;
1293 1097 1373 1133 quo
1387 1094 1526 1133 aperto
1539 1086 1651 1127 dixit,
1664 1090 1685 1105 “
1695 1085 1804 1133 Quid

304 1150 411 1175 nunc
428 1139 574 1175 video?
601 1151 734 1175 nonne
747 1147 967 1176 stramenta
984 1146 1025 1176 et
1041 1140 1151 1186 ligna
1163 1138 1300 1176 arida?
1343 1139 1394 1175 Et
1411 1139 1508 1186 quid
1523 1150 1629 1175 nunc
1645 1137 1804 1175 sentio?

303 1203 439 1228 nonne
456 1192 736 1229 maleolentia?
787 1187 867 1229 Ubi
887 1204 992 1229 nunc
1010 1193 1255 1239 paradisiaca
1264 1192 1304 1229 ?'’

376 1246 426 1282 Et
440 1247 542 1282 dixit
555 1247 732 1293 angelus,
746 1251 766 1265 “
781 1247 826 1282 In
842 1247 1068 1293 propinquo
1083 1254 1177 1283 sunt
1194 1253 1235 1283 et
1251 1247 1410 1287 adsunt,
1425 1247 1495 1282 sed
1515 1257 1595 1282 non
1609 1250 1804 1292 apparent

302 1310 438 1335 coram
451 1300 539 1335 visu
557 1307 629 1335 tuo
644 1300 814 1340 interno,
829 1300 897 1346 qui
916 1307 976 1335 est
994 1300 1264 1341 scortatorius,
1279 1300 1344 1335 hic
1362 1299 1468 1335 enim
1483 1299 1604 1335 vertit
1617 1299 1805 1336 caelestia

303 1352 343 1388 in
359 1352 576 1393 infernalia,
590 1359 631 1388 et
649 1364 729 1388 non
743 1353 854 1388 videt
872 1353 946 1388 nisi
960 1353 1157 1399 opposita.
1211 1353 1282 1389 Est
1299 1353 1426 1388 cuivis
1440 1353 1592 1388 homini
1612 1363 1725 1388 mens
1743 1353 1803 1388 in-

302 1411 417 1441 terna
442 1412 484 1441 et
509 1417 621 1441 mens
642 1413 816 1446 externa,
839 1406 897 1441 sic
921 1406 1031 1441 visus
1053 1406 1234 1441 internus
1260 1412 1301 1441 et
1326 1406 1436 1442 visus
1461 1413 1670 1447 externus:
1695 1405 1801 1452 apud

303 1459 430 1494 malos
448 1469 560 1494 mens
579 1459 734 1494 interna
755 1459 902 1494 insanit
922 1465 963 1494 et
988 1466 1152 1494 externa
1168 1459 1283 1504 sapit,
1302 1465 1347 1494 at
1371 1459 1478 1505 apud
1500 1460 1627 1495 bonos
1645 1459 1803 1495 interna

302 1511 417 1557 sapit,
435 1518 476 1546 et
497 1522 547 1546 ex
565 1511 638 1546 hac
656 1511 775 1547 etiam
795 1519 980 1552 externa;
1005 1519 1047 1548 et
1064 1512 1169 1548 sicut
1186 1523 1299 1548 mens
1317 1519 1390 1553 est,
1410 1512 1466 1548 ita
1483 1512 1606 1548 homo
1628 1512 1668 1547 in
1686 1511 1800 1559 spiri—

301 1564 398 1599 tuali
419 1565 569 1600 mundo
591 1564 702 1600 videt
717 1564 908 1611 objecta?

374 1616 473 1653 Post
487 1617 586 1652 haec
601 1618 766 1664 angelus
784 1629 832 1653 ex
851 1617 1032 1664 potentia
1048 1617 1122 1653 sibi
1141 1618 1236 1653 data
1248 1617 1418 1653 occlusit
1435 1618 1522 1664 ejus
1534 1617 1663 1653 visum
1678 1617 1801 1653 inter·

301 1681 409 1710 num,
431 1677 473 1705 et
501 1671 657 1716 aperuit
681 1678 901 1711 externum,
928 1678 970 1706 et
999 1671 1221 1706 deducebat
1252 1671 1362 1706 illum
1393 1682 1464 1717 per
1493 1677 1629 1717 portas
1658 1681 1798 1706 versus

303 1723 568 1758 meditullium
591 1723 895 1764 habitationum,
917 1730 958 1759 et
983 1724 1085 1759 vidit
1107 1724 1253 1770 palatia
1278 1724 1490 1771 magnifica
1513 1735 1561 1759 ex
1586 1725 1799 1764 alabastro,

303 1787 509 1817 marmore,
532 1783 572 1811 et
597 1776 707 1812 vario
729 1776 860 1822 lapide
883 1777 1070 1822 pretioso,
1092 1783 1133 1812 et
1157 1777 1271 1823 juxta
1292 1777 1358 1812 illa
1379 1777 1565 1823 porticus,
1584 1784 1624 1812 et
1649 1777 1798 1812 circum

300 1829 405 1864 circa
421 1829 628 1864 columnas
645 1828 951 1874 superinduens
973 1837 1013 1865 et
1030 1829 1322 1865 circumductas
1340 1830 1562 1876 insignibus
1583 1836 1624 1865 et
1646 1829 1799 1865 decori-

301 1882 375 1916 bus
403 1882 632 1928 stupendis;
667 1893 768 1927 quae
794 1893 884 1917 cum
909 1882 1023 1921 vidit.
1049 1883 1268 1928 obstupuit,
1295 1890 1335 1918 et
1361 1883 1472 1923 dixit,
1488 1882 1627 1929 “Quid
1651 1881 1799 1918 video?

298 1934 418 1969 video
441 1934 650 1981 magnifica
671 1935 710 1970 in
734 1935 817 1980 ipsa
837 1946 909 1971 sua
929 1935 1235 1981 magnificentia,
1254 1942 1295 1971 et
1315 1934 1626 1971 architefionica
1649 1935 1687 1971 in
1710 1936 1798 1982 ipsa

299 1997 371 2022 sua
391 1993 487 2022 arte.
538 1987 595 2022 At
615 1994 713 2022 tunc
730 1988 895 2034 angelus
914 1987 1057 2023 iterum
1076 1988 1246 2023 occlusit
1263 1989 1349 2034 ejus
1367 1988 1496 2023 visum
1516 1996 1736 2029 externum,
1755 1995 1797 2024 et

298 2039 453 2085 aperuit
471 2039 683 2079 internum,
703 2040 770 2085 qui
790 2041 917 2076 malus
935 2040 1028 2086 quia
1044 2040 1160 2076 foede
1179 2041 1440 2077 scortatorius
1456 2048 1564 2082 erat:
1591 2052 1671 2087 quo
1690 2040 1796 2078 facto

298 2092 534 2128 exclamavit
548 2092 696 2133 dicens,
713 2091 850 2139 “Quid
870 2104 976 2128 nunc
992 2092 1139 2129 video?
1165 2094 1232 2128 ubi
1246 2092 1360 2129 sum?
1386 2094 1452 2129 ubi
1471 2105 1576 2130 nunc
1595 2095 1741 2141 palatia
1756 2101 1798 2131 et

297 2145 538 2191 magnifica?
587 2145 718 2180 Video
735 2152 874 2186 strues,
894 2146 1037 2181 rudera
1053 2153 1094 2181 et
1111 2146 1363 2182 cavernosa.”

370 2198 427 2234 At
453 2209 547 2233 mox
572 2197 758 2234 reduetus
784 2205 845 2234 est
871 2198 910 2233 in
937 2205 1157 2239 externum,
1178 2210 1225 2234 ac
1252 2198 1503 2235 introduc'lus
1530 2199 1568 2235 in
1595 2211 1718 2235 unum
1743 2211 1794 2236 ex

297 2250 476 2297 palatiis:
506 2257 547 2286 et
567 2251 669 2286 vidit
689 2251 967 2286 decorationes
990 2259 1204 2297 portarurn,
1227 2251 1502 2293 fenestrarum,
1524 2253 1732 2299 parietum,
1754 2261 1796 2290 et

297 2302 506 2344 teftorum,
529 2303 723 2349 imprimis
743 2303 984 2344 utensilium,
1007 2315 1126 2349 super
1145 2304 1289 2350 quibus
1314 2311 1356 2340 et
1380 2305 1529 2340 circum
1552 2316 1654 2351 quae
1676 2314 1791 2342 erant

295 2355 447 2391 formae
468 2357 661 2392 caelestes
687 2367 738 2391 ex
763 2367 861 2392 auro
886 2363 927 2392 et
953 2357 1149 2402 lapidibus
1171 2357 1367 2402 pretiosis,
1389 2369 1491 2404 quae
1516 2369 1596 2394 non
1623 2366 1794 2405 possunt

297 2409 390 2444 ullis
407 2409 572 2445 vocibus
590 2409 770 2450 describi,
787 2420 861 2445 nec
879 2410 959 2444 ulla
975 2416 1061 2445 arte
1075 2410 1278 2451 delineari,
1293 2418 1406 2446 erant
1423 2411 1529 2446 enim
1548 2422 1667 2457 supra
1685 2412 1793 2448 ideas

295 2472 454 2502 vocum,
469 2468 510 2497 et
526 2473 646 2507 supra
663 2462 850 2498 notiones
862 2462 971 2498 artis.
1024 2462 1099 2498 His
1112 2462 1207 2498 visis
1222 2463 1364 2498 iterum
1380 2464 1630 2505 exclamavit,
1643 2465 1792 2506 dicens,

298 2514 445 2550 “Haec
472 2515 557 2560 ipsa
581 2515 746 2550 mirifica
770 2522 874 2555 sunt,
895 2526 996 2561 quae
1017 2516 1156 2550 oculus
1178 2527 1372 2561 nusquam
1395 2517 1552 2552 viderat
1565 2517 1597 2558 ;''
1629 2524 1671 2553 at
1695 2524 1794 2554 tunc

297 2567 549 2612 aperiebatur
564 2567 676 2603 visus
693 2568 779 2613 ejus
801 2567 990 2608 internus,
1009 2568 1143 2603 clauso
1162 2576 1339 2610 externo,
1358 2576 1403 2604 ut
1424 2571 1543 2616 prius,
1561 2577 1604 2606 et
1625 2570 1792 2606 interro-

295 2620 464 2666 gabatur
481 2620 577 2665 quid
597 2631 702 2655 nunc
719 2620 895 2661 videret:
921 2627 963 2656 et
984 2621 1202 2666 respondit,
1222 2622 1346 2658 “Non
1370 2623 1444 2658 nisi
1463 2634 1581 2670 quam
1600 2623 1791 2660 macerias

296 2672 362 2707 hic
379 2683 428 2708 ex
444 2673 584 2718 juncis,
604 2672 669 2708 hic
688 2684 737 2708 ex
754 2674 994 2713 stramentis,
1013 2680 1054 2708 et
1072 2673 1136 2708 hic
1154 2684 1202 2709 ex
1219 2675 1430 2712 torribus.”

367 2725 445 2761 Sed
466 2724 678 2770 perduous
696 2732 757 2760 est
774 2726 906 2761 adhuc
928 2726 966 2760 in
985 2722 1133 2761 statum
1153 2727 1298 2763 mentis
1317 2734 1538 2768 externum,
1557 2734 1598 2764 et
1618 2729 1792 2765 adduce-

295 2778 441 2813 bantur
465 2778 649 2824 virgines,
672 2789 772 2823 quae
798 2786 911 2814 erant
938 2778 1217 2819 formositates,
1239 2781 1334 2826 quia
1357 2781 1790 2819 caelestis'affectionis

296 2830 500 2876 imagines,
527 2837 568 2866 et
593 2830 667 2866 hae
692 2842 791 2866 voce
820 2830 1042 2867 affe-&ionis
1066 2843 1160 2867 suae
1187 2834 1298 2868 suavi
1334 2834 1444 2869 illum
1471 2829 1788 2881 alloquebantur,

294 2890 335 2918 et
363 2890 460 2918 tunc
485 2894 533 2918 ex
558 2883 654 2918 visis
678 2890 719 2918 et
746 2884 893 2919 auditis
920 2885 1148 2919 mutabatur
1172 2884 1292 2921 facies
1317 2886 1415 2931 ejus,
1441 2893 1483 2922 et
1507 2898 1555 2922 ex
1581 2898 1624 2923 se
1650 2888 1690 2923 in
1716 2898 1789 2924 sua

295 2935 461 2976 interna,
483 2946 583 2981 quae
604 2942 718 2971 erant
739 2937 985 2977 scortatoria,
1008 2937 1137 2977 rediit,
1159 2948 1260 2982 quae
1281 2939 1375 2983 quia
1395 2951 1475 2974 non
1497 2940 1697 2976 sustinent
1717 2940 1788 2976 ali-

295 2989 391 3035 quid
409 2989 553 3024 amoris
574 2989 766 3030 caelestis,
786 2996 826 3025 et
844 2990 1019 3026 vicissim
1037 3001 1109 3026 nec
1127 2991 1375 3027 sustinentur
1391 2993 1441 3027 ab
1458 3003 1594 3029 amore
1610 2993 1786 3035 caelesti,

2004 812 2014 823 κ.
2008 787 2014 792 ι
2007 704 2014 776 ..Ἀ-,Λ
2000 484 2014 687 .-n.——a-..'-a.1·
1997 421 2006 434 “’
1997 330 2003 337 ¹*
1996 278 1998 282 ἡ

2000 2385 2014 2470 hm
2007 2346 2014 2371 π.
2006 2193 2014 2338 ΗΑΛ-4,..
2010 2150 2014 2158 .
2011 2118 2014 2125 ,

2002 3267 2014 3386 ...ιιι-ι,
2009 3239 2014 3258 ...
2009 3211 2014 3229 -
2005 3176 2014 3198 ,Δ
2006 3134 2014 3164 a..
2002 2621 2014 3125 M51n—2———n—.-.ua.—-—u.;
