2014 3386
325 338 404 391 198
783 346 1027 379 DELICIAE
1060 346 1364 380 SAPIENTIAE

318 461 424 502 inde
455 461 512 502 sit
543 460 695 514 frigus,
725 460 963 502 manifeste
989 460 1114 501 videt
1140 460 1270 509 ratio,
1298 459 1404 500 dum
1431 459 1668 513 expendit,
1696 459 1816 513 quod

317 538 445 566 amor
470 525 768 566 scortatorius
794 525 852 565 sit
880 538 904 565 e
931 525 1156 565 diametro
1181 525 1416 577 oppositus
1442 524 1585 564 amori
1612 523 1815 578 conjugi·

317 588 402 639 ali;
445 602 582 642 quare
614 601 716 629 cum
748 588 960 637 creditur,
994 587 1116 641 quod
1147 600 1274 628 amor
1305 586 1572 640 conjugialis
1608 587 1666 628 sit
1703 600 1816 628 unus
1877 630 1879 632 ,

317 665 420 693 cum
451 664 604 692 amore
636 651 925 699 scortatorio,
959 650 1009 690 fit
1041 657 1229 704 uterque
1260 664 1388 691 amor
1418 651 1462 692 in
1495 651 1599 691 idea
1630 650 1814 701 similis;

317 722 364 756 et
386 722 494 756 tunc
518 728 634 755 uxor
656 715 870 767 aspicitur
893 720 941 755 ut
963 721 1179 763 scortum,
1199 720 1246 755 et
1268 713 1525 767 conjugium
1549 720 1598 755 ut
1621 715 1815 755 immun-

317 779 458 829 ditia;
501 778 598 831 ipse
638 778 704 818 vir
730 778 868 818 etiam
909 783 980 818 est
1019 777 1214 826 adulter,
1248 778 1284 818 si
1325 791 1416 818 non
1443 790 1647 830 corpore,
1676 791 1816 831 usque

316 843 500 895 spiritu:
545 840 666 895 quod
706 841 811 882 inde
851 841 971 882 inter
995 841 1140 881 virur'n
1180 847 1228 882 et
1268 840 1361 893 ejus
1388 841 1620 881 mulierem
1661 840 1817 882 effluat

316 911 626 958 contemptus,
650 904 894 954 fastidium,
913 911 960 945 et
986 904 1227 953 aversatio,
1247 911 1294 945 et
1320 905 1382 944 sic
1407 904 1637 945 intensum
1659 904 1813 957 frigus,

315 969 572 1010 indevitato
598 968 827 1022 sequitur;
861 967 972 1009 nihil
1003 968 1123 1008 enim
1156 967 1256 1021 plus
1288 968 1332 1008 in
1364 981 1412 1008 se
1439 967 1646 1008 recondit
1678 968 1816 1021 frigus

316 1032 586 1086 conjugiale,
615 1045 749 1086 quam
776 1045 903 1072 amor
929 1032 1254 1082 scortatorius;
1287 1037 1333 1072 et
1360 1032 1462 1084 quia
1487 1033 1624 1073 etiam
1651 1032 1745 1073 abit
1770 1033 1815 1073 in

314 1096 441 1145 illud,
470 1109 560 1137 non
586 1096 815 1137 immerito
841 1096 993 1136 vocari
1019 1101 1175 1148 potest
1201 1095 1346 1147 ipsum
1372 1094 1510 1148 frigus
1533 1095 1799 1148 conjugiale.

401 1160 533 1214 248·
567 1158 685 1214 (xii.)
722 1159 852 1211 Quod
866 1173 1103 1200 causarum
1120 1165 1406 1200 externarum
1428 1159 1564 1200 tertia
1585 1159 1647 1200 sit
1666 1174 1813 1201 aemu-

318 1223 428 1265 latio
458 1223 851 1276 supereminentiae
880 1222 998 1263 inter
1026 1223 1240 1276 conjugeS,
1274 1223 1391 1263 ratio
1432 1229 1517 1271 est,
1552 1223 1656 1276 quia
1686 1236 1813 1264 amor

315 1286 584 1340 conjugialis
615 1286 735 1327 inter
767 1287 911 1339 prima
942 1299 1023 1326 sua
1054 1284 1233 1339 spectat
1266 1286 1480 1327 unionem
1507 1286 1812 1334 voluntatum,

314 1358 362 1393 et
393 1351 499 1392 inde
525 1350 681 1405 placiti
711 1350 973 1391 libertatem
992 1364 1017 1400 ;>
1043 1349 1125 1391 has
1157 1350 1269 1390 duas
1295 1350 1542 1391 aemulatio
1569 1351 1813 1404 superemi-

316 1416 498 1456 nentiae
525 1428 603 1455 seu
629 1414 686 1455 de
718 1414 920 1467 imperio,
947 1411 1069 1465 ejicit
1101 1427 1125 1454 e
1157 1413 1398 1466 conjugio3
1432 1414 1591 1455 dividit
1617 1414 1736 1454 enim
1766 1419 1814 1454 et

314 1479 528 1520 discindit
554 1478 818 1519 voluntates
842 1478 888 1518 in
915 1483 1082 1530 partes,
1108 1483 1154 1519 et
1182 1477 1338 1531 placiti
1365 1477 1627 1518 libertatem
1652 1478 1813 1518 immu-

315 1549 386 1584 tat
427 1543 471 1583 in
512 1543 793 1583 servitutem.
856 1541 977 1582 Dum
1009 1541 1256 1582 aemulatio
1292 1541 1370 1582 illa
1409 1547 1599 1595 perstat,
1632 1541 1835 1596 spiritus·

315 1606 443 1647 unius
483 1612 637 1647 versat
668 1605 913 1646 violentias
950 1611 1111 1646 contra
1143 1604 1363 1655 alterum;
1409 1606 1446 1645 si
1486 1610 1814 1646 tuncmentes

314 1668 493 1710 illorum
515 1670 798 1722 aperirentur
823 1676 870 1710 et
897 1669 1268 1722 conspicerentur
1289 1669 1385 1708 visu
1412 1668 1648 1721 spirituali,
1672 1681 1812 1721 appa-

314 1739 467 1774 rerent
499 1734 613 1774 sicut
640 1733 910 1773 dimicantes
936 1732 1220 1785 pugionibus,
1249 1738 1296 1772 et
1327 1731 1450 1785 quod
1481 1731 1669 1772 alternis
1700 1731 1813 1772 odiis

315 1803 362 1838 et
399 1796 584 1838 alternis
609 1796 837 1837 favoribus
868 1793 1158 1849 aspectarent
1191 1809 1272 1846 se;
1317 1795 1432 1836 odiis
1465 1808 1565 1836 cum
1597 1795 1642 1835 in
1673 1794 1812 1836 vehe-

315 1861 488 1902 mentia
504 1861 822 1902 aemulationis
844 1867 965 1909 sunt,
990 1866 1036 1901 et
1061 1859 1289 1900 favoribus
1312 1859 1418 1900 dum
1441 1859 1484 1899 in
1508 1872 1587 1912 spe
1610 1859 1809 1907 dominii,

314 1930 362 1965 et
393 1923 501 1965 dum
538 1925 582 1964 in
614 1924 799 1965 libidine
831 1930 951 1965 sunt.
1013 1922 1142 1964 Haec
1175 1922 1408 1964 dimicatio
1440 1928 1545 1976 post
1575 1920 1811 1963 victoriam

315 1988 445 2028 unius
477 2001 609 2040 super
640 1987 837 2028 alterum
868 1986 1042 2028 recedit
1073 1987 1131 2027 ab
1162 1986 1382 2035 externis,
1415 1992 1462 2026 at
1494 1986 1652 2039 recipit
1683 1999 1731 2027 se
1767 1986 1811 2026 in

315 2051 483 2092 mentis
509 2051 702 2100 interna,
731 2057 778 2092 et
803 2051 864 2092 ibi
890 2056 1046 2091 manet
1072 2063 1171 2091 cum
1198 2050 1386 2103 irrequie
1409 2049 1673 2100 recondita;
1706 2049 1811 2090 inde

314 2121 386 2155 est
409 2113 649 2167 subjugato
671 2128 750 2156 seu
772 2129 904 2156 servo
925 2115 1079 2167 frigus,
1099 2120 1145 2155 et
1171 2127 1348 2168 quoque
1371 2112 1541 2154 victrici
1564 2127 1642 2154 seu
1664 2113 1810 2154 dorni-

315 2190 425 2218 nae:
474 2177 594 2231 quod
627 2178 767 2218 etiam
797 2178 900 2219 huic
933 2178 992 2219 sit
1028 2178 1181 2231 frigus,
1215 2183 1285 2218 est
1317 2177 1420 2230 quia
1451 2190 1542 2217 non
1579 2183 1649 2217 est
1685 2189 1812 2218 amor

314 2239 579 2294 conjugialis
605 2241 811 2294 amplius,
839 2255 891 2282 ac
919 2241 1112 2294 privatio
1138 2238 1266 2292 hujus
1292 2240 1457 2281 amoris
1483 2246 1553 2281 est
1580 2240 1717 2293 frigus
1745 2238 1808 2294 (n.

314 2303 444 2358 235):
483 2303 585 2345 loco
611 2305 777 2345 amoris
803 2304 1069 2358 conjugialis
1094 2310 1165 2345 est
1190 2303 1290 2344 huic
1319 2303 1443 2344 calor
1474 2318 1532 2344 ex
1564 2305 1809 2357 superemi-

315 2367 484 2416 nentia,
513 2367 594 2408 sed
626 2367 698 2408 hic
730 2367 855 2408 calor
886 2381 1067 2421 prorsus
1094 2367 1324 2414 discordat
1351 2379 1451 2407 cum
1479 2366 1628 2407 calore
1655 2366 1808 2420 conju-

314 2430 435 2484 giali,
464 2437 512 2472 at
544 2436 698 2483 potest
730 2432 933 2472 exterius
960 2430 1238 2472 concordare
1265 2430 1414 2470 media
1440 2430 1638 2471 libidine.
1699 2430 1809 2471 Post

314 2494 667 2535 conventionem
694 2495 811 2535 inter
835 2494 938 2535 illos
964 2494 1167 2541 tacitam,
1195 2498 1385 2546 apparet
1407 2494 1522 2534 sicut
1545 2507 1673 2534 amor
1698 2507 1807 2535 con-

309 2556 490 2610 jugialis
521 2555 664 2598 sactus
696 2558 755 2598 sit
786 2558 1012 2598 amicitia:
1055 2563 1103 2598 at
1139 2557 1381 2597 discrimen
1414 2558 1532 2598 inter
1561 2557 1808 2598 amicitiam

314 2618 619 2674 conjugialem
651 2627 698 2661 et
730 2621 977 2662 amicitiam
1009 2620 1220 2661 servilem
1251 2621 1295 2660 in
1328 2620 1561 2673 conjugiis,
1589 2627 1659 2661 est
1691 2621 1807 2661 sicut

314 2684 555 2725 discrimen
587 2684 706 2724 inter
737 2683 884 2724 lucem
916 2690 962 2725 et
994 2683 1216 2732 umbram,
1244 2684 1362 2724 inter
1392 2684 1545 2737 ignem
1578 2684 1728 2725 vivum
1759 2690 1807 2724 et

313 2746 502 2796 fatuum,
522 2747 660 2788 immo
682 2747 798 2787 sicut
820 2747 938 2787 inter
959 2746 1191 2788 hominem
1213 2746 1398 2800 plenum
1421 2760 1571 2796 carne,
1591 2752 1637 2788 et
1659 2745 1805 2788 homi-

315 2824 421 2851 nem
447 2809 592 2851 solum
619 2823 721 2851 osse
747 2816 795 2851 et
822 2816 925 2851 cute
952 2816 1258 2851 constantem.

399 2883 532 2927 249.
565 2872 698 2928 (xiii.)
737 2872 990 2915 Causarum
1010 2879 1296 2914 externarum
1306 2873 1515 2927 frig-oris
1540 2878 1717 2927 quarta,
1740 2878 1809 2914 est

315 2936 439 2976 nulla
455 2936 763 2977 determinatio
783 2937 849 2977 ad
864 2936 1050 2990 aliquod
1065 2936 1261 2977 studium
1283 2943 1361 2977 aut
1381 2936 1619 2990 negotium,
1642 2950 1699 2977 ex
1717 2950 1805 2989 qua

314 3000 537 3053 cupiditas
562 2999 916 3054 vaga—Homo
942 3006 1121 3041 creatus
1147 3006 1218 3041 est
1244 3000 1301 3041 ad
1328 3014 1447 3049 usuS,
1475 3001 1578 3053 quia
1603 3013 1708 3040 usus
1734 3005 1804 3041 est
