2014 3386
338 362 423 404 294
798 360 1040 393 DELICIAE
1071 359 1376 393 SAPIENTIAE

338 473 551 523 libidinis,
585 473 708 527 cujus
749 488 826 516 rea
865 480 952 523 est,
985 480 1266 527 argueretur.
1329 474 1572 516 Praeterea
1602 474 1834 530 zelotypia

337 537 545 578 abscedit
564 538 608 578 in
627 537 798 578 nullam
816 538 935 591 apud
954 537 1071 586 illos,
1087 537 1162 590 qui
1179 537 1395 578 uxoribus
1409 539 1670 580 concedunt
1688 538 1830 581 licen-

338 602 450 643 tiam
481 607 668 654 propter
693 598 919 642 defectum
946 600 1184 654 potentiae
1205 614 1214 651 ;
1252 607 1440 654 propter
1465 603 1831 655 procreationem

336 663 582 705 liberorum
621 663 892 705 hereditatis
932 677 1096 714 causa;
1138 669 1238 705 tum
1277 664 1398 717 apud
1438 664 1614 718 aliquos
1645 672 1834 719 propter

339 734 585 781 quaestus;
615 733 666 769 et
693 728 756 768 sic
783 740 930 780 porro.
993 727 1175 768 Dantur
1200 727 1340 768 etiam
1367 727 1577 781 conjugia
1601 734 1832 771 scortato-

338 792 418 840 ria,
445 792 490 832 in
527 791 686 845 quibus
723 804 784 831 ex
821 797 980 832 mutuo
1017 802 1246 831 consensu
1286 791 1463 844 utrique
1494 792 1629 833 datur
1652 792 1833 834 veneris

342 853 543 902 licentia,
573 861 619 895 et
647 861 805 895 tamen
831 853 944 895 facie
971 853 1092 894 civili
1117 853 1203 894 sibi
1229 853 1433 894 obviant.

424 926 548 972 377.
582 917 702 972 (xii.)
741 917 869 968 Quod
887 917 1105 970 zelotypia
1129 916 1263 958 etiam
1293 916 1357 958 sit
1378 923 1468 970 pro
1486 917 1731 970 pellicibus,
1755 917 1840 959 sed

340 994 424 1021 non
450 981 557 1022 talis
581 981 729 1034 qualis
753 986 821 1021 est
837 986 929 1033 pro
950 979 1485 1033 uxoribus.—Zelotypia
1510 994 1592 1034 pro
1615 981 1833 1022 uxoribus

341 1045 532 1085 scaturit
560 1057 619 1085 ex
645 1044 818 1085 intimis
844 1043 965 1097 apud
991 1042 1241 1092 hominem,
1268 1049 1316 1084 at
1341 1043 1571 1097 zelotypia
1596 1057 1677 1097 pro
1702 1043 1832 1097 pelli-

341 1108 468 1149 cibus
499 1108 557 1149 ab
588 1108 809 1156 externis,
838 1121 975 1161 quare
1006 1113 1114 1148 sunt
1144 1106 1258 1148 alius
1290 1107 1484 1159 generis.
1545 1105 1679 1159 Quod
1711 1107 1833 1150 zelo·

341 1172 471 1225 typia
511 1185 592 1225 pro
624 1171 842 1212 uxoribus
873 1184 933 1212 ex
970 1170 1143 1211 intimis
1174 1171 1411 1219 scaturiat,
1445 1176 1516 1211 est
1549 1183 1699 1220 causa,
1732 1172 1836 1225 quia

342 1248 470 1276 amor
501 1234 770 1288 conjugialis
801 1234 862 1275 ibi
892 1234 1091 1284 residet;
1133 1233 1256 1287 quod
1293 1233 1354 1274 ibi
1384 1234 1598 1282 resideat,
1631 1240 1702 1276 est
1733 1234 1836 1288 quia

342 1297 601 1351 conjugium
633 1312 692 1339 ex
725 1296 859 1351 pacta
884 1297 1163 1338 aeternitate
1189 1296 1283 1349 ejus
1309 1297 1606 1338 constabilita
1637 1310 1717 1351 per
1739 1295 1836 1339 soe·

342 1362 441 1411 dus,
465 1368 512 1403 et
534 1376 711 1416 quoque
736 1375 796 1402 ex
823 1361 1104 1415 aequalitate
1125 1359 1232 1414 juris
1255 1361 1376 1414 quod
1400 1361 1528 1401 unius
1555 1361 1612 1402 sit
1635 1360 1834 1410 alterius,

343 1427 441 1467 unit
467 1426 656 1474 animas,
681 1431 728 1466 et
755 1430 933 1466 mentes
955 1425 1159 1478 superius
1182 1424 1323 1478 ligat:
1356 1424 1470 1465 haec
1498 1424 1661 1477 ligatio
1687 1430 1734 1467 et
1759 1424 1838 1466 illa

345 1490 451 1530 unio
469 1488 611 1530 semel
630 1489 789 1537 indita,
809 1494 965 1529 manet
983 1487 1222 1536 indivulsa,
1243 1487 1568 1541 qualiscunque
1585 1500 1726 1536 amor,
1742 1488 1836 1529 sive

344 1551 517 1593 calidus
531 1553 625 1593 sive
641 1551 842 1605 frigidus,
862 1557 1025 1605 postea
1042 1551 1300 1592 intercedit.
1355 1551 1467 1592 Inde
1485 1557 1571 1599 est,
1585 1551 1704 1604 quod
1722 1551 1837 1592 invi-

345 1616 463 1658 tatio
481 1616 538 1656 ad
556 1628 758 1656 amorem
781 1615 839 1656 ab
857 1628 1000 1656 uxore
1014 1614 1246 1668 infrigeret
1265 1620 1412 1655 totum
1431 1614 1575 1655 virum
1593 1614 1651 1654 ab
1666 1614 1838 1655 intimis

345 1679 403 1721 ad
426 1678 613 1729 ultima;
644 1685 692 1720 at
714 1678 927 1719 invitatio
949 1678 1007 1718 ad
1029 1690 1231 1718 amorem
1254 1691 1281 1718 a
1303 1676 1483 1731 pellice,
1503 1677 1723 1718 amasium
1746 1689 1838 1718 non

344 1743 424 1784 ita.
485 1741 563 1783 Ad
582 1741 859 1795 zelotypiam
874 1755 955 1795 pro
973 1755 1116 1782 uxore
1133 1741 1313 1783 accedit
1331 1740 1521 1781 ambitio
1538 1740 1684 1781 famae
1702 1752 1836 1794 prop-

345 1812 417 1847 ter
441 1805 664 1846 honorem
687 1819 696 1856 ;
729 1811 776 1846 et
802 1804 889 1846 hoc
917 1805 1224 1845 accessorium
1251 1803 1512 1858 zelotypiae
1538 1817 1629 1844 non
1655 1810 1726 1845 est
1757 1817 1839 1857 pro

345 1869 523 1923 pellice.
586 1867 675 1909 Sed
702 1882 842 1922 usque
867 1867 979 1909 haec
1007 1874 1054 1917 et
1081 1867 1158 1908 illa
1184 1867 1414 1920 zelotypia
1435 1867 1558 1907 varia
1579 1873 1650 1908 est
1677 1879 1837 1907 secun·-

346 1933 454 1973 dum
480 1932 635 1973 sedem
668 1932 835 1972 amoris
860 1931 1034 1984 recepti
1060 1931 1118 1971 ab
1143 1944 1301 1978 uxore,
1330 1936 1377 1971 et
1404 1930 1578 1983 recepti
1604 1943 1630 1970 a
1655 1929 1835 1983 pellice,

346 2001 394 2037 et
420 1995 551 2036 simul
578 1995 828 2035 secundum
855 2000 1029 2035 statum
1052 1993 1204 2046 judicii
1229 1993 1311 2034 viri
1337 1993 1600 2046 recipientis
1625 1992 1766 2034 illum.

431 2058 559 2112 378.
594 2056 728 2111 (xiii.)
766 2056 893 2107 Quod
900 2056 1118 2109 zelotypia
1130 2055 1262 2096 etiam
1276 2055 1337 2096 sit
1349 2055 1474 2107 apud
1483 2055 1647 2096 bestias
1663 2054 1845 2108 etapud

346 2119 662 2173 aves.—Quod
695 2120 754 2161 sit
785 2119 905 2173 apud
937 2119 1068 2168 feras,
1102 2125 1150 2160 ut
1182 2118 1353 2167 leones,
1382 2118 1589 2171 tigrides,
1617 2131 1758 2167 ursos,
1790 2124 1839 2159 et

348 2184 512 2238 plures,
541 2184 648 2224 dum
679 2182 769 2224 illis
796 2182 937 2224 catuli
962 2188 1083 2230 sunt,
1112 2188 1271 2223 notum
1298 2187 1395 2231 est;
1429 2188 1527 2222 tum
1554 2182 1693 2222 etiam
1719 2181 1840 2235 apud

348 2253 518 2294 tauros,
544 2246 730 2287 tametsi
751 2245 839 2287 illis
861 2258 952 2287 non
975 2245 1129 2286 vituli:
1163 2245 1509 2286 exstantissime
1533 2244 1652 2298 apud
1675 2243 1838 2297 gallos,

348 2310 422 2363 qui
448 2323 529 2363 pro
551 2309 733 2362 gallinis
756 2309 846 2349 suis
868 2321 970 2349 cum
991 2307 1204 2349 rivalibus
1226 2307 1446 2348 dimicant
1474 2321 1613 2360 usque
1638 2307 1696 2348 ad
1719 2319 1839 2347 mor-

349 2378 458 2413 tem.
520 2371 655 2425 Quod
681 2371 751 2412 his
777 2371 880 2412 talis
907 2370 1136 2423 zelotypia
1161 2370 1234 2418 sit,
1258 2376 1329 2411 est
1355 2370 1459 2423 quia
1481 2375 1586 2410 sunt
1609 2375 1840 2410 amatores

349 2435 550 2488 gloriosi,
575 2448 626 2476 ac
653 2434 801 2490 gloria
822 2434 988 2475 amoris
1013 2433 1142 2474 istius
1170 2446 1260 2473 non
1285 2433 1479 2473 sustinet
1506 2445 1687 2486 parem;
1719 2431 1841 2485 quod

348 2498 413 2539 illi
431 2499 521 2539 sint
540 2505 770 2540 amatores
788 2497 974 2551 gloriosi
991 2510 1099 2550 prae
1114 2496 1237 2537 omni
1255 2509 1423 2549 genere
1441 2502 1487 2536 et
1507 2495 1657 2548 specie
1675 2495 1839 2542 avium,

349 2575 410 2602 ex
441 2561 622 2602 illorum
654 2562 876 2614 gestibus,
904 2560 1101 2608 nutibus,
1130 2559 1373 2612 gressibus,
1402 2565 1450 2600 et
1481 2559 1605 2599 sonis
1635 2563 1840 2612 apparet.

351 2624 487 2678 Quod
519 2625 665 2678 gloria
690 2625 875 2665 honoris
906 2623 1026 2677 apud
1057 2623 1177 2664 viros
1204 2629 1299 2663 tarn
1331 2628 1563 2663 amatores
1589 2634 1723 2675 quam
1750 2633 1841 2661 non

350 2694 581 2729 amatores
613 2688 814 2736 inducat,
846 2686 1028 2729 exaltet
1068 2692 1115 2728 et
1157 2691 1339 2738 asperet
1381 2684 1675 2737 zelotypiam,
1708 2696 1843 2737 supra

352 2750 674 2792 confirmatum
702 2757 786 2793 est.

435 2820 568 2866 379.
601 2812 735 2867 (Χίν.)
773 2813 902 2864 Quod
919 2811 1137 2866 zelotypia
1161 2811 1288 2864 apud
1313 2810 1435 2852 viros
1465 2816 1507 2852 et
1536 2808 1722 2850 maritos
1746 2807 1842 2849 alia

351 2876 425 2925 sit,
449 2890 581 2929 quam
601 2876 727 2928 apud
734 2876 935 2928 feminas
959 2881 1002 2916 et
1021 2873 1345 2916 uxores.-Sed
1367 2873 1625 2915 discrimina
1646 2871 1724 2912 illa
1749 2883 1841 2911 non

352 2945 543 2992 possunt
576 2938 790 2980 distincte
822 2939 955 2987 tradi,
987 2937 1200 2991 quoniam
1232 2937 1465 2990 zelotypia
1496 2935 1584 2976 alia
1615 2940 1685 2975 est
1721 2932 1840 2987 apud

351 3003 568 3056 conjuges
609 3003 682 3056 qui
723 3016 771 3043 se
812 3001 1107 3055 spiritualiter
1137 3006 1311 3049 amant,
1344 2999 1433 3040 alia
1471 2998 1591 3052 apud
1623 2996 1840 3050 conjuges
