2014 3386
307 357 393 400 240
772 356 1015 389 DELICIAE
1047 356 1352 390 SAPIENTIAE

302 468 544 514 stabiliunt
578 468 721 510 illum.
789 467 1020 522 Quoniam
1052 469 1318 511 essentialia
1348 469 1505 511 insunt
1541 469 1726 524 nuptiis,
1757 476 1806 512 et

302 532 518 586 quoniam
549 545 642 573 non
673 531 795 586 prius
834 545 971 586 quam
1002 538 1109 586 post
1139 532 1242 573 illas
1272 532 1321 574 fit
1352 532 1610 586 legitimum
1647 533 1805 587 conju-

300 596 444 649 gium,
476 595 581 636 ideo
611 595 751 636 etiam
783 595 970 649 nuptiae
1001 595 1295 637 celebrantur
1325 595 1371 638 in
1401 597 1542 638 caelis
1574 597 1806 651 (videatur

299 672 454 713 supra,
478 671 520 700 n.
545 669 594 699 21
620 672 629 709 ;
661 647 710 699 et
735 664 841 712 post
866 657 961 707 illa,
988 672 1029 699 n.
1054 658 1233 712 27—41).

385 732 519 777 307.
565 721 668 777 (xi.)
706 722 835 774 Quod
860 729 963 764 ante
996 722 1323 765 celebrationem
1359 724 1620 777 nuptiarum
1639 724 1805 777 foedus

298 785 544 841 conjugiale
566 786 858 839 pangendum
897 785 960 827 sit
988 786 1034 827 in
1065 787 1325 839 praesentia
1355 787 1805 842 testium—Oportet

300 856 349 890 ut
375 849 535 890 foedus
563 849 821 902 conjugiale
849 856 1080 903 pangatur
1101 856 1351 904 antequam
1374 850 1665 893 celebrantur
1687 865 1803 906 nup-

301 914 408 962 tiae,
438 920 487 954 ut
515 913 681 954 amoris
713 927 819 954 vere
851 913 1122 966 conjugialis
1153 919 1332 955 statuta
1365 920 1411 956 et
1444 914 1572 969 leges
1603 928 1804 969 cognos-

299 983 477 1025 cantur,
511 982 558 1018 et
600 975 781 1017 illorum
812 977 1111 1018 recordentur
1143 983 1249 1031 post
1283 979 1491 1031 nuptias;
1534 985 1631 1020 tum
1663 985 1712 1020 ut
1745 979 1803 1020 sit

298 1039 533 1081 vinculum
556 1040 613 1080 ad
631 1039 805 1093 justum
827 1039 1086 1093 conjugium
1110 1047 1290 1082 mentes
1312 1043 1662 1095 constringens;
1695 1055 1801 1083 nam

300 1110 407 1158 post
450 1103 604 1157 aliqua
644 1103 935 1144 initiamenta
976 1103 1172 1157 conjugii
1214 1118 1293 1158 per
1332 1105 1455 1146 vices
1495 1105 1612 1146 redit
1652 1111 1801 1147 status

298 1167 582 1221 praecedens
619 1167 1044 1219 desponsationem,
1083 1167 1127 1208 in
1160 1181 1250 1221 quo
1291 1169 1407 1222 perit
1447 1168 1721 1218 recordatio,
1754 1174 1803 1211 et

299 1231 421 1272 subit
444 1230 613 1271 oblivio
635 1230 830 1271 foederis
855 1228 973 1283 pacti
996 1244 1005 1281 ;
1037 1231 1177 1271 immo
1203 1245 1262 1272 ex
1289 1229 1626 1273 allectamentis
1650 1231 1708 1272 ab
1732 1231 1801 1272 in-

299 1294 441 1336 castis
467 1294 524 1334 ad
548 1294 726 1335 incasta
757 1293 807 1334 fit
834 1293 1122 1335 oblitteratio
1149 1293 1256 1347 ejus,
1285 1299 1331 1334 et
1359 1294 1395 1334 si
1422 1300 1530 1336 tunc
1557 1300 1802 1336 revocatur

297 1357 343 1398 in
375 1357 655 1406 memoriam,
683 1355 733 1397 fit
765 1357 1042 1410 vituperatio
1073 1355 1191 1410 ejus:
1225 1357 1306 1398 sed
1338 1357 1396 1398 ad
1427 1357 1509 1398 has
1541 1364 1801 1411 transgres-

296 1420 449 1461 siones
481 1420 758 1461 avertendas
790 1420 888 1474 ipsa
919 1420 1117 1461 societas
1143 1419 1339 1462 tutelam
1371 1420 1490 1462 illius
1529 1421 1723 1463 foederis
1754 1422 1799 1462 in

295 1497 344 1524 se
368 1484 584 1536 suscepit,
604 1489 651 1524 et
674 1483 841 1524 indixit
861 1496 1032 1536 poenas
1054 1481 1321 1524 frac'toribus
1344 1481 1450 1536 ejus.
1511 1483 1682 1532 Verbo,
1701 1483 1796 1526 foe-

295 1547 378 1588 dus
405 1546 724 1600 antenuptiale
757 1546 1022 1588 manifestat
1054 1546 1232 1587 sancita
1263 1547 1428 1587 amoris
1454 1560 1559 1588 vere
1592 1546 1797 1602 conjugi·

295 1609 393 1659 alis,
427 1610 603 1651 stabilit
635 1609 728 1658 illa,
762 1623 814 1650 ac
848 1610 1086 1651 libertinos
1118 1609 1175 1650 ad
1207 1609 1471 1664 obsequium
1503 1609 1683 1651 illorum
1715 1611 1797 1652 ad-

294 1674 505 1727 stringit:
549 1674 744 1721 accedit‚
779 1674 899 1727 quod
941 1687 1021 1726 per
1060 1673 1219 1714 foedus
1259 1672 1362 1721 hoc,
1400 1672 1470 1726 jus
1510 1674 1795 1727 propagandi

295 1737 476 1786 liberos,
519 1749 571 1777 ac
618 1736 770 1777 liberis
810 1735 881 1789 jus
925 1735 1213 1777 hereditandi
1259 1735 1381 1777 bona
1421 1743 1676 1790 parentum,
1715 1735 1795 1778 fiat

294 1800 565 1854 legitimum.

377 1863 515 1916 308.
560 1861 679 1916 (xii.)
718 1862 847 1914 Quod
871 1862 1119 1918 conjugium
1149 1876 1178 1903 a
1207 1862 1433 1903 sacerdote
1452 1862 1794 1904 consecrandum

292 1926 574 1968 sit—Causa
601 1934 686 1975 est,
716 1927 820 1980 quia
845 1926 1057 1979 conjugia
1088 1927 1132 1967 in
1164 1939 1212 1967 se
1244 1924 1453 1980 spectata
1479 1932 1584 1967 sunt
1609 1926 1792 1979 spiritu-

293 1990 395 2038 alia,
416 1996 463 2031 et
487 1990 592 2030 inde
611 1988 796 2040 sanct&
830 1989 1118 2030 descendunt
1141 1989 1260 2030 enim
1284 2003 1342 2030 ex
1367 1988 1556 2029 caelesti
1580 1988 1792 2042 conjugio

292 2054 399 2094 boni
426 2059 473 2094 et
496 2053 604 2100 veri,
629 2066 681 2094 ac
710 2052 983 2107 conjugialia
1005 2052 1366 2106 correspondent
1392 2051 1558 2092 Divino
1581 2051 1793 2106 conjugio

292 2117 478 2158 Domini
504 2123 551 2158 et
584 2115 851 2168 Ecclesiae;
884 2122 930 2157 et
960 2116 1066 2156 inde
1099 2115 1178 2156 illa
1209 2122 1314 2156 sunt
1347 2114 1405 2155 ab
1438 2115 1545 2168 Ipso
1577 2115 1790 2164 Domino,

291 2187 337 2222 et
365 2181 615 2222 secundum
643 2187 819 2221 statum
847 2179 1068 2221 ecclesiae
1099 2178 1221 2232 apud
1254 2177 1596 2219 contrahentes.
1658 2178 1811 2220 Nunc‘

290 2245 394 2298 quia
420 2243 760 2285 ecclesiasticus
784 2243 897 2284 ordo
923 2243 967 2283 in
994 2242 1126 2284 terris
1150 2242 1378 2282 ministrat
1402 2241 1480 2281 illa
1503 2255 1617 2295 quae
1640 2255 1790 2283 sacer-

290 2308 403 2349 dotii
441 2314 547 2349 sunt
588 2307 708 2361 apud
751 2306 1013 2355 Dominum,
1047 2305 1134 2346 hoc
1172 2311 1256 2353 est,
1291 2318 1405 2358 quae
1448 2305 1593 2358 Ipsius
1625 2305 1791 2346 amoris

290 2378 410 2420 sunt,
440 2372 505 2413 ita
530 2385 710 2425 quoque
742 2370 821 2411 illa
853 2383 968 2423 quae
999 2366 1330 2410 benedictionis
1362 2375 1482 2417 sunt,
1512 2374 1711 2421 oportet,
1739 2374 1789 2409 ut

289 2434 501 2488 conjugia
540 2449 566 2475 a
607 2434 825 2475 ministris
867 2433 1014 2486 Ipsius
1054 2437 1403 2481 consacrentur;
1447 2437 1493 2472 et
1535 2431 1639 2484 quia
1679 2437 1786 2472 tunc

288 2499 428 2539 etiam
461 2504 567 2539 sunt
600 2498 753 2551 capita
785 2497 988 2544 testium,
1018 2501 1067 2536 ut
1100 2507 1350 2536 consensus
1381 2494 1576 2535 foederis
1608 2493 1666 2535 ab
1696 2493 1786 2535 illis

288 2562 429 2602 etiam
470 2561 689 2610 audiatur,
734 2565 1016 2614 acceptetur,
1060 2558 1278 2607 firmetur,
1324 2563 1371 2599 et
1415 2558 1477 2599 sic
1519 2557 1787 2599 constabili·

288 2630 404 2666 atur.

372 2696 514 2740 309.
547 2685 680 2741 (xiii.)
718 2685 848 2736 Quod
878 2685 1060 2739 nuptiae
1092 2698 1188 2726 cum
1212 2684 1470 2737 festivitate
1503 2683 1789 2725 celebrandae

287 2749 629 2792 sint—Causae
652 2757 773 2799 sunt,
793 2750 897 2804 quia
919 2762 1046 2790 amor
1067 2747 1412 2802 antenuptialis,
1433 2748 1506 2801 qui
1524 2747 1606 2788 fuit
1630 2747 1786 2801 sponsi

288 2820 336 2855 et
367 2827 576 2867 sponsae,
610 2820 717 2854 tunc
751 2813 990 2867 descendit
1022 2812 1066 2853 in
1107 2810 1286 2852 illorum
1319 2811 1471 2858 corda,
1501 2815 1547 2851 et
1588 2823 1668 2863 per
1698 2809 1784 2850 cir-

288 2876 676 2930 cumsparsionem
717 2876 811 2929 ejus
855 2876 960 2917 inde
1001 2874 1244 2916 universim
1285 2874 1329 2914 in
1370 2886 1548 2926 corpus,
1592 2872 1783 2913 deliciae

288 2940 486 2994 conjugii
508 2940 780 2987 sentiuntur,
805 2953 863 2980 ex
887 2939 1046 2992 quibus
1068 2936 1246 2978 illorum
1270 2942 1450 2977 mentes
1471 2935 1633 2977 festiva
1655 2935 1783 2988 cogi-

289 3009 407 3054 tant,
436 3009 483 3045 et
510 3016 688 3057 quoque
721 3016 768 3044 se
800 3003 845 3043 in
877 3002 1130 3051 festivates,
1158 3006 1378 3054 quantum
1411 2998 1519 3040 licet
1552 3003 1599 3039 et
1632 2997 1782 3048 decet,
