2014 3386
647 354 710 386 DE
742 351 927 393 AMORE,
953 351 1379 395 CONJUGIAL1.—-N.
1411 343 1504 396 360.
1735 344 1815 397 285

321 473 407 517 est,
435 467 539 522 quia
563 479 692 508 amor
717 473 788 508 est
811 481 911 508 esse
937 467 1061 508 vitae
1083 466 1292 514 hominis,
1317 480 1452 520 quare
1476 468 1551 520 qui
1576 466 1817 520 impugnat

321 543 538 580 amorem,
561 531 802 584 impugnat
829 532 973 584 ipsam
996 530 1165 581 vitam;
1199 535 1245 571 et
1268 529 1316 570 fit
1341 537 1448 571 tunc
1471 536 1621 571 status
1643 543 1815 571 excan-

318 595 580 636 descentiae
626 601 788 635 contra
832 595 1215 647 impugnatorem,
1263 594 1380 634 sicut
1424 600 1574 634 status
1619 593 1816 647 cujusvis

317 659 531 708 hominis,
565 672 699 712 quem
741 658 858 699 alter
898 658 1166 711 aggreditur
1197 657 1417 698 occidere.
1478 657 1605 698 Talis
1642 671 1814 699 excan-

317 723 556 763 descentia
578 729 649 763 est
673 723 812 763 cuivis
834 723 990 771 amori,
1015 722 1153 762 etiam
1176 734 1352 762 summe
1375 720 1578 775 pacifico,
1597 727 1647 763 ut
1670 723 1814 762 mani·

315 786 431 827 feste
458 786 637 827 videtur
668 800 727 826 ex
760 785 956 838 gallinis,
985 785 1233 834 anseribus,
1261 785 1420 826 avibus
1446 786 1591 826 omnis
1617 787 1813 839 generis,

316 849 437 903 quod
477 850 648 903 absque
684 850 845 890 timore
885 850 1123 902 insurgant
1164 855 1326 890 contra
1365 848 1482 898 illos,
1516 863 1567 890 ac
1606 849 1813 890 involent

314 912 419 961 illis,
448 914 522 967 qui
548 913 736 954 laedunt
763 912 926 966 pullos,
955 920 1033 954 aut
1060 913 1266 954 auferunt
1293 926 1446 953 escas:
1482 913 1603 966 quod
1630 913 1813 966 quibus-

314 976 420 1017 dam
459 977 620 1018 bestiis
660 977 719 1017 sit
760 977 1005 1025 iracundia,
1048 990 1099 1017 ac
1140 976 1244 1017 feris
1286 976 1420 1024 furor,
1463 977 1499 1017 si
1539 976 1815 1017 infestantur

314 1039 468 1089 catuli,
503 1046 580 1081 aut
607 1039 806 1081 aufertur
831 1040 1013 1093 praeda,
1042 1046 1202 1081 notum
1229 1046 1312 1081 est.
1376 1039 1511 1093 Quod
1539 1053 1665 1080 amor
1687 1039 1811 1080 dica-

312 1110 386 1144 tur
411 1103 602 1156 flagrare
634 1104 749 1145 sicut
779 1104 911 1156 ignis,
936 1111 1005 1144 est
1032 1104 1135 1158 quia
1160 1117 1289 1145 amor
1314 1117 1405 1145 non
1432 1103 1552 1144 aliud
1579 1110 1650 1144 est
1677 1116 1811 1157 quam

312 1166 437 1208 calor
468 1166 727 1220 spiritualis,
762 1167 976 1208 oriundus
1013 1181 1073 1208 ex
1110 1168 1217 1220 igne
1249 1167 1356 1208 solis
1388 1167 1598 1220 angelici,
1632 1168 1708 1221 qui
1740 1174 1811 1208 est

311 1244 447 1284 purus
465 1244 616 1271 amor:
651 1230 771 1284 quod
794 1244 921 1271 amor
937 1231 994 1272 sit
1017 1231 1141 1272 calor
1158 1232 1275 1272 sicut
1298 1246 1357 1272 ex
1373 1225 1499 1284 igne,
1519 1237 1648 1285 patet
1667 1231 1809 1271 mani—

310 1295 425 1336 feste
458 1309 517 1335 ex
550 1294 705 1335 calore
733 1308 972 1347 corporum
999 1295 1269 1344 viventium,
1298 1295 1372 1349 qui
1405 1309 1496 1336 non
1530 1294 1713 1335 aliunde
1740 1301 1810 1335 est

311 1371 445 1412 quam
478 1373 537 1399 ex
570 1371 725 1399 amore
757 1358 966 1409 illorum;
1008 1364 1103 1399 tum
1135 1359 1255 1412 quod
1287 1358 1496 1399 homines
1526 1358 1809 1399 incalescant

311 1428 359 1462 et
391 1421 728 1462 inflammentur
759 1422 1009 1462 secundum
1042 1423 1209 1463 amoris
1241 1422 1566 1463 exaltationes.
1626 1421 1703 1463 Ex
1740 1421 1809 1462 his

310 1491 455 1538 patet,
484 1485 604 1538 quod
631 1485 753 1526 zelus
780 1486 838 1526 sit
866 1486 983 1527 sicut
1009 1486 1130 1539 ignis
1156 1486 1321 1526 amoris
1347 1485 1558 1538 flagrans.

392 1557 530 1602 359·
565 1547 646 1602 (ii.)
685 1548 1042 1603 Quodstagratio
1063 1562 1139 1590 seu
1148 1548 1341 1603 flamma
1357 1548 1479 1589 illius
1496 1548 1678 1597 amoris,
1698 1563 1811 1602 quae

311 1618 379 1653 est
407 1611 542 1660 zelus,
576 1612 637 1652 sit
655 1611 882 1666 flagratio
912 1626 987 1653 seu
1005 1611 1199 1666 flamma
1228 1611 1497 1665 spz'rz'tualzlr,
1530 1611 1719 1653 oriunda
1753 1626 1809 1652 ex

311 1675 593 1727 infestatione
626 1682 668 1715 et
703 1675 1037 1728 impugnatione
1065 1674 1444 1728 amorz's.—Quod
1476 1674 1599 1716 zelus
1631 1676 1690 1716 sit
1726 1675 1805 1716 fla-

307 1740 457 1792 gratio
483 1753 561 1780 seu
586 1739 768 1779 flamma
794 1739 1054 1792 spiritualis,
1083 1753 1143 1780 ex
1175 1738 1444 1792 supradictis
1471 1745 1615 1793 patet.
1678 1738 1803 1792 Quo-

308 1804 428 1843 niam
456 1816 583 1844 amor
609 1803 651 1843 in
680 1803 850 1843 mundo
878 1803 1097 1855 spirituali
1124 1809 1195 1844 est
1222 1802 1346 1844 calor
1371 1803 1585 1844 oriundus
1616 1817 1676 1844 ex
1708 1803 1805 1844 sole

306 1866 380 1915 ibi,
405 1866 508 1907 ideo
530 1867 666 1907 etiam
690 1880 817 1907 amor
839 1881 864 1907 e
886 1866 1137 1920 longinquo
1159 1873 1349 1920 apparet
1373 1867 1434 1907 ibi
1456 1868 1572 1908 sicut
1595 1866 1803 1918 flamma;

306 1930 371 1971 ita
407 1943 534 1971 amor
565 1930 778 1971 caelestis
810 1930 929 1983 apud
962 1930 1154 1983 angelos
1186 1930 1327 1981 caeli;
1370 1931 1435 1971 ita
1467 1945 1644 1984 quoque
1677 1944 1805 1972 amor

305 1993 532 2034 infernalis
558 1994 677 2046 apud
704 1994 883 2047 spiritus
909 1994 1092 2034 inferni:
1131 2000 1179 2035 at
1211 1994 1443 2035 sciendum
1471 2001 1542 2035 est
1574 1995 1694 2048 quod
1726 1994 1805 2035 illa

306 2055 489 2097 flamma
530 2071 621 2098 non
664 2064 784 2106 urat,
818 2059 935 2099 sicut
972 2057 1155 2098 flamma
1186 2058 1341 2098 mundi
1373 2058 1605 2099 naturalis.
1668 2057 1802 2111 Quod

306 2120 429 2161 zelus
461 2122 630 2162 oriatur
661 2135 721 2162 ex
753 2122 1098 2175 impugnatione
1125 2122 1305 2170 amoris,
1334 2129 1405 2163 est
1437 2123 1541 2176 quia
1573 2134 1699 2163 amor
1731 2130 1801 2164 est

305 2184 428 2226 calor
459 2186 580 2226 vitae
613 2185 832 2239 cujusvis;
866 2200 1002 2240 quare
1036 2199 1138 2227 cum
1175 2200 1302 2227 amor
1337 2187 1459 2228 vitae
1491 2187 1799 2240 impugnatur,

305 2247 430 2289 calor
455 2250 578 2290 vitae
603 2250 814 2290 accendit
840 2263 903 2298 se,
927 2251 1114 2299 resistit,
1139 2256 1185 2291 et
1211 2251 1408 2303 erumpit
1435 2257 1595 2291 contra
1620 2251 1799 2303 impug-

304 2318 527 2362 natorem,
555 2319 602 2354 et
635 2314 730 2366 agit
757 2314 874 2354 sicut
906 2313 1052 2355 hostis
1083 2328 1143 2354 ex
1175 2328 1255 2355 sua
1285 2315 1328 2355 vi
1360 2321 1407 2355 et
1439 2314 1661 2368 potentia,
1687 2328 1800 2368 quae

304 2381 375 2417 est
401 2377 516 2417 sicut
539 2376 718 2417 flamma
744 2391 803 2418 ex
830 2378 935 2430 igne
958 2391 1199 2431 erumpens
1225 2378 1269 2418 in
1296 2383 1549 2419 emotorem
1573 2376 1691 2430 ejus;
1725 2379 1799 2431 qui

304 2439 425 2492 quod
452 2441 509 2480 sit
537 2440 653 2481 sicut
676 2441 807 2493 ignis,
833 2447 1021 2494 apparet
1048 2455 1107 2482 ex
1136 2441 1277 2482 oculis
1299 2441 1420 2494 quod
1447 2440 1715 2490 scintillent,
1739 2455 1798 2481 ex

303 2501 414 2543 facie
432 2503 552 2556 quod
576 2503 892 2553 inflammetur,
912 2510 1009 2544 tum
1032 2518 1091 2545 ex
1113 2503 1322 2557 loquelae
1339 2517 1468 2553 sono,
1488 2518 1638 2558 exque
1656 2505 1797 2557 gesti-

304 2564 412 2606 bus:
445 2567 530 2607 hoc
552 2567 659 2608 facit
686 2580 826 2616 amor,
851 2568 954 2621 quia
980 2575 1051 2608 est
1077 2567 1201 2608 calor
1222 2568 1357 2617 vitae,
1382 2581 1438 2608 ne
1461 2569 1796 2620 exstinguatur,

303 2634 350 2669 et
391 2642 492 2670 cum
532 2629 611 2670 illo
646 2631 792 2671 omnis
824 2631 1050 2682 alacritas,
1083 2631 1316 2680 vivacitas,
1350 2636 1397 2672 et
1437 2631 1799 2684 perceptibilitas

300 2690 501 2745 jucundi,
529 2707 588 2734 ex
616 2707 698 2734 suo
723 2707 891 2735 amore.

386 2758 527 2809 360.
569 2755 815 2809 Quomodo
854 2770 981 2799 amor
1021 2757 1277 2799 incenditur
1316 2764 1363 2799 et
1409 2757 1707 2799 excandescit
1753 2757 1797 2799 in

305 2817 464 2867 zelum,
506 2820 623 2861 sicut
662 2820 779 2873 ignis
825 2821 869 2861 in
909 2820 1154 2870 flammam,
1196 2835 1256 2862 ex
1298 2822 1645 2875 impugnatione
1686 2819 1795 2874 ejus,

303 2881 494 2923 dicetur.
555 2882 702 2924 Amor
727 2884 898 2925 residet
924 2885 968 2925 in
995 2885 1235 2926 voluntate
1266 2884 1488 2936 hominis;
1521 2884 1602 2925 sed
1629 2884 1673 2924 in
1700 2885 1798 2937 ipsa

303 2944 542 2987 voluntate
560 2959 651 2987 non
670 2948 949 2997 accenditur,
969 2962 1122 2990 verum
1149 2949 1192 2989 in
1215 2947 1478 2999 intellectum
1511 2954 1581 2989 est
1604 2948 1723 2989 enim
1750 2949 1795 2989 in

303 3007 541 3051 voluntate
563 3010 678 3052 sicut
700 3011 832 3064 ignis,
856 3018 902 3053 et
928 3012 972 3053 in
997 3011 1234 3054 intellectu
1256 3014 1371 3054 sicut
1394 3012 1587 3053 flamma.
1649 3010 1796 3053 Amor
