2014 3386
314 356 398 399 270
777 353 1021 386 DELICIAE
1053 353 1356 386 SAPIENTIAE

312 468 571 522 conjugium
594 468 703 509 boni
726 474 772 509 et
794 468 903 517 veri,
928 473 975 509 et
998 467 1192 509 ecclesia
1210 467 1430 517 similiter,
1450 472 1670 521 quantum
1693 466 1807 508 haec

311 538 383 573 est
406 546 466 573 ex
482 532 640 573 Verbo
661 530 890 585 (videatur
908 544 1056 584 supra,
1077 544 1119 571 n.
1143 529 1368 584 128—131).
1430 530 1576 579 Nunc,
1595 531 1808 584 quoniam

312 596 454 636 homo
487 594 787 642 Christianus,
821 594 924 648 quia
956 594 1204 634 Dominum
1236 594 1379 643 novit,
1413 593 1617 634 Verbum
1650 593 1806 642 habet,

312 665 360 700 et
383 658 578 699 ecclesia
604 658 668 698 illi
695 664 766 699 est
798 671 825 698 a
857 657 1057 699 Domino
1083 670 1163 710 per
1188 656 1406 705 Verbum,
1434 662 1564 710 patet
1591 656 1712 709 quod
1745 655 1811 696 illi

313 735 420 775 prae
445 721 631 762 homine
654 735 746 762 non
770 720 1034 762 Christiano
1056 719 1252 760 facultas
1275 720 1349 768 sit,
1373 725 1423 760 ut
1449 719 1594 772 possit
1617 732 1809 772 regene-

314 786 414 834 rari,
448 791 496 826 et
531 785 594 825 sic
632 783 727 825 fieri
759 783 1021 837 spiritualis,
1055 789 1102 824 et
1141 796 1320 836 quoque
1357 783 1573 836 consequi
1610 795 1811 823 amorem

313 863 419 890 vere
437 847 759 901 conjugialem‚
783 860 890 888 nam
909 847 1175 888 cohaerent.
1238 845 1467 899 Quoniam
1489 846 1553 886 illi
1576 860 1633 886 ex
1659 845 1810 886 Chris—

313 913 463 961 tianis,
498 912 573 966 qui
614 911 766 965 plures
808 924 977 951 uxores
1009 910 1197 958 ducunt,
1231 923 1323 950 non
1361 909 1497 950 modo
1534 909 1808 949 adulterium

313 975 537 1024 naturale,
572 975 653 1015 sed
685 975 825 1015 etiam
858 973 991 1014 simul
1023 973 1297 1014 adulterium
1331 972 1564 1026 spirituale
1596 972 1810 1012 commit—

313 1046 431 1090 tunt,
452 1039 655 1093 sequitur
678 1038 799 1092 quod
822 1037 1060 1078 damnatio
1083 1036 1432 1089 polygamorum
1448 1035 1809 1077 Christianorum

313 1110 418 1157 post
455 1110 653 1144 mortem
691 1101 874 1154 gravior
913 1101 972 1141 sit
1010 1100 1309 1141 damnatione
1346 1099 1526 1140 illorum
1567 1099 1641 1152 qui
1673 1099 1811 1139 modo

311 1167 586 1208 adulterium
610 1165 817 1206 naturale
841 1164 1151 1205 committunt.
1213 1163 1290 1204 Ad
1316 1163 1728 1215 interrogationem
1753 1162 1810 1203 de

313 1238 440 1273 statu
466 1230 647 1271 illorum
674 1235 780 1283 post
814 1234 1027 1279 mortem,
1056 1227 1207 1268 audivi
1237 1239 1521 1280 responsum,
1551 1225 1672 1279 quod
1705 1238 1808 1266 cae-

312 1296 406 1337 lum
432 1309 515 1349 pro
541 1294 630 1335 illis
657 1306 840 1347 prorsus
867 1291 1101 1333 occlusum
1129 1292 1215 1342 sit3
1253 1297 1300 1332 et
1333 1290 1454 1344 quod
1480 1295 1734 1343 appareant
1764 1289 1809 1329 in

311 1359 487 1400 inferno
510 1358 626 1398 sicut
649 1356 859 1409 jacentes
881 1356 925 1396 in
949 1369 1066 1409 aqua
1087 1354 1239 1395 calida
1261 1354 1413 1395 balnei
1435 1354 1478 1393 in
1502 1352 1808 1406 receptaculo,

314 1429 362 1464 et
394 1422 516 1475 quod
547 1422 612 1462 ita
645 1425 899 1473 appareant
932 1432 957 1459 e
999 1418 1265 1472 longinquo,
1299 1417 1487 1458 tametsi
1519 1422 1646 1457 stant
1679 1408 1813 1468 super

313 1485 519 1540 pedibus,
549 1490 595 1525 et
623 1482 892 1533 ambulant3
936 1488 983 1523 et
1014 1482 1136 1535 quod
1164 1481 1274 1522 illud
1302 1481 1360 1521 sit
1387 1480 1476 1520 illis
1507 1494 1566 1520 ex
1593 1479 1813 1520 intestina

311 1549 558 1599 vecordia3
593 1553 639 1588 et
667 1547 788 1601 quod
815 1546 953 1599 aliqui
980 1559 1040 1586 ex
1067 1545 1237 1586 talibus
1264 1542 1452 1598 projecti
1478 1543 1570 1584 sint
1602 1544 1647 1583 in
1678 1556 1810 1584 vora-

312 1613 457 1667 gineS,
482 1625 599 1666 quae
626 1611 670 1651 in
697 1610 904 1651 terminis
931 1609 1203 1649 mundorum
1231 1613 1349 1648 sunt.

396 1688 536 1732 340.
572 1674 686 1729 (vii.)
725 1674 853 1725 Quod
882 1672 1017 1726 genti
1050 1671 1339 1720 Israelz‘tz'cae‚
1366 1670 1639 1724 permissum
1662 1669 1813 1722 fuerit

306 1741 464 1794 plures
491 1753 653 1780 uxores
680 1739 845 1786 ducere,
870 1737 976 1791 quia
1006 1736 1133 1788 apud
1153 1735 1279 1776 illam
1302 1749 1393 1781 ‚non
1423 1734 1621 1775 Ecclesia
1649 1732 1687 1775 C
1687 1732 1810 1774 hris-

313 1805 439 1845 tiana
452 1803 566 1855 fuit,
594 1809 637 1843 et
660 1802 760 1842 inde
785 1815 858 1841 nec
881 1799 1047 1841 dabilis
1073 1813 1199 1840 amor
1223 1813 1324 1840 vere
1347 1796 1811 1852 conjbtgz'alise-Dan-

315 1875 389 1908 tur
420 1867 571 1914 hodie,
606 1866 680 1919 qui
718 1865 774 1905 de
807 1864 1094 1904 institutione
1127 1863 1183 1903 de
1216 1861 1436 1915 conjugiis
1462 1859 1810 1912 monogamicis‚

313 1946 392 1972 seu
414 1931 543 1970 unius
566 1930 646 1969 viri
669 1941 770 1969 cum
798 1940 886 1967 una
908 1941 1065 1976 uxore,
1091 1926 1298 1979 cogitant
1320 1924 1596 1976 ambiguum,
1621 1928 1667 1963 et
1691 1922 1809 1975 apud

313 2009 362 2036 se
389 1994 575 2046 litigant
603 1992 795 2039 ratione,
823 1991 1082 2044 opinantes,
1107 1989 1227 2043 quod
1255 1988 1358 2042 quia
1384 1987 1674 2040 polygamica
1699 1998 1810 2026 con-

312 2058 434 2113 jugia
456 2056 586 2110 genti
618 2054 912 2102 Israeliticae,
938 2061 983 2094 et
1008 2053 1101 2106 ejus
1123 2052 1319 2105 regibus,
1344 2064 1395 2091 ac
1423 2050 1587 2090 Davidi
1609 2055 1656 2090 et
1679 2047 1811 2090 Salo-

313 2121 451 2168 moni,
486 2125 644 2173 aperte
677 2117 895 2171 permissa
926 2116 1120 2164 fuerunt,
1154 2115 1198 2155 in
1245 2128 1292 2155 se
1338 2114 1477 2154 etiam
1518 2112 1665 2153 forent
1709 2125 1810 2165 per-

313 2183 548 2226 missibilia
576 2181 872 2231 Christianis;
911 2180 990 2220 sed
1017 2179 1080 2219 illi
1107 2192 1198 2219 non
1225 2177 1393 2230 aliquid
1421 2174 1635 2217 distin&e
1662 2176 1811 2216 sciunt

313 2249 369 2289 de
396 2254 536 2301 gente
560 2245 811 2287 Israelitica
837 2249 884 2285 et
910 2243 967 2284 de
995 2242 1267 2289 Christiana,
1292 2254 1374 2281 nec
1402 2241 1457 2281 de
1482 2239 1704 2280 ecclesiae
1727 2253 1810 2279 ex-

313 2312 455 2353 ternis
478 2317 524 2352 et
548 2310 752 2357 internis,
778 2321 923 2361 neque
950 2307 1007 2347 de
1034 2306 1288 2346 mutatione
1310 2303 1533 2345 ecclesiae
1559 2317 1584 2343 a
1612 2302 1811 2343 Domino

313 2376 372 2416 ab
394 2381 589 2416 externa
611 2374 654 2414 in
678 2374 931 2422 internam;
959 2375 1294 2422 consequenter
1313 2381 1403 2408 non
1421 2366 1587 2420 aliquid
1610 2380 1670 2407 ex
1694 2367 1811 2406 inte-

314 2439 419 2480 riori
446 2437 614 2491 judicio
642 2436 698 2477 de
725 2434 958 2487 conjugiis.
1021 2433 1074 2474 In
1106 2446 1275 2486 genere
1301 2431 1552 2472 tenendum
1579 2436 1664 2479 est,
1689 2429 1811 2483 quod

313 2503 452 2543 homo
476 2507 611 2541 natus
638 2501 696 2540 sit
724 2498 945 2539 naturalis
968 2503 1017 2538 ut
1044 2496 1121 2537 fiat
1149 2495 1410 2549 spiritualis,
1435 2501 1482 2535 et
1509 2494 1629 2547 quod
1651 2504 1811 2547 quam-

314 2566 389 2606 diu
421 2571 578 2605 manet
606 2562 841 2610 naturalis,
870 2562 987 2602 sicut
1020 2561 1064 2600 in
1097 2557 1230 2600 nocte
1261 2565 1308 2599 et
1342 2559 1457 2598 sicut
1489 2558 1532 2598 in
1565 2569 1727 2597 somno
1753 2555 1812 2596 de

314 2626 623 2681 spiritualibus
650 2627 722 2674 sit,
757 2631 802 2666 et
834 2624 954 2679 quod
987 2629 1095 2665 tunc
1128 2635 1185 2662 ne
1217 2621 1400 2675 quidem
1427 2621 1541 2661 sciat
1567 2619 1808 2660 discrimen

314 2694 434 2734 inter
458 2690 689 2732 hominem
713 2695 959 2730 externum
986 2685 1240 2727 naturalem
1267 2698 1319 2725 ac
1346 2685 1574 2725 internum
1601 2682 1810 2736 spiritua-

313 2755 419 2796 lem.
482 2752 617 2806 Quod
644 2752 763 2805 apud
786 2757 974 2805 gentem
1001 2749 1300 2791 Israeliticam
1328 2761 1419 2788 non
1445 2747 1576 2788 fuerit
1601 2744 1811 2787 Ecclesia

316 2817 592 2865 Christiana,
627 2822 786 2856 notum
828 2821 900 2856 est
941 2828 1002 2855 ex
1033 2812 1217 2863 Verbo;
1262 2809 1647 2864 exspectaverunt
1689 2808 1808 2849 enim

316 2880 551 2929 Messiam,
586 2880 701 2921 sicut
732 2879 879 2920 adhuc
913 2875 1204 2930 exspectant,
1238 2875 1312 2928 qui
1353 2873 1456 2915 illos
1488 2885 1621 2926 super
1652 2883 1812 2912 omnes

316 2951 481 2997 gentes
497 2950 545 2985 et
563 2942 754 2997 populos
774 2943 817 2982 in
837 2940 1020 2989 mundo,
1041 2938 1269 2981 exaltaret
1287 2951 1296 2988 ;
1320 2950 1457 2991 quare
1476 2936 1512 2976 si
1534 2935 1622 2976 illis
1639 2932 1808 2975 dietum

317 3008 489 3058 suisset,
515 3014 560 3049 et
584 3006 729 3047 adhuc
753 3006 993 3055 diceretur,
1018 3002 1138 3058 quod
1164 3014 1354 3055 regnum
1377 2999 1573 3041 Messiae
1596 2998 1654 3039 sit
1677 3009 1811 3050 super
