2014 3386
376 352 461 395 274
839 351 1081 383 DELICIAE
1114 322 1417 384 SAPIENTIAE

370 466 521 506 entiae
541 465 786 519 spiritualis
810 472 915 507 sunt
939 466 1058 519 apud
1082 465 1288 519 angelos,
1309 472 1440 508 erant
1467 467 1679 521 origines.
1735 467 1867 510 Nunc

370 530 474 583 quia
496 530 644 569 omnis
663 529 810 570 cultus
829 529 1008 570 illorum
1032 536 1131 570 erat
1152 532 1584 584 repraesentativus,
1607 532 1869 574 consistens

371 607 431 634 ex
464 593 598 634 meris
630 593 1065 646 correspondentiis‚
1094 593 1198 633 ideo
1230 607 1363 647 super
1394 595 1627 635 montibus
1658 601 1706 636 et
1738 595 1869 637 colli-

369 657 467 706 bus,
502 663 549 697 et
581 670 761 710 quoque
792 657 836 696 in
870 655 981 696 lucis
1022 662 1069 697 et
1111 656 1271 705 hortis,
1306 656 1562 699 habuerunt
1595 657 1772 709 cultus;
1819 665 1868 700 et

370 720 472 760 ideo
502 719 656 760 fontes
683 717 1046 768 sanctificabant,
1075 726 1121 760 et
1154 720 1212 760 ad
1243 719 1389 761 solem
1421 722 1645 762 orientem
1677 722 1722 762 in
1753 713 1868 763 ado·

368 783 620 823 rationibus
636 788 964 823 converterunt
985 782 1123 824 facies
1142 796 1151 834 ;
1185 789 1232 824 et
1255 783 1435 837 insuper
1453 783 1687 837 sculptiles
1710 798 1866 838 equOS,

369 847 525 895 boves,
553 845 738 894 vitulos,
767 859 927 898 agnos,
956 846 1097 887 immo
1123 860 1246 895 aves,
1275 847 1437 900 pisces,
1466 854 1719 901 serpentes,
1747 849 1866 889 fece-

367 916 499 960 runt;
533 915 579 951 et
606 910 689 950 hos
712 916 962 963 posuerunt
989 910 1126 959 domi,
1150 916 1197 950 et
1223 910 1344 957 alibi,
1365 911 1408 950 in
1435 910 1592 950 ordine
1615 909 1866 950 secundum

368 973 622 1026 spiritualia
661 973 898 1022 ecclesiae,
941 974 1103 1027 quibus
1143 973 1583 1026 correspondebant,
1626 986 1705 1013 seu
1749 986 1865 1027 quae

365 1037 801 1090 repraesentabant:
836 1037 998 1077 similia
1024 1038 1163 1077 etiam
1190 1043 1439 1090 posuerunt
1470 1037 1513 1077 in
1545 1036 1637 1077 suis
1663 1035 1862 1090 templis,

366 1106 415 1141 ut
441 1101 485 1140 in
511 1100 899 1141 reminiscentiam
921 1106 1190 1141 revocarent
1215 1098 1375 1140 sancta
1396 1099 1560 1148 cultus,
1584 1113 1699 1153 quae
1722 1099 1863 1153 signi·

365 1164 549 1205 cabant.
605 1164 713 1204 Post
733 1170 929 1218 tempus,
950 1164 1132 1218 quando
1149 1164 1342 1204 scientia
1356 1163 1862 1217 correspondentiarum

365 1227 614 1269 obliterata
645 1227 741 1276 fuit,
775 1228 928 1280 coepit
961 1229 1208 1281 posteritas
1235 1227 1387 1268 colere
1418 1228 1516 1281 ipsa
1547 1226 1778 1280 sculptilia
1812 1234 1862 1268 ut

364 1291 407 1331 in
435 1305 483 1332 se
507 1289 678 1340 sancta,
703 1291 963 1331 nescientes
987 1291 1108 1344 quod
1132 1291 1308 1344 antiqui,
1330 1297 1545 1344 parentes
1568 1290 1747 1331 illorum
1770 1303 1862 1332 non

362 1354 559 1395 viderint
585 1354 753 1408 aliquid
786 1352 932 1395 sancti
963 1355 1007 1394 in
1040 1354 1143 1403 illis,
1172 1355 1251 1395 sed
1284 1354 1432 1395 solum
1463 1354 1584 1407 quod
1611 1354 1861 1395 secundum

362 1418 796 1472 correspondentias
842 1424 1258 1470 repraesentarent,
1301 1424 1348 1459 et
1394 1418 1499 1458 inde
1546 1416 1860 1470 significarent

361 1479 533 1522 saneta.
595 1481 671 1522 Ex
697 1481 767 1522 his
793 1488 923 1522 ortae
951 1487 1057 1523 sunt
1084 1481 1390 1530 idololatriae,
1414 1496 1529 1535 quae
1555 1481 1859 1535 impleverunt

361 1552 511 1586 totum
534 1551 756 1586 terrarum
779 1546 950 1594 orbem,
971 1552 1066 1586 tam
1090 1545 1346 1587 Asiaticum
1370 1559 1471 1586 cum
1495 1545 1651 1586 insulis
1673 1545 1856 1595 circum,

360 1622 494 1662 quam
527 1609 809 1658 Africanum,
838 1615 885 1650 et
919 1609 1223 1662 Europaeum.
1286 1609 1353 1650 Ut
1385 1622 1546 1650 omnes
1578 1609 1683 1650 illae
1709 1609 1857 1650 idolo-

360 1672 519 1713 latriae
535 1673 912 1726 exstirparentur,
930 1687 988 1714 ex
1009 1672 1174 1713 Divina
1190 1672 1373 1713 Domini
1391 1673 1676 1726 providentia
1689 1670 1856 1713 sactum

359 1743 443 1785 est,
468 1742 518 1777 ut
542 1749 661 1776 nova
679 1736 838 1789 religio
856 1737 1002 1788 geniis
1020 1735 1308 1776 orientalium
1329 1736 1683 1777 accommodata
1703 1736 1855 1789 auspi-

358 1806 539 1840 caretur
559 1814 568 1850 ;
596 1800 639 1840 in
657 1814 745 1853 qua
762 1799 931 1853 aliquid
949 1813 1009 1840 ex
1029 1806 1219 1852 utroque
1239 1799 1544 1840 Testamento
1564 1798 1704 1840 Verbi
1721 1799 1852 1847 foret,

358 1870 404 1904 et
420 1877 534 1917 quae
553 1863 740 1904 doceret
764 1863 884 1916 quod
905 1863 1127 1903 Dominus
1150 1864 1194 1903 in
1218 1863 1435 1903 mundum
1454 1863 1644 1911 venerit,
1664 1868 1711 1903 et
1729 1862 1852 1916 quod

359 1926 443 1966 Ille
475 1923 634 1967 [flesset
680 1927 906 1966 maximus
949 1926 1187 1983 Propheta,
1226 1926 1589 1978 sapientissimus
1634 1925 1851 1974 omnium,

358 1995 404 2030 et
437 1989 576 2029 Filius
603 1989 701 2029 Dei.
764 1988 867 2030 Hoc
894 1988 1062 2030 factum
1090 1995 1159 2030 est
1193 2003 1272 2042 per
1304 1989 1642 2037 Mahumedem,
1671 2002 1731 2030 ex
1762 2001 1853 2042 quo

357 2053 519 2105 religio
551 2052 629 2093 illa
661 2059 830 2093 vocata
861 2058 946 2093 est.
1008 2052 1083 2092 Ex
1117 2052 1185 2092 his
1218 2058 1364 2105 patet,
1392 2052 1513 2106 quod
1545 2052 1657 2093 haec
1689 2052 1852 2106 religio

357 2130 416 2157 ex
437 2117 602 2157 Divina
625 2116 807 2157 Domini
830 2116 1116 2169 providentia
1133 2116 1414 2156 exsuscitata
1432 2117 1505 2164 sit,
1524 2129 1576 2156 ac
1601 2116 1745 2169 geniis
1762 2117 1851 2157 ori-

356 2180 590 2227 entalium,
616 2186 664 2220 ut
692 2177 862 2220 dietum
889 2185 974 2228 est,
999 2179 1362 2226 accommodata,
1387 2179 1446 2220 ob
1472 2179 1622 2227 finem,
1650 2186 1699 2220 ut
1724 2180 1850 2221 dele·

355 2251 425 2285 ret
443 2243 727 2284 idololatrias
750 2249 823 2284 tot
846 2243 1067 2296 gentium,
1091 2256 1142 2283 ac
1167 2243 1299 2283 daret
1322 2243 1516 2296 aliquam
1537 2244 1849 2297 cognitionem

356 2308 412 2348 de
446 2307 660 2355 Domino,
694 2312 941 2360 antequam
982 2307 1026 2347 in
1064 2306 1281 2346 mundum
1314 2306 1610 2359 spiritualem,
1645 2307 1766 2360 quod
1798 2305 1849 2348 fit

356 2376 462 2424 post
489 2369 683 2422 cujusvis
710 2375 922 2418 mortem,
950 2369 1182 2410 venirent:
1216 2383 1331 2422 quae
1358 2370 1518 2422 religio
1545 2383 1636 2410 non
1662 2376 1849 2423 recepta

354 2433 510 2474 suisset
533 2447 559 2473 a
580 2439 652 2474 tot
674 2433 840 2486 regnis,
861 2439 907 2473 et
929 2433 1155 2486 potuisset
1179 2432 1458 2473 idololatrias
1481 2433 1657 2473 illorum
1680 2433 1847 2474 exstir-

356 2510 481 2549 pare,
503 2497 587 2536 nisi
614 2497 893 2536 conveniens
916 2496 1029 2536 ideis
1051 2495 1230 2536 illorum
1253 2494 1372 2536 sacta
1398 2497 1483 2546 sit;
1517 2496 1736 2549 imprimis
1763 2496 1847 2537 nisi

355 2559 618 2612 polygamia
641 2560 859 2612 permissa
882 2558 1037 2599 fuisset
1059 2573 1068 2609 ;
1102 2559 1242 2600 etiam
1265 2573 1323 2599 ex
1347 2573 1497 2608 causa,
1521 2560 1623 2613 quia
1646 2559 1846 2603 orienta-

354 2623 435 2671 les,
463 2622 634 2675 absque
666 2622 743 2663 illa
775 2622 1073 2675 permissione
1105 2635 1212 2675 prae
1244 2621 1495 2676 Europaeis
1526 2622 1846 2676 flagravissent

353 2686 398 2726 in
425 2699 587 2739 spurca
612 2685 852 2735 adulteria,
880 2692 927 2727 et
954 2686 1206 2739 periissent.

437 2759 571 2803 343.
613 2748 749 2801 Quod
782 2748 1132 2790 Mahumedanis
1163 2748 1302 2789 etiam
1329 2748 1504 2790 caelum
1537 2749 1611 2797 sit,
1638 2754 1710 2790 est
1741 2748 1846 2802 quia

354 2825 514 2853 omnes
551 2813 595 2852 in
628 2813 838 2853 universo
870 2819 1091 2854 terrarum
1123 2812 1251 2860 orbe,
1284 2813 1358 2865 qui
1389 2818 1647 2866 agnoscunt
1679 2812 1842 2862 Deum,

354 2882 401 2916 et
424 2889 483 2916 ex
507 2875 728 2928 religione
750 2875 927 2928 fugiunt
950 2875 1069 2916 mala
1091 2881 1140 2916 ut
1167 2882 1359 2928 peccata
1381 2883 1542 2916 contra
1566 2876 1733 2929 Ipsum,
1754 2875 1844 2917 sal·

353 2945 533 2979 vantur.
595 2937 730 2991 Quod
755 2938 1140 2980 Mahumedanum
1164 2938 1339 2979 caelum
1368 2939 1411 2979 in
1439 2940 1566 2988 duos,
1591 2939 1771 2980 inferius
1795 2945 1844 2980 et

355 3002 573 3056 superius,
601 3000 866 3043 distinctum
894 3003 967 3052 sit,
995 3002 1052 3043 ab
1078 3001 1185 3055 ipsis
1211 3002 1390 3053 audivi;
1429 3008 1475 3043 et
1502 3002 1622 3056 quod
1654 3003 1699 3046 in
1730 3001 1842 3043 infe·
