<?xml version="1.0" encoding="UTF-8"?>
<!DOCTYPE html PUBLIC "-//W3C//DTD XHTML 1.0 Transitional//EN"
    "http://www.w3.org/TR/xhtml1/DTD/xhtml1-transitional.dtd">
<html xmlns="http://www.w3.org/1999/xhtml" xml:lang="en" lang="en">
 <head>
  <title>
</title>
<meta http-equiv="Content-Type" content="text/html;charset=utf-8" />
  <meta name='ocr-system' content='tesseract 3.04.00' />
  <meta name='ocr-capabilities' content='ocr_page ocr_carea ocr_par ocr_line ocrx_word'/>
</head>
<body>
  <div class='ocr_page' id='page_1' title='image "./deliciaesapienti00sweduoft_0077.png"; bbox 0 0 2014 3386; ppageno 0'>
   <div class='ocr_carea' id='block_1_1' title="bbox 567 313 1727 370">
    <p class='ocr_par' dir='ltr' id='par_1_1' title="bbox 567 313 1727 370">
     <span class='ocr_line' id='line_1_1' title="bbox 567 313 1727 370; baseline -0.005 -8"><span class='ocrx_word' id='word_1_1' title='bbox 567 328 635 362; x_wconf 83' lang='lat' dir='ltr'>DE</span> <span class='ocrx_word' id='word_1_2' title='bbox 666 325 847 361; x_wconf 77' lang='lat' dir='ltr'>AMORE</span> <span class='ocrx_word' id='word_1_3' title='bbox 877 325 1303 370; x_wconf 83' lang='lat' dir='ltr'>CONJUGIAL1.-—N.</span> <span class='ocrx_word' id='word_1_4' title='bbox 1329 313 1398 370; x_wconf 90' lang='lat'>&#39;78.</span> <span class='ocrx_word' id='word_1_5' title='bbox 1673 324 1727 369; x_wconf 87' lang='lat'>71</span> 
     </span>
    </p>
   </div>
   <div class='ocr_carea' id='block_1_2' title="bbox 224 436 1732 1283">
    <p class='ocr_par' dir='ltr' id='par_1_2' title="bbox 227 436 1732 805">
     <span class='ocr_line' id='line_1_2' title="bbox 305 436 1732 485; baseline -0.004 -8"><span class='ocrx_word' id='word_1_6' title='bbox 305 440 406 477; x_wconf 88' lang='lat' dir='ltr'>Post</span> <span class='ocrx_word' id='word_1_7' title='bbox 423 439 522 476; x_wconf 90' lang='lat' dir='ltr'>haec</span> <span class='ocrx_word' id='word_1_8' title='bbox 535 439 647 481; x_wconf 86' lang='lat' dir='ltr'><strong>dixit,</strong></span> <span class='ocrx_word' id='word_1_9' title='bbox 663 444 686 458; x_wconf 86' lang='lat'>‘¹</span> <span class='ocrx_word' id='word_1_10' title='bbox 698 438 919 485; x_wconf 80' lang='lat' dir='ltr'>Sequimini</span> <span class='ocrx_word' id='word_1_11' title='bbox 937 449 1001 474; x_wconf 91' lang='lat' dir='ltr'>me</span> <span class='ocrx_word' id='word_1_12' title='bbox 1019 438 1069 473; x_wconf 91' lang='lat' dir='ltr'>ad</span> <span class='ocrx_word' id='word_1_13' title='bbox 1086 437 1400 473; x_wconf 90' lang='lat' dir='ltr'>cimeliarchium</span> <span class='ocrx_word' id='word_1_14' title='bbox 1415 436 1635 473; x_wconf 86' lang='lat' dir='ltr'>nostrum.”</span> <span class='ocrx_word' id='word_1_15' title='bbox 1682 437 1732 472; x_wconf 91' lang='lat' dir='ltr'>Et</span> 
     </span>
     <span class='ocr_line' id='line_1_3' title="bbox 230 490 1729 539; baseline -0.003 -9"><span class='ocrx_word' id='word_1_16' title='bbox 230 494 357 531; x_wconf 86' lang='lat' dir='ltr'>secuti</span> <span class='ocrx_word' id='word_1_17' title='bbox 375 504 522 534; x_wconf 89' lang='lat' dir='ltr'>sumus,</span> <span class='ocrx_word' id='word_1_18' title='bbox 542 499 583 529; x_wconf 89' lang='lat' dir='ltr'>et</span> <span class='ocrx_word' id='word_1_19' title='bbox 601 493 840 528; x_wconf 89' lang='lat' dir='ltr'>monstravit</span> <span class='ocrx_word' id='word_1_20' title='bbox 858 493 973 527; x_wconf 92' lang='lat' dir='ltr'>nobis</span> <span class='ocrx_word' id='word_1_21' title='bbox 990 492 1204 538; x_wconf 92' lang='lat' dir='ltr'>scripturas</span> <span class='ocrx_word' id='word_1_22' title='bbox 1223 490 1603 539; x_wconf 79' lang='lat' dir='ltr'>antiquissimorum,</span> <span class='ocrx_word' id='word_1_23' title='bbox 1621 491 1729 536; x_wconf 89' lang='lat' dir='ltr'>quod</span> 
     </span>
     <span class='ocr_line' id='line_1_4' title="bbox 231 543 1731 593; baseline -0.003 -10"><span class='ocrx_word' id='word_1_24' title='bbox 231 554 366 583; x_wconf 88' lang='lat' dir='ltr'><strong>essent</strong></span> <span class='ocrx_word' id='word_1_25' title='bbox 386 557 505 593; x_wconf 89' lang='lat' dir='ltr'>super</span> <span class='ocrx_word' id='word_1_26' title='bbox 524 546 671 581; x_wconf 89' lang='lat' dir='ltr'>tabulis</span> <span class='ocrx_word' id='word_1_27' title='bbox 691 545 833 592; x_wconf 86' lang='lat' dir='ltr'>ligneis</span> <span class='ocrx_word' id='word_1_28' title='bbox 859 552 901 581; x_wconf 92' lang='lat' dir='ltr'>et</span> <span class='ocrx_word' id='word_1_29' title='bbox 925 545 1104 591; x_wconf 89' lang='lat' dir='ltr'>lapideis,</span> <span class='ocrx_word' id='word_1_30' title='bbox 1126 551 1168 580; x_wconf 88' lang='lat' dir='ltr'>et</span> <span class='ocrx_word' id='word_1_31' title='bbox 1194 550 1335 590; x_wconf 89' lang='lat' dir='ltr'>postea</span> <span class='ocrx_word' id='word_1_32' title='bbox 1360 554 1485 589; x_wconf 75' lang='lat' dir='ltr'>superJ</span> <span class='ocrx_word' id='word_1_33' title='bbox 1500 543 1731 579; x_wconf 88' lang='lat' dir='ltr'>caudicibus</span> 
     </span>
     <span class='ocr_line' id='line_1_5' title="bbox 229 597 1731 646; baseline -0.003 -10"><span class='ocrx_word' id='word_1_34' title='bbox 229 600 431 646; x_wconf 80' lang='lat' dir='ltr'>levigatis:</span> <span class='ocrx_word' id='word_1_35' title='bbox 466 606 507 635; x_wconf 91' lang='lat' dir='ltr'>et</span> <span class='ocrx_word' id='word_1_36' title='bbox 532 600 641 645; x_wconf 93' lang='lat' dir='ltr'>quod</span> <span class='ocrx_word' id='word_1_37' title='bbox 668 599 844 634; x_wconf 90' lang='lat' dir='ltr'>secunda</span> <span class='ocrx_word' id='word_1_38' title='bbox 868 606 979 634; x_wconf 89' lang='lat' dir='ltr'>aetas</span> <span class='ocrx_word' id='word_1_39' title='bbox 1004 597 1226 634; x_wconf 90' lang='lat' dir='ltr'>exaraverit</span> <span class='ocrx_word' id='word_1_40' title='bbox 1250 608 1344 633; x_wconf 91' lang='lat' dir='ltr'>suas</span> <span class='ocrx_word' id='word_1_41' title='bbox 1370 597 1585 642; x_wconf 91' lang='lat' dir='ltr'>scripturas</span> <span class='ocrx_word' id='word_1_42' title='bbox 1611 607 1731 642; x_wconf 87' lang='lat' dir='ltr'>super</span> 
     </span>
     <span class='ocr_line' id='line_1_6' title="bbox 230 650 1729 697; baseline -0.003 -9"><span class='ocrx_word' id='word_1_43' title='bbox 230 653 488 694; x_wconf 89' lang='lat' dir='ltr'>membranis;</span> <span class='ocrx_word' id='word_1_44' title='bbox 514 659 555 688; x_wconf 92' lang='lat' dir='ltr'>et</span> <span class='ocrx_word' id='word_1_45' title='bbox 575 652 745 687; x_wconf 90' lang='lat' dir='ltr'>adduxit</span> <span class='ocrx_word' id='word_1_46' title='bbox 763 653 1046 692; x_wconf 86' lang='lat' dir='ltr'>membranam,</span> <span class='ocrx_word' id='word_1_47' title='bbox 1064 662 1183 697; x_wconf 90' lang='lat' dir='ltr'>super</span> <span class='ocrx_word' id='word_1_48' title='bbox 1204 662 1283 697; x_wconf 93' lang='lat' dir='ltr'>qua</span> <span class='ocrx_word' id='word_1_49' title='bbox 1303 657 1416 686; x_wconf 90' lang='lat' dir='ltr'>erant</span> <span class='ocrx_word' id='word_1_50' title='bbox 1435 650 1729 696; x_wconf 90' lang='lat' dir='ltr'>primaevorum</span> 
     </span>
     <span class='ocr_line' id='line_1_7' title="bbox 228 703 1730 752; baseline -0.002 -11"><span class='ocrx_word' id='word_1_51' title='bbox 228 717 403 742; x_wconf 87' lang='lat' dir='ltr'>canones</span> <span class='ocrx_word' id='word_1_52' title='bbox 421 705 607 751; x_wconf 82' lang='lat' dir='ltr'>exscripti</span> <span class='ocrx_word' id='word_1_53' title='bbox 625 716 675 741; x_wconf 91' lang='lat' dir='ltr'>ex</span> <span class='ocrx_word' id='word_1_54' title='bbox 698 705 846 741; x_wconf 90' lang='lat' dir='ltr'>tabulis</span> <span class='ocrx_word' id='word_1_55' title='bbox 865 705 1042 752; x_wconf 85' lang='lat' dir='ltr'>lapideis,</span> <span class='ocrx_word' id='word_1_56' title='bbox 1063 705 1166 740; x_wconf 90' lang='lat' dir='ltr'>inter</span> <span class='ocrx_word' id='word_1_57' title='bbox 1182 715 1283 751; x_wconf 91' lang='lat' dir='ltr'>quos</span> <span class='ocrx_word' id='word_1_58' title='bbox 1300 703 1422 740; x_wconf 91' lang='lat' dir='ltr'>etiam</span> <span class='ocrx_word' id='word_1_59' title='bbox 1440 709 1526 739; x_wconf 92' lang='lat' dir='ltr'>erat</span> <span class='ocrx_word' id='word_1_60' title='bbox 1543 714 1730 750; x_wconf 88' lang='lat' dir='ltr'>praecep-</span> 
     </span>
     <span class='ocr_line' id='line_1_8' title="bbox 227 759 609 805; baseline -0.005 -10"><span class='ocrx_word' id='word_1_61' title='bbox 227 768 314 795; x_wconf 90' lang='lat' dir='ltr'>tum</span> <span class='ocrx_word' id='word_1_62' title='bbox 333 760 383 794; x_wconf 91' lang='lat' dir='ltr'>de</span> <span class='ocrx_word' id='word_1_63' title='bbox 401 759 609 805; x_wconf 82' lang='lat' dir='ltr'>conjugiis.</span> 
     </span>
    </p>

    <p class='ocr_par' dir='ltr' id='par_1_3' title="bbox 224 808 1729 1283">
     <span class='ocr_line' id='line_1_9' title="bbox 300 808 1727 857; baseline -0.004 -9"><span class='ocrx_word' id='word_1_64' title='bbox 300 812 376 848; x_wconf 91' lang='lat' dir='ltr'>His</span> <span class='ocrx_word' id='word_1_65' title='bbox 394 819 435 848; x_wconf 91' lang='lat' dir='ltr'>et</span> <span class='ocrx_word' id='word_1_66' title='bbox 452 812 539 847; x_wconf 91' lang='lat' dir='ltr'>aliis</span> <span class='ocrx_word' id='word_1_67' title='bbox 553 823 602 847; x_wconf 87' lang='lat' dir='ltr'>ex</span> <span class='ocrx_word' id='word_1_68' title='bbox 621 811 705 857; x_wconf 90' lang='lat' dir='ltr'>ipsa</span> <span class='ocrx_word' id='word_1_69' title='bbox 718 810 958 857; x_wconf 87' lang='lat' dir='ltr'>antiquitate</span> <span class='ocrx_word' id='word_1_70' title='bbox 972 809 1297 846; x_wconf 88' lang='lat' dir='ltr'>memorabilibus</span> <span class='ocrx_word' id='word_1_71' title='bbox 1310 809 1417 849; x_wconf 87' lang='lat' dir='ltr'>visis,</span> <span class='ocrx_word' id='word_1_72' title='bbox 1430 808 1532 844; x_wconf 86' lang='lat' dir='ltr'>dixit</span> <span class='ocrx_word' id='word_1_73' title='bbox 1549 809 1727 855; x_wconf 85' lang='lat' dir='ltr'>angelus,</span> 
     </span>
     <span class='ocr_line' id='line_1_10' title="bbox 228 862 1727 910; baseline -0.003 -9"><span class='ocrx_word' id='word_1_74' title='bbox 228 870 248 884; x_wconf 81' lang='lat'>¹⁴</span> <span class='ocrx_word' id='word_1_75' title='bbox 262 865 378 908; x_wconf 90' lang='lat' dir='ltr'>Nunc</span> <span class='ocrx_word' id='word_1_76' title='bbox 395 872 457 901; x_wconf 91' lang='lat' dir='ltr'>est</span> <span class='ocrx_word' id='word_1_77' title='bbox 475 865 591 900; x_wconf 90' lang='lat' dir='ltr'>nobis</span> <span class='ocrx_word' id='word_1_78' title='bbox 608 872 767 910; x_wconf 89' lang='lat' dir='ltr'>tempus</span> <span class='ocrx_word' id='word_1_79' title='bbox 781 864 953 899; x_wconf 91' lang='lat' dir='ltr'>abeundi</span> <span class='ocrx_word' id='word_1_80' title='bbox 965 864 996 900; x_wconf 89' lang='lat'>:&#39;&#39;</span> <span class='ocrx_word' id='word_1_81' title='bbox 1022 870 1063 899; x_wconf 89' lang='lat' dir='ltr'>et</span> <span class='ocrx_word' id='word_1_82' title='bbox 1080 870 1178 898; x_wconf 91' lang='lat' dir='ltr'>tunc</span> <span class='ocrx_word' id='word_1_83' title='bbox 1193 863 1338 909; x_wconf 91' lang='lat' dir='ltr'>hospes</span> <span class='ocrx_word' id='word_1_84' title='bbox 1352 863 1477 898; x_wconf 87' lang='lat' dir='ltr'>exivit</span> <span class='ocrx_word' id='word_1_85' title='bbox 1496 862 1535 897; x_wconf 92' lang='lat' dir='ltr'>in</span> <span class='ocrx_word' id='word_1_86' title='bbox 1554 862 1727 902; x_wconf 87' lang='lat' dir='ltr'>hortum,</span> 
     </span>
     <span class='ocr_line' id='line_1_11' title="bbox 226 915 1729 964; baseline -0.003 -10"><span class='ocrx_word' id='word_1_87' title='bbox 226 925 269 954; x_wconf 90' lang='lat' dir='ltr'>et</span> <span class='ocrx_word' id='word_1_88' title='bbox 289 918 511 964; x_wconf 89' lang='lat' dir='ltr'>desumpsit</span> <span class='ocrx_word' id='word_1_89' title='bbox 533 929 583 953; x_wconf 91' lang='lat' dir='ltr'>ex</span> <span class='ocrx_word' id='word_1_90' title='bbox 603 919 744 953; x_wconf 92' lang='lat' dir='ltr'>arbore</span> <span class='ocrx_word' id='word_1_91' title='bbox 761 918 915 963; x_wconf 87' lang='lat' dir='ltr'>aliquot</span> <span class='ocrx_word' id='word_1_92' title='bbox 931 917 1123 956; x_wconf 86' lang='lat' dir='ltr'>termites,</span> <span class='ocrx_word' id='word_1_93' title='bbox 1142 922 1183 953; x_wconf 87' lang='lat' dir='ltr'>et</span> <span class='ocrx_word' id='word_1_94' title='bbox 1204 916 1341 962; x_wconf 93' lang='lat' dir='ltr'>ligavit</span> <span class='ocrx_word' id='word_1_95' title='bbox 1362 915 1402 951; x_wconf 91' lang='lat' dir='ltr'>in</span> <span class='ocrx_word' id='word_1_96' title='bbox 1424 915 1670 956; x_wconf 79' lang='lat' dir='ltr'>fasciculum,</span> <span class='ocrx_word' id='word_1_97' title='bbox 1688 924 1729 951; x_wconf 87' lang='lat' dir='ltr'>et</span> 
     </span>
     <span class='ocr_line' id='line_1_12' title="bbox 226 969 1729 1014; baseline -0.002 -8"><span class='ocrx_word' id='word_1_98' title='bbox 226 971 403 1012; x_wconf 90' lang='lat' dir='ltr'>donavit,</span> <span class='ocrx_word' id='word_1_99' title='bbox 430 971 577 1011; x_wconf 91' lang='lat' dir='ltr'>dicens,</span> <span class='ocrx_word' id='word_1_100' title='bbox 609 976 628 990; x_wconf 81' lang='lat'>‘⁴</span> <span class='ocrx_word' id='word_1_101' title='bbox 644 971 698 1006; x_wconf 91' lang='lat' dir='ltr'>Hi</span> <span class='ocrx_word' id='word_1_102' title='bbox 731 970 910 1006; x_wconf 88' lang='lat' dir='ltr'>termites</span> <span class='ocrx_word' id='word_1_103' title='bbox 935 977 1030 1006; x_wconf 91' lang='lat' dir='ltr'>sunt</span> <span class='ocrx_word' id='word_1_104' title='bbox 1058 981 1107 1005; x_wconf 91' lang='lat' dir='ltr'>ex</span> <span class='ocrx_word' id='word_1_105' title='bbox 1140 969 1280 1005; x_wconf 92' lang='lat' dir='ltr'>arbore</span> <span class='ocrx_word' id='word_1_106' title='bbox 1306 969 1440 1004; x_wconf 90' lang='lat' dir='ltr'>nativa</span> <span class='ocrx_word' id='word_1_107' title='bbox 1469 980 1539 1004; x_wconf 92' lang='lat' dir='ltr'>seu</span> <span class='ocrx_word' id='word_1_108' title='bbox 1570 969 1729 1014; x_wconf 90' lang='lat' dir='ltr'>propria</span> 
     </span>
     <span class='ocr_line' id='line_1_13' title="bbox 226 1021 1726 1070; baseline -0.003 -10"><span class='ocrx_word' id='word_1_109' title='bbox 226 1024 352 1060; x_wconf 90' lang='lat' dir='ltr'>nostri</span> <span class='ocrx_word' id='word_1_110' title='bbox 378 1024 488 1065; x_wconf 91' lang='lat' dir='ltr'>caeli,</span> <span class='ocrx_word' id='word_1_111' title='bbox 510 1025 624 1070; x_wconf 89' lang='lat' dir='ltr'>cujus</span> <span class='ocrx_word' id='word_1_112' title='bbox 651 1035 792 1059; x_wconf 91' lang='lat' dir='ltr'>succus</span> <span class='ocrx_word' id='word_1_113' title='bbox 817 1023 966 1070; x_wconf 85' lang='lat' dir='ltr'>fragrat</span> <span class='ocrx_word' id='word_1_114' title='bbox 999 1034 1048 1058; x_wconf 88' lang='lat' dir='ltr'>ex</span> <span class='ocrx_word' id='word_1_115' title='bbox 1081 1022 1294 1058; x_wconf 90' lang='lat' dir='ltr'>balsamo.’&#39;</span> <span class='ocrx_word' id='word_1_116' title='bbox 1349 1021 1469 1057; x_wconf 91' lang='lat' dir='ltr'>Hunc</span> <span class='ocrx_word' id='word_1_117' title='bbox 1494 1021 1726 1057; x_wconf 81' lang='lat' dir='ltr'>fasciculum</span> 
     </span>
     <span class='ocr_line' id='line_1_14' title="bbox 225 1074 1724 1124; baseline -0.003 -11"><span class='ocrx_word' id='word_1_118' title='bbox 225 1077 538 1124; x_wconf 88' lang='lat' dir='ltr'>deportavimus,</span> <span class='ocrx_word' id='word_1_119' title='bbox 556 1084 597 1113; x_wconf 90' lang='lat' dir='ltr'>et</span> <span class='ocrx_word' id='word_1_120' title='bbox 620 1088 694 1123; x_wconf 85' lang='lat' dir='ltr'>per</span> <span class='ocrx_word' id='word_1_121' title='bbox 716 1077 822 1112; x_wconf 91' lang='lat' dir='ltr'>viam</span> <span class='ocrx_word' id='word_1_122' title='bbox 840 1077 954 1122; x_wconf 86' lang='lat' dir='ltr'>juxta</span> <span class='ocrx_word' id='word_1_123' title='bbox 971 1075 1177 1116; x_wconf 89' lang='lat' dir='ltr'>orientem,</span> <span class='ocrx_word' id='word_1_124' title='bbox 1197 1086 1298 1121; x_wconf 90' lang='lat' dir='ltr'>quae</span> <span class='ocrx_word' id='word_1_125' title='bbox 1316 1086 1398 1110; x_wconf 91' lang='lat' dir='ltr'>non</span> <span class='ocrx_word' id='word_1_126' title='bbox 1417 1074 1493 1110; x_wconf 83' lang='lat' dir='ltr'>fuit</span> <span class='ocrx_word' id='word_1_127' title='bbox 1511 1074 1724 1113; x_wconf 84' lang='lat' dir='ltr'>custodita.</span> 
     </span>
     <span class='ocr_line' id='line_1_15' title="bbox 225 1127 1724 1168; baseline -0.001 -2"><span class='ocrx_word' id='word_1_128' title='bbox 225 1131 528 1166; x_wconf 87' lang='lat' dir='ltr'>descendimus:</span> <span class='ocrx_word' id='word_1_129' title='bbox 561 1137 602 1166; x_wconf 86' lang='lat' dir='ltr'>et</span> <span class='ocrx_word' id='word_1_130' title='bbox 627 1141 719 1166; x_wconf 90' lang='lat' dir='ltr'>ecce</span> <span class='ocrx_word' id='word_1_131' title='bbox 737 1129 918 1165; x_wconf 89' lang='lat' dir='ltr'>termites</span> <span class='ocrx_word' id='word_1_132' title='bbox 935 1129 1038 1164; x_wconf 90' lang='lat' dir='ltr'>versi</span> <span class='ocrx_word' id='word_1_133' title='bbox 1057 1136 1151 1164; x_wconf 91' lang='lat' dir='ltr'>sunt</span> <span class='ocrx_word' id='word_1_134' title='bbox 1170 1129 1209 1163; x_wconf 93' lang='lat' dir='ltr'>in</span> <span class='ocrx_word' id='word_1_135' title='bbox 1225 1139 1290 1163; x_wconf 91' lang='lat' dir='ltr'>aes</span> <span class='ocrx_word' id='word_1_136' title='bbox 1309 1128 1495 1168; x_wconf 87' lang='lat' dir='ltr'>nitidum,</span> <span class='ocrx_word' id='word_1_137' title='bbox 1514 1134 1555 1163; x_wconf 91' lang='lat' dir='ltr'>et</span> <span class='ocrx_word' id='word_1_138' title='bbox 1581 1127 1724 1164; x_wconf 81' lang='lat' dir='ltr'>summi</span> 
     </span>
     <span class='ocr_line' id='line_1_16' title="bbox 224 1181 1726 1230; baseline -0.002 -11"><span class='ocrx_word' id='word_1_139' title='bbox 224 1183 358 1230; x_wconf 88' lang='lat' dir='ltr'>apices</span> <span class='ocrx_word' id='word_1_140' title='bbox 377 1184 535 1219; x_wconf 90' lang='lat' dir='ltr'>illorum</span> <span class='ocrx_word' id='word_1_141' title='bbox 563 1183 602 1218; x_wconf 91' lang='lat' dir='ltr'>in</span> <span class='ocrx_word' id='word_1_142' title='bbox 621 1194 780 1224; x_wconf 73' lang='lat' dir='ltr'>aurum:</span> <span class='ocrx_word' id='word_1_143' title='bbox 807 1183 844 1217; x_wconf 92' lang='lat' dir='ltr'>in</span> <span class='ocrx_word' id='word_1_144' title='bbox 864 1182 1022 1228; x_wconf 90' lang='lat' dir='ltr'>signum</span> <span class='ocrx_word' id='word_1_145' title='bbox 1045 1182 1152 1228; x_wconf 93' lang='lat' dir='ltr'>quod</span> <span class='ocrx_word' id='word_1_146' title='bbox 1172 1182 1278 1227; x_wconf 89' lang='lat' dir='ltr'>apud</span> <span class='ocrx_word' id='word_1_147' title='bbox 1305 1181 1448 1217; x_wconf 90' lang='lat' dir='ltr'>tertiae</span> <span class='ocrx_word' id='word_1_148' title='bbox 1468 1181 1611 1217; x_wconf 88' lang='lat' dir='ltr'>aetatis</span> <span class='ocrx_word' id='word_1_149' title='bbox 1628 1191 1726 1228; x_wconf 90' lang='lat' dir='ltr'>gen-</span> 
     </span>
     <span class='ocr_line' id='line_1_17' title="bbox 224 1235 1298 1283; baseline -0.002 -11"><span class='ocrx_word' id='word_1_150' title='bbox 224 1244 319 1278; x_wconf 88' lang='lat' dir='ltr'>tem,</span> <span class='ocrx_word' id='word_1_151' title='bbox 337 1248 440 1283; x_wconf 91' lang='lat' dir='ltr'>quae</span> <span class='ocrx_word' id='word_1_152' title='bbox 458 1237 689 1272; x_wconf 87' lang='lat' dir='ltr'>nominatur</span> <span class='ocrx_word' id='word_1_153' title='bbox 705 1247 729 1272; x_wconf 92' lang='lat' dir='ltr'>a</span> <span class='ocrx_word' id='word_1_154' title='bbox 745 1246 869 1282; x_wconf 92' lang='lat' dir='ltr'>cupro</span> <span class='ocrx_word' id='word_1_155' title='bbox 887 1246 957 1271; x_wconf 91' lang='lat' dir='ltr'>seu</span> <span class='ocrx_word' id='word_1_156' title='bbox 975 1246 1076 1276; x_wconf 90' lang='lat' dir='ltr'>aere,</span> <span class='ocrx_word' id='word_1_157' title='bbox 1096 1235 1298 1276; x_wconf 83' lang='lat' dir='ltr'>fuerimus,</span> 
     </span>
    </p>
   </div>
   <div class='ocr_carea' id='block_1_3' title="bbox 223 1349 998 1406">
    <p class='ocr_par' dir='ltr' id='par_1_4' title="bbox 223 1349 998 1406">
     <span class='ocr_line' id='line_1_18' title="bbox 223 1349 998 1406; baseline -0.003 -13"><span class='ocrx_word' id='word_1_158' title='bbox 223 1350 315 1406; x_wconf 80' lang='grc'>78.</span> <span class='ocrx_word' id='word_1_159' title='bbox 356 1350 584 1405; x_wconf 82' lang='lat' dir='ltr'>Quartum</span> <span class='ocrx_word' id='word_1_160' title='bbox 611 1349 910 1392; x_wconf 89' lang='lat' dir='ltr'>Memorabile</span> <span class='ocrx_word' id='word_1_161' title='bbox 926 1363 998 1391; x_wconf 77' lang='lat'>1—-</span> 
     </span>
    </p>
   </div>
   <div class='ocr_carea' id='block_1_4' title="bbox 191 1440 1724 3016">
    <p class='ocr_par' dir='ltr' id='par_1_5' title="bbox 219 1440 1724 2019">
     <span class='ocr_line' id='line_1_19' title="bbox 299 1440 1724 1487; baseline -0.002 -9"><span class='ocrx_word' id='word_1_162' title='bbox 299 1441 399 1478; x_wconf 90' lang='lat' dir='ltr'>Post</span> <span class='ocrx_word' id='word_1_163' title='bbox 423 1442 589 1477; x_wconf 90' lang='lat' dir='ltr'>biduum</span> <span class='ocrx_word' id='word_1_164' title='bbox 616 1441 760 1477; x_wconf 92' lang='lat' dir='ltr'>iterum</span> <span class='ocrx_word' id='word_1_165' title='bbox 787 1452 942 1477; x_wconf 90' lang='lat' dir='ltr'>mecum</span> <span class='ocrx_word' id='word_1_166' title='bbox 963 1441 1122 1476; x_wconf 92' lang='lat' dir='ltr'>locutus</span> <span class='ocrx_word' id='word_1_167' title='bbox 1148 1447 1209 1476; x_wconf 87' lang='lat' dir='ltr'>est</span> <span class='ocrx_word' id='word_1_168' title='bbox 1234 1440 1410 1487; x_wconf 85' lang='lat' dir='ltr'>angelus,</span> <span class='ocrx_word' id='word_1_169' title='bbox 1434 1440 1583 1481; x_wconf 90' lang='lat' dir='ltr'>dicens,</span> <span class='ocrx_word' id='word_1_170' title='bbox 1608 1443 1629 1458; x_wconf 88' lang='lat'>“</span> <span class='ocrx_word' id='word_1_171' title='bbox 1641 1440 1724 1475; x_wconf 91' lang='lat' dir='ltr'>Ab·</span> 
     </span>
     <span class='ocr_line' id='line_1_20' title="bbox 223 1493 1724 1541; baseline -0.002 -10"><span class='ocrx_word' id='word_1_172' title='bbox 223 1495 426 1532; x_wconf 90' lang='lat' dir='ltr'>solvamus</span> <span class='ocrx_word' id='word_1_173' title='bbox 452 1495 659 1541; x_wconf 90' lang='lat' dir='ltr'>periodum</span> <span class='ocrx_word' id='word_1_174' title='bbox 685 1501 887 1535; x_wconf 85' lang='lat' dir='ltr'>aetatum;</span> <span class='ocrx_word' id='word_1_175' title='bbox 925 1501 1105 1540; x_wconf 89' lang='lat' dir='ltr'>superest</span> <span class='ocrx_word' id='word_1_176' title='bbox 1134 1501 1243 1529; x_wconf 90' lang='lat' dir='ltr'>aetas</span> <span class='ocrx_word' id='word_1_177' title='bbox 1269 1494 1418 1534; x_wconf 89' lang='lat' dir='ltr'>ultima,</span> <span class='ocrx_word' id='word_1_178' title='bbox 1437 1504 1539 1539; x_wconf 91' lang='lat' dir='ltr'>quae</span> <span class='ocrx_word' id='word_1_179' title='bbox 1568 1504 1591 1528; x_wconf 92' lang='lat' dir='ltr'>a</span> <span class='ocrx_word' id='word_1_180' title='bbox 1619 1493 1724 1529; x_wconf 82' lang='lat' dir='ltr'>ferro</span> 
     </span>
     <span class='ocr_line' id='line_1_21' title="bbox 223 1546 1723 1594; baseline -0.002 -10"><span class='ocrx_word' id='word_1_181' title='bbox 223 1555 498 1594; x_wconf 89' lang='lat' dir='ltr'>nuncupatur:</span> <span class='ocrx_word' id='word_1_182' title='bbox 524 1548 696 1594; x_wconf 93' lang='lat' dir='ltr'>populus</span> <span class='ocrx_word' id='word_1_183' title='bbox 714 1548 835 1594; x_wconf 86' lang='lat' dir='ltr'>hujus</span> <span class='ocrx_word' id='word_1_184' title='bbox 851 1548 938 1583; x_wconf 91' lang='lat' dir='ltr'>aevi</span> <span class='ocrx_word' id='word_1_185' title='bbox 957 1547 1068 1593; x_wconf 90' lang='lat' dir='ltr'>degit</span> <span class='ocrx_word' id='word_1_186' title='bbox 1087 1547 1125 1582; x_wconf 93' lang='lat' dir='ltr'>in</span> <span class='ocrx_word' id='word_1_187' title='bbox 1145 1547 1417 1593; x_wconf 89' lang='lat' dir='ltr'>septentrione</span> <span class='ocrx_word' id='word_1_188' title='bbox 1434 1558 1458 1582; x_wconf 92' lang='lat' dir='ltr'>a</span> <span class='ocrx_word' id='word_1_189' title='bbox 1475 1547 1599 1582; x_wconf 90' lang='lat' dir='ltr'>latere</span> <span class='ocrx_word' id='word_1_190' title='bbox 1617 1546 1723 1582; x_wconf 87' lang='lat' dir='ltr'>occi-</span> 
     </span>
     <span class='ocr_line' id='line_1_22' title="bbox 223 1599 1721 1646; baseline -0.002 -9"><span class='ocrx_word' id='word_1_191' title='bbox 223 1601 358 1638; x_wconf 89' lang='lat' dir='ltr'>dentis</span> <span class='ocrx_word' id='word_1_192' title='bbox 384 1601 599 1636; x_wconf 88' lang='lat' dir='ltr'>introrsum</span> <span class='ocrx_word' id='word_1_193' title='bbox 630 1612 700 1636; x_wconf 90' lang='lat' dir='ltr'>seu</span> <span class='ocrx_word' id='word_1_194' title='bbox 736 1601 775 1636; x_wconf 92' lang='lat' dir='ltr'>in</span> <span class='ocrx_word' id='word_1_195' title='bbox 803 1601 950 1642; x_wconf 82' lang='lat' dir='ltr'>latum:</span> <span class='ocrx_word' id='word_1_196' title='bbox 983 1607 1078 1635; x_wconf 91' lang='lat' dir='ltr'>sunt</span> <span class='ocrx_word' id='word_1_197' title='bbox 1102 1611 1243 1635; x_wconf 91' lang='lat' dir='ltr'>omnes</span> <span class='ocrx_word' id='word_1_198' title='bbox 1268 1600 1324 1635; x_wconf 92' lang='lat' dir='ltr'>illi</span> <span class='ocrx_word' id='word_1_199' title='bbox 1359 1611 1409 1635; x_wconf 89' lang='lat' dir='ltr'>ex</span> <span class='ocrx_word' id='word_1_200' title='bbox 1443 1600 1582 1646; x_wconf 91' lang='lat' dir='ltr'>priscis</span> <span class='ocrx_word' id='word_1_201' title='bbox 1602 1599 1721 1635; x_wconf 91' lang='lat' dir='ltr'>Asiae</span> 
     </span>
     <span class='ocr_line' id='line_1_23' title="bbox 225 1652 1722 1701; baseline -0.002 -11"><span class='ocrx_word' id='word_1_202' title='bbox 225 1654 378 1694; x_wconf 91' lang='lat' dir='ltr'>incolis,</span> <span class='ocrx_word' id='word_1_203' title='bbox 397 1655 502 1701; x_wconf 90' lang='lat' dir='ltr'>apud</span> <span class='ocrx_word' id='word_1_204' title='bbox 521 1665 622 1700; x_wconf 90' lang='lat' dir='ltr'>quos</span> <span class='ocrx_word' id='word_1_205' title='bbox 639 1653 769 1689; x_wconf 78' lang='lat' dir='ltr'>fuerat</span> <span class='ocrx_word' id='word_1_206' title='bbox 781 1653 960 1692; x_wconf 74' lang='lat' dir='ltr'>⁷Verbum</span> <span class='ocrx_word' id='word_1_207' title='bbox 981 1653 1211 1693; x_wconf 89' lang='lat' dir='ltr'>Vetustum,</span> <span class='ocrx_word' id='word_1_208' title='bbox 1230 1659 1271 1688; x_wconf 92' lang='lat' dir='ltr'>et</span> <span class='ocrx_word' id='word_1_209' title='bbox 1298 1664 1348 1688; x_wconf 91' lang='lat' dir='ltr'>ex</span> <span class='ocrx_word' id='word_1_210' title='bbox 1366 1652 1434 1688; x_wconf 91' lang='lat' dir='ltr'>illo</span> <span class='ocrx_word' id='word_1_211' title='bbox 1452 1653 1605 1694; x_wconf 85' lang='lat' dir='ltr'>cultus;</span> <span class='ocrx_word' id='word_1_212' title='bbox 1631 1664 1722 1699; x_wconf 91' lang='lat' dir='ltr'>pro-</span> 
     </span>
     <span class='ocr_line' id='line_1_24' title="bbox 223 1706 1723 1743; baseline -0.002 0"><span class='ocrx_word' id='word_1_213' title='bbox 223 1707 316 1743; x_wconf 93' lang='lat' dir='ltr'>inde</span> <span class='ocrx_word' id='word_1_214' title='bbox 341 1714 435 1743; x_wconf 90' lang='lat' dir='ltr'>ante</span> <span class='ocrx_word' id='word_1_215' title='bbox 460 1707 677 1742; x_wconf 90' lang='lat' dir='ltr'>adventum</span> <span class='ocrx_word' id='word_1_216' title='bbox 706 1706 868 1742; x_wconf 90' lang='lat' dir='ltr'>Domini</span> <span class='ocrx_word' id='word_1_217' title='bbox 894 1706 1020 1742; x_wconf 90' lang='lat' dir='ltr'>nostri</span> <span class='ocrx_word' id='word_1_218' title='bbox 1048 1706 1087 1741; x_wconf 88' lang='lat' dir='ltr'>in</span> <span class='ocrx_word' id='word_1_219' title='bbox 1114 1706 1321 1741; x_wconf 91' lang='lat' dir='ltr'>mundum.</span> <span class='ocrx_word' id='word_1_220' title='bbox 1374 1706 1464 1741; x_wconf 92' lang='lat' dir='ltr'>Hoc</span> <span class='ocrx_word' id='word_1_221' title='bbox 1489 1713 1648 1741; x_wconf 90' lang='lat' dir='ltr'>constat</span> <span class='ocrx_word' id='word_1_222' title='bbox 1673 1716 1723 1741; x_wconf 84' lang='lat' dir='ltr'>ex</span> 
     </span>
     <span class='ocr_line' id='line_1_25' title="bbox 219 1759 1720 1807; baseline -0.001 -11"><span class='ocrx_word' id='word_1_223' title='bbox 219 1760 477 1807; x_wconf 90' lang='lat' dir='ltr'>antiquorum</span> <span class='ocrx_word' id='word_1_224' title='bbox 496 1760 666 1806; x_wconf 90' lang='lat' dir='ltr'>scriptis,</span> <span class='ocrx_word' id='word_1_225' title='bbox 680 1760 719 1795; x_wconf 94' lang='lat' dir='ltr'>in</span> <span class='ocrx_word' id='word_1_226' title='bbox 738 1760 882 1806; x_wconf 91' lang='lat' dir='ltr'>quibus</span> <span class='ocrx_word' id='word_1_227' title='bbox 895 1767 1079 1805; x_wconf 87' lang='lat' dir='ltr'>tempora</span> <span class='ocrx_word' id='word_1_228' title='bbox 1093 1759 1159 1794; x_wconf 90' lang='lat' dir='ltr'>illa</span> <span class='ocrx_word' id='word_1_229' title='bbox 1178 1759 1233 1794; x_wconf 88' lang='lat' dir='ltr'>ita</span> <span class='ocrx_word' id='word_1_230' title='bbox 1247 1759 1519 1795; x_wconf 90' lang='lat' dir='ltr'>nominantur.</span> <span class='ocrx_word' id='word_1_231' title='bbox 1571 1759 1720 1795; x_wconf 88' lang='lat' dir='ltr'>Eadem</span> 
     </span>
     <span class='ocr_line' id='line_1_26' title="bbox 221 1812 1722 1860; baseline -0.001 -11"><span class='ocrx_word' id='word_1_232' title='bbox 221 1814 322 1849; x_wconf 87' lang='lat' dir='ltr'>haec</span> <span class='ocrx_word' id='word_1_233' title='bbox 346 1824 446 1849; x_wconf 88' lang='lat' dir='ltr'>aeva</span> <span class='ocrx_word' id='word_1_234' title='bbox 471 1813 750 1860; x_wconf 89' lang='lat' dir='ltr'>intelliguntur</span> <span class='ocrx_word' id='word_1_235' title='bbox 774 1824 844 1859; x_wconf 91' lang='lat' dir='ltr'>per</span> <span class='ocrx_word' id='word_1_236' title='bbox 869 1819 1043 1848; x_wconf 90' lang='lat' dir='ltr'>statuam</span> <span class='ocrx_word' id='word_1_237' title='bbox 1067 1812 1422 1848; x_wconf 89' lang='lat' dir='ltr'>Nebuchadnezari</span> <span class='ocrx_word' id='word_1_238' title='bbox 1447 1813 1585 1852; x_wconf 91' lang='lat' dir='ltr'>visam,</span> <span class='ocrx_word' id='word_1_239' title='bbox 1607 1813 1722 1859; x_wconf 88' lang='lat' dir='ltr'>cujus</span> 
     </span>
     <span class='ocr_line' id='line_1_27' title="bbox 221 1865 1722 1913; baseline -0.002 -10"><span class='ocrx_word' id='word_1_240' title='bbox 221 1873 347 1913; x_wconf 89' lang='lat' dir='ltr'>caput</span> <span class='ocrx_word' id='word_1_241' title='bbox 372 1878 422 1903; x_wconf 84' lang='lat' dir='ltr'>ex</span> <span class='ocrx_word' id='word_1_242' title='bbox 447 1877 555 1908; x_wconf 91' lang='lat' dir='ltr'>auro,</span> <span class='ocrx_word' id='word_1_243' title='bbox 574 1865 714 1912; x_wconf 56' lang='lat' dir='ltr'>pectus</span> <span class='ocrx_word' id='word_1_244' title='bbox 731 1873 773 1902; x_wconf 91' lang='lat' dir='ltr'>et</span> <span class='ocrx_word' id='word_1_245' title='bbox 798 1866 961 1901; x_wconf 88' lang='lat' dir='ltr'>brachia</span> <span class='ocrx_word' id='word_1_246' title='bbox 985 1877 1035 1902; x_wconf 90' lang='lat' dir='ltr'>ex</span> <span class='ocrx_word' id='word_1_247' title='bbox 1059 1873 1238 1912; x_wconf 88' lang='lat' dir='ltr'>argento,</span> <span class='ocrx_word' id='word_1_248' title='bbox 1264 1873 1405 1901; x_wconf 90' lang='lat' dir='ltr'>venter</span> <span class='ocrx_word' id='word_1_249' title='bbox 1430 1872 1471 1901; x_wconf 94' lang='lat' dir='ltr'>et</span> <span class='ocrx_word' id='word_1_250' title='bbox 1496 1865 1650 1901; x_wconf 83' lang='lat' dir='ltr'>femora</span> <span class='ocrx_word' id='word_1_251' title='bbox 1673 1876 1722 1901; x_wconf 87' lang='lat' dir='ltr'>ex</span> 
     </span>
     <span class='ocr_line' id='line_1_28' title="bbox 219 1919 1720 1966; baseline -0.001 -10"><span class='ocrx_word' id='word_1_252' title='bbox 219 1931 323 1960; x_wconf 87' lang='lat' dir='ltr'>aere.</span> <span class='ocrx_word' id='word_1_253' title='bbox 341 1931 457 1956; x_wconf 88' lang='lat' dir='ltr'>crura</span> <span class='ocrx_word' id='word_1_254' title='bbox 474 1931 524 1956; x_wconf 88' lang='lat' dir='ltr'>ex</span> <span class='ocrx_word' id='word_1_255' title='bbox 541 1919 658 1961; x_wconf 81' lang='lat' dir='ltr'>ferro,</span> <span class='ocrx_word' id='word_1_256' title='bbox 675 1930 723 1955; x_wconf 91' lang='lat' dir='ltr'>ac</span> <span class='ocrx_word' id='word_1_257' title='bbox 741 1920 863 1966; x_wconf 90' lang='lat' dir='ltr'>pedes</span> <span class='ocrx_word' id='word_1_258' title='bbox 881 1930 930 1955; x_wconf 88' lang='lat' dir='ltr'>ex</span> <span class='ocrx_word' id='word_1_259' title='bbox 947 1919 1051 1955; x_wconf 79' lang='lat' dir='ltr'>ferro</span> <span class='ocrx_word' id='word_1_260' title='bbox 1069 1926 1111 1955; x_wconf 92' lang='lat' dir='ltr'>et</span> <span class='ocrx_word' id='word_1_261' title='bbox 1127 1930 1288 1966; x_wconf 91' lang='lat' dir='ltr'>quoque</span> <span class='ocrx_word' id='word_1_262' title='bbox 1307 1919 1448 1966; x_wconf 89' lang='lat' dir='ltr'>argilla</span> <span class='ocrx_word' id='word_1_263' title='bbox 1467 1920 1587 1964; x_wconf 89' lang='lat' dir='ltr'>(Dan.</span> <span class='ocrx_word' id='word_1_264' title='bbox 1607 1919 1645 1956; x_wconf 91' lang='lat' dir='ltr'>ii.</span> <span class='ocrx_word' id='word_1_265' title='bbox 1664 1929 1720 1964; x_wconf 88' lang='lat'>32,</span> 
     </span>
     <span class='ocr_line' id='line_1_29' title="bbox 220 1973 321 2019; baseline -0.02 0"><span class='ocrx_word' id='word_1_266' title='bbox 220 1973 321 2019; x_wconf 90' lang='lat'>33)-”</span> 
     </span>
    </p>

    <p class='ocr_par' dir='ltr' id='par_1_6' title="bbox 191 2023 1721 2708">
     <span class='ocr_line' id='line_1_30' title="bbox 290 2023 1721 2072; baseline -0.001 -10"><span class='ocrx_word' id='word_1_267' title='bbox 290 2025 403 2062; x_wconf 91' lang='lat' dir='ltr'>Haec</span> <span class='ocrx_word' id='word_1_268' title='bbox 420 2026 523 2061; x_wconf 83' lang='lat' dir='ltr'>dixit</span> <span class='ocrx_word' id='word_1_269' title='bbox 543 2025 642 2061; x_wconf 90' lang='lat' dir='ltr'>mihi</span> <span class='ocrx_word' id='word_1_270' title='bbox 660 2025 824 2072; x_wconf 84' lang='lat' dir='ltr'>angelus</span> <span class='ocrx_word' id='word_1_271' title='bbox 843 2025 883 2060; x_wconf 88' lang='lat' dir='ltr'>in</span> <span class='ocrx_word' id='word_1_272' title='bbox 901 2026 976 2066; x_wconf 91' lang='lat' dir='ltr'>via,</span> <span class='ocrx_word' id='word_1_273' title='bbox 995 2036 1097 2071; x_wconf 91' lang='lat' dir='ltr'>quae</span> <span class='ocrx_word' id='word_1_274' title='bbox 1115 2023 1322 2061; x_wconf 62' lang='lat' dir='ltr'>contracta</span> <span class='ocrx_word' id='word_1_275' title='bbox 1339 2031 1380 2061; x_wconf 92' lang='lat' dir='ltr'>et</span> <span class='ocrx_word' id='word_1_276' title='bbox 1397 2025 1618 2071; x_wconf 87' lang='lat' dir='ltr'>anticipata</span> <span class='ocrx_word' id='word_1_277' title='bbox 1634 2031 1721 2061; x_wconf 88' lang='lat' dir='ltr'>erat</span> 
     </span>
     <span class='ocr_line' id='line_1_31' title="bbox 221 2078 1720 2127; baseline -0.002 -11"><span class='ocrx_word' id='word_1_278' title='bbox 221 2091 292 2127; x_wconf 89' lang='lat' dir='ltr'>per</span> <span class='ocrx_word' id='word_1_279' title='bbox 317 2079 500 2116; x_wconf 70' lang='lat' dir='ltr'>indutstas</span> <span class='ocrx_word' id='word_1_280' title='bbox 518 2079 764 2114; x_wconf 89' lang='lat' dir='ltr'>mutationes</span> <span class='ocrx_word' id='word_1_281' title='bbox 790 2085 919 2114; x_wconf 88' lang='lat' dir='ltr'>status</span> <span class='ocrx_word' id='word_1_282' title='bbox 946 2079 1147 2114; x_wconf 89' lang='lat' dir='ltr'>mentibus</span> <span class='ocrx_word' id='word_1_283' title='bbox 1170 2078 1317 2114; x_wconf 90' lang='lat' dir='ltr'>nostris</span> <span class='ocrx_word' id='word_1_284' title='bbox 1338 2079 1558 2114; x_wconf 90' lang='lat' dir='ltr'>secundum</span> <span class='ocrx_word' id='word_1_285' title='bbox 1580 2079 1720 2125; x_wconf 89' lang='lat' dir='ltr'>genios</span> 
     </span>
     <span class='ocr_line' id='line_1_32' title="bbox 219 2131 1718 2178; baseline -0.001 -9"><span class='ocrx_word' id='word_1_286' title='bbox 219 2133 493 2170; x_wconf 89' lang='lat' dir='ltr'>habitatorum</span> <span class='ocrx_word' id='word_1_287' title='bbox 519 2143 620 2178; x_wconf 93' lang='lat' dir='ltr'>quos</span> <span class='ocrx_word' id='word_1_288' title='bbox 645 2132 924 2173; x_wconf 78' lang='lat' dir='ltr'>transivimus:</span> <span class='ocrx_word' id='word_1_289' title='bbox 959 2143 1049 2167; x_wconf 88' lang='lat' dir='ltr'>nam</span> <span class='ocrx_word' id='word_1_290' title='bbox 1077 2131 1207 2178; x_wconf 89' lang='lat' dir='ltr'>spatia</span> <span class='ocrx_word' id='word_1_291' title='bbox 1238 2138 1280 2167; x_wconf 87' lang='lat' dir='ltr'>et</span> <span class='ocrx_word' id='word_1_292' title='bbox 1314 2131 1407 2168; x_wconf 91' lang='lat' dir='ltr'>inde</span> <span class='ocrx_word' id='word_1_293' title='bbox 1432 2132 1645 2168; x_wconf 89' lang='lat' dir='ltr'>distantiae</span> <span class='ocrx_word' id='word_1_294' title='bbox 1679 2132 1718 2167; x_wconf 92' lang='lat' dir='ltr'>in</span> 
     </span>
     <span class='ocr_line' id='line_1_33' title="bbox 220 2185 1717 2232; baseline -0.001 -10"><span class='ocrx_word' id='word_1_295' title='bbox 220 2186 370 2222; x_wconf 89' lang='lat' dir='ltr'>mundo</span> <span class='ocrx_word' id='word_1_296' title='bbox 382 2185 578 2232; x_wconf 88' lang='lat' dir='ltr'>spirituali</span> <span class='ocrx_word' id='word_1_297' title='bbox 596 2191 691 2221; x_wconf 92' lang='lat' dir='ltr'>sunt</span> <span class='ocrx_word' id='word_1_298' title='bbox 708 2185 965 2231; x_wconf 88' lang='lat' dir='ltr'>apparentiae</span> <span class='ocrx_word' id='word_1_299' title='bbox 980 2185 1198 2221; x_wconf 92' lang='lat' dir='ltr'>secundum</span> <span class='ocrx_word' id='word_1_300' title='bbox 1215 2191 1343 2220; x_wconf 90' lang='lat' dir='ltr'>status</span> <span class='ocrx_word' id='word_1_301' title='bbox 1357 2185 1565 2221; x_wconf 88' lang='lat' dir='ltr'>mentium.</span> <span class='ocrx_word' id='word_1_302' title='bbox 1616 2185 1717 2222; x_wconf 90' lang='lat' dir='ltr'>Cum</span> 
     </span>
     <span class='ocr_line' id='line_1_34' title="bbox 217 2237 1719 2284; baseline -0.001 -9"><span class='ocrx_word' id='word_1_303' title='bbox 217 2239 462 2276; x_wconf 89' lang='lat' dir='ltr'>elevavimus</span> <span class='ocrx_word' id='word_1_304' title='bbox 479 2239 629 2279; x_wconf 88' lang='lat' dir='ltr'>oculos,</span> <span class='ocrx_word' id='word_1_305' title='bbox 647 2249 740 2274; x_wconf 91' lang='lat' dir='ltr'>ecce</span> <span class='ocrx_word' id='word_1_306' title='bbox 758 2249 914 2274; x_wconf 90' lang='lat' dir='ltr'>eramus</span> <span class='ocrx_word' id='word_1_307' title='bbox 933 2238 972 2273; x_wconf 93' lang='lat' dir='ltr'>in</span> <span class='ocrx_word' id='word_1_308' title='bbox 991 2238 1091 2273; x_wconf 89' lang='lat' dir='ltr'>silva</span> <span class='ocrx_word' id='word_1_309' title='bbox 1107 2249 1156 2273; x_wconf 87' lang='lat' dir='ltr'>ex</span> <span class='ocrx_word' id='word_1_310' title='bbox 1175 2237 1286 2284; x_wconf 74' lang='lat' dir='ltr'>fagis,</span> <span class='ocrx_word' id='word_1_311' title='bbox 1305 2238 1474 2274; x_wconf 90' lang='lat' dir='ltr'>aesculis</span> <span class='ocrx_word' id='word_1_312' title='bbox 1492 2245 1533 2273; x_wconf 93' lang='lat' dir='ltr'>et</span> <span class='ocrx_word' id='word_1_313' title='bbox 1551 2249 1719 2284; x_wconf 91' lang='lat' dir='ltr'>quercu-</span> 
     </span>
     <span class='ocr_line' id='line_1_35' title="bbox 217 2291 1718 2337; baseline -0.001 -9"><span class='ocrx_word' id='word_1_314' title='bbox 217 2293 292 2328; x_wconf 89' lang='lat' dir='ltr'>bus</span> <span class='ocrx_word' id='word_1_315' title='bbox 301 2298 534 2333; x_wconf 80' lang='lat' dir='ltr'>constante:</span> <span class='ocrx_word' id='word_1_316' title='bbox 555 2298 696 2327; x_wconf 90' lang='lat' dir='ltr'>etcum</span> <span class='ocrx_word' id='word_1_317' title='bbox 709 2291 1074 2337; x_wconf 89' lang='lat' dir='ltr'>circumspeximus,</span> <span class='ocrx_word' id='word_1_318' title='bbox 1085 2291 1159 2326; x_wconf 90' lang='lat' dir='ltr'>visi</span> <span class='ocrx_word' id='word_1_319' title='bbox 1174 2298 1268 2326; x_wconf 92' lang='lat' dir='ltr'>sunt</span> <span class='ocrx_word' id='word_1_320' title='bbox 1281 2291 1332 2326; x_wconf 91' lang='lat' dir='ltr'>ibi</span> <span class='ocrx_word' id='word_1_321' title='bbox 1345 2291 1426 2327; x_wconf 90' lang='lat' dir='ltr'>ursi</span> <span class='ocrx_word' id='word_1_322' title='bbox 1437 2292 1485 2326; x_wconf 93' lang='lat' dir='ltr'>ad</span> <span class='ocrx_word' id='word_1_323' title='bbox 1501 2291 1718 2332; x_wconf 90' lang='lat' dir='ltr'>sinistrum,</span> 
     </span>
     <span class='ocr_line' id='line_1_36' title="bbox 218 2343 1719 2391; baseline -0.001 -10"><span class='ocrx_word' id='word_1_324' title='bbox 218 2352 260 2381; x_wconf 91' lang='lat' dir='ltr'>et</span> <span class='ocrx_word' id='word_1_325' title='bbox 292 2344 471 2391; x_wconf 87' lang='lat' dir='ltr'>leopardi</span> <span class='ocrx_word' id='word_1_326' title='bbox 497 2345 547 2379; x_wconf 90' lang='lat' dir='ltr'>ad</span> <span class='ocrx_word' id='word_1_327' title='bbox 574 2345 770 2380; x_wconf 88' lang='lat' dir='ltr'>dextrum.</span> <span class='ocrx_word' id='word_1_328' title='bbox 830 2343 950 2390; x_wconf 73' lang='lat' dir='ltr'>Quod</span> <span class='ocrx_word' id='word_1_329' title='bbox 977 2355 1068 2379; x_wconf 89' lang='lat' dir='ltr'>cum</span> <span class='ocrx_word' id='word_1_330' title='bbox 1097 2344 1263 2380; x_wconf 89' lang='lat' dir='ltr'>miratus</span> <span class='ocrx_word' id='word_1_331' title='bbox 1289 2355 1388 2384; x_wconf 92' lang='lat' dir='ltr'>sum,</span> <span class='ocrx_word' id='word_1_332' title='bbox 1415 2344 1517 2379; x_wconf 88' lang='lat' dir='ltr'>dixit</span> <span class='ocrx_word' id='word_1_333' title='bbox 1542 2344 1719 2390; x_wconf 89' lang='lat' dir='ltr'>angelus,</span> 
     </span>
     <span class='ocr_line' id='line_1_37' title="bbox 218 2397 1718 2443; baseline -0.001 -9"><span class='ocrx_word' id='word_1_334' title='bbox 218 2403 239 2416; x_wconf 81' lang='lat'>‘⁴</span> <span class='ocrx_word' id='word_1_335' title='bbox 254 2398 345 2434; x_wconf 90' lang='lat' dir='ltr'>Non</span> <span class='ocrx_word' id='word_1_336' title='bbox 363 2405 458 2434; x_wconf 91' lang='lat' dir='ltr'>sunt</span> <span class='ocrx_word' id='word_1_337' title='bbox 478 2397 558 2433; x_wconf 89' lang='lat' dir='ltr'>ursi</span> <span class='ocrx_word' id='word_1_338' title='bbox 580 2408 653 2432; x_wconf 92' lang='lat' dir='ltr'>nec</span> <span class='ocrx_word' id='word_1_339' title='bbox 674 2397 864 2443; x_wconf 86' lang='lat' dir='ltr'>leopardi,</span> <span class='ocrx_word' id='word_1_340' title='bbox 883 2397 953 2433; x_wconf 91' lang='lat' dir='ltr'>sed</span> <span class='ocrx_word' id='word_1_341' title='bbox 975 2404 1068 2432; x_wconf 90' lang='lat' dir='ltr'>sunt</span> <span class='ocrx_word' id='word_1_342' title='bbox 1089 2397 1284 2438; x_wconf 91' lang='lat' dir='ltr'>homines,</span> <span class='ocrx_word' id='word_1_343' title='bbox 1299 2398 1366 2443; x_wconf 92' lang='lat' dir='ltr'>qui</span> <span class='ocrx_word' id='word_1_344' title='bbox 1388 2397 1622 2432; x_wconf 90' lang='lat' dir='ltr'>custodiunt</span> <span class='ocrx_word' id='word_1_345' title='bbox 1643 2398 1718 2433; x_wconf 86' lang='lat' dir='ltr'>hos</span> 
     </span>
     <span class='ocr_line' id='line_1_38' title="bbox 220 2450 1717 2496; baseline -0.001 -10"><span class='ocrx_word' id='word_1_346' title='bbox 220 2450 369 2487; x_wconf 78' lang='lat' dir='ltr'>incolas</span> <span class='ocrx_word' id='word_1_347' title='bbox 387 2450 672 2496; x_wconf 90' lang='lat' dir='ltr'>septentrionis</span> <span class='ocrx_word' id='word_1_348' title='bbox 688 2461 696 2486; x_wconf 75' lang='grc' dir='ltr'>ε</span> <span class='ocrx_word' id='word_1_349' title='bbox 722 2456 885 2496; x_wconf 86' lang='lat' dir='ltr'>captant</span> <span class='ocrx_word' id='word_1_350' title='bbox 903 2450 1064 2486; x_wconf 89' lang='lat' dir='ltr'>naribus</span> <span class='ocrx_word' id='word_1_351' title='bbox 1083 2450 1271 2496; x_wconf 90' lang='lat' dir='ltr'>sphaeras</span> <span class='ocrx_word' id='word_1_352' title='bbox 1288 2450 1395 2486; x_wconf 91' lang='lat' dir='ltr'>vitae</span> <span class='ocrx_word' id='word_1_353' title='bbox 1412 2451 1717 2491; x_wconf 86' lang='lat' dir='ltr'>transeuntium,</span> 
     </span>
     <span class='ocr_line' id='line_1_39' title="bbox 218 2503 1718 2549; baseline 0.001 -11"><span class='ocrx_word' id='word_1_354' title='bbox 218 2514 264 2539; x_wconf 93' lang='lat' dir='ltr'>ac</span> <span class='ocrx_word' id='word_1_355' title='bbox 279 2503 434 2539; x_wconf 83' lang='lat' dir='ltr'>irruunt</span> <span class='ocrx_word' id='word_1_356' title='bbox 452 2504 490 2538; x_wconf 92' lang='lat' dir='ltr'>in</span> <span class='ocrx_word' id='word_1_357' title='bbox 509 2515 649 2539; x_wconf 89' lang='lat' dir='ltr'>omnes</span> <span class='ocrx_word' id='word_1_358' title='bbox 667 2503 735 2549; x_wconf 87' lang='lat' dir='ltr'>qui</span> <span class='ocrx_word' id='word_1_359' title='bbox 753 2503 979 2549; x_wconf 88' lang='lat' dir='ltr'>spirituales</span> <span class='ocrx_word' id='word_1_360' title='bbox 994 2510 1098 2544; x_wconf 88' lang='lat' dir='ltr'>sunt,</span> <span class='ocrx_word' id='word_1_361' title='bbox 1114 2503 1207 2549; x_wconf 93' lang='lat' dir='ltr'>quia</span> <span class='ocrx_word' id='word_1_362' title='bbox 1222 2503 1373 2539; x_wconf 90' lang='lat' dir='ltr'>incolae</span> <span class='ocrx_word' id='word_1_363' title='bbox 1388 2510 1481 2538; x_wconf 89' lang='lat' dir='ltr'>sunt</span> <span class='ocrx_word' id='word_1_364' title='bbox 1496 2504 1718 2540; x_wconf 90' lang='lat' dir='ltr'>naturales:</span> 
     </span>
     <span class='ocr_line' id='line_1_40' title="bbox 219 2555 1716 2603; baseline 0 -12"><span class='ocrx_word' id='word_1_365' title='bbox 219 2556 275 2591; x_wconf 91' lang='lat' dir='ltr'>illi</span> <span class='ocrx_word' id='word_1_366' title='bbox 292 2556 359 2603; x_wconf 93' lang='lat' dir='ltr'>qui</span> <span class='ocrx_word' id='word_1_367' title='bbox 378 2556 553 2592; x_wconf 90' lang='lat' dir='ltr'>Verbum</span> <span class='ocrx_word' id='word_1_368' title='bbox 570 2557 691 2592; x_wconf 92' lang='lat' dir='ltr'>modo</span> <span class='ocrx_word' id='word_1_369' title='bbox 703 2556 851 2603; x_wconf 91' lang='lat' dir='ltr'>legunt,</span> <span class='ocrx_word' id='word_1_370' title='bbox 870 2562 911 2592; x_wconf 92' lang='lat' dir='ltr'>et</span> <span class='ocrx_word' id='word_1_371' title='bbox 929 2556 1027 2591; x_wconf 89' lang='lat' dir='ltr'>nihil</span> <span class='ocrx_word' id='word_1_372' title='bbox 1046 2555 1253 2592; x_wconf 64' lang='lat' dir='ltr'>doctrinae</span> <span class='ocrx_word' id='word_1_373' title='bbox 1273 2556 1364 2591; x_wconf 93' lang='lat' dir='ltr'>inde</span> <span class='ocrx_word' id='word_1_374' title='bbox 1383 2556 1581 2597; x_wconf 89' lang='lat' dir='ltr'>hauriunt,</span> <span class='ocrx_word' id='word_1_375' title='bbox 1596 2567 1716 2602; x_wconf 89' lang='lat' dir='ltr'>appa-</span> 
     </span>
     <span class='ocr_line' id='line_1_41' title="bbox 219 2609 1717 2656; baseline 0 -12"><span class='ocrx_word' id='word_1_376' title='bbox 219 2616 308 2644; x_wconf 90' lang='lat' dir='ltr'>rent</span> <span class='ocrx_word' id='word_1_377' title='bbox 327 2620 350 2645; x_wconf 88' lang='lat' dir='ltr'>e</span> <span class='ocrx_word' id='word_1_378' title='bbox 370 2609 592 2656; x_wconf 87' lang='lat' dir='ltr'>longinquo</span> <span class='ocrx_word' id='word_1_379' title='bbox 613 2609 718 2644; x_wconf 90' lang='lat' dir='ltr'>sicut</span> <span class='ocrx_word' id='word_1_380' title='bbox 739 2609 839 2650; x_wconf 84' lang='lat' dir='ltr'>ursi:</span> <span class='ocrx_word' id='word_1_381' title='bbox 866 2616 906 2644; x_wconf 93' lang='lat' dir='ltr'>et</span> <span class='ocrx_word' id='word_1_382' title='bbox 927 2609 995 2655; x_wconf 92' lang='lat' dir='ltr'>qui</span> <span class='ocrx_word' id='word_1_383' title='bbox 1018 2609 1117 2644; x_wconf 82' lang='lat' dir='ltr'>falsa</span> <span class='ocrx_word' id='word_1_384' title='bbox 1143 2609 1234 2644; x_wconf 92' lang='lat' dir='ltr'>inde</span> <span class='ocrx_word' id='word_1_385' title='bbox 1255 2609 1505 2650; x_wconf 86' lang='lat' dir='ltr'>confirmant,</span> <span class='ocrx_word' id='word_1_386' title='bbox 1524 2616 1717 2655; x_wconf 91' lang='lat' dir='ltr'>apparent</span> 
     </span>
     <span class='ocr_line' id='line_1_42' title="bbox 191 2662 1692 2708; baseline -0.001 -10"><span class='ocrx_word' id='word_1_387' title='bbox 191 2669 200 2675; x_wconf 67' lang='grc'><strong>“</strong></span> <span class='ocrx_word' id='word_1_388' title='bbox 218 2662 322 2698; x_wconf 83' lang='lat' dir='ltr'>sicut</span> <span class='ocrx_word' id='word_1_389' title='bbox 339 2662 553 2708; x_wconf 84' lang='lat' dir='ltr'>leopardi.”</span> <span class='ocrx_word' id='word_1_390' title='bbox 604 2662 682 2698; x_wconf 90' lang='lat' dir='ltr'>Sed</span> <span class='ocrx_word' id='word_1_391' title='bbox 703 2662 769 2703; x_wconf 91' lang='lat' dir='ltr'>illi,</span> <span class='ocrx_word' id='word_1_392' title='bbox 788 2663 903 2698; x_wconf 89' lang='lat' dir='ltr'>nobis</span> <span class='ocrx_word' id='word_1_393' title='bbox 920 2662 1028 2703; x_wconf 90' lang='lat' dir='ltr'>visis,</span> <span class='ocrx_word' id='word_1_394' title='bbox 1046 2669 1276 2698; x_wconf 90' lang='lat' dir='ltr'>averterunt</span> <span class='ocrx_word' id='word_1_395' title='bbox 1294 2673 1347 2703; x_wconf 92' lang='lat' dir='ltr'>se,</span> <span class='ocrx_word' id='word_1_396' title='bbox 1366 2669 1407 2698; x_wconf 91' lang='lat' dir='ltr'>et</span> <span class='ocrx_word' id='word_1_397' title='bbox 1423 2663 1692 2698; x_wconf 85' lang='lat' dir='ltr'>transivimus.</span> 
     </span>
    </p>

    <p class='ocr_par' dir='ltr' id='par_1_7' title="bbox 217 2714 1715 3016">
     <span class='ocr_line' id='line_1_43' title="bbox 291 2714 1714 2761; baseline -0.001 -11"><span class='ocrx_word' id='word_1_398' title='bbox 291 2714 390 2750; x_wconf 90' lang='lat' dir='ltr'>Post</span> <span class='ocrx_word' id='word_1_399' title='bbox 409 2715 549 2750; x_wconf 91' lang='lat' dir='ltr'>silvam</span> <span class='ocrx_word' id='word_1_400' title='bbox 576 2722 846 2761; x_wconf 87' lang='lat' dir='ltr'>apparuerunt</span> <span class='ocrx_word' id='word_1_401' title='bbox 871 2716 1045 2755; x_wconf 90' lang='lat' dir='ltr'>dumeta,</span> <span class='ocrx_word' id='word_1_402' title='bbox 1068 2723 1108 2750; x_wconf 95' lang='lat' dir='ltr'>et</span> <span class='ocrx_word' id='word_1_403' title='bbox 1135 2722 1275 2761; x_wconf 89' lang='lat' dir='ltr'>postea</span> <span class='ocrx_word' id='word_1_404' title='bbox 1300 2715 1429 2761; x_wconf 90' lang='lat' dir='ltr'>campi</span> <span class='ocrx_word' id='word_1_405' title='bbox 1455 2715 1646 2761; x_wconf 89' lang='lat' dir='ltr'>graminei</span> <span class='ocrx_word' id='word_1_406' title='bbox 1675 2715 1714 2749; x_wconf 91' lang='lat' dir='ltr'>in</span> 
     </span>
     <span class='ocr_line' id='line_1_44' title="bbox 217 2767 1714 2814; baseline 0 -12"><span class='ocrx_word' id='word_1_407' title='bbox 217 2777 328 2803; x_wconf 85' lang='lat' dir='ltr'>areas</span> <span class='ocrx_word' id='word_1_408' title='bbox 345 2767 474 2808; x_wconf 83' lang='lat' dir='ltr'>divisi,</span> <span class='ocrx_word' id='word_1_409' title='bbox 488 2767 759 2803; x_wconf 66' lang='lat' dir='ltr'>circumcinfti</span> <span class='ocrx_word' id='word_1_410' title='bbox 778 2769 907 2804; x_wconf 85' lang='lat' dir='ltr'>buxo:</span> <span class='ocrx_word' id='word_1_411' title='bbox 933 2775 1024 2814; x_wconf 88' lang='lat' dir='ltr'>post</span> <span class='ocrx_word' id='word_1_412' title='bbox 1042 2768 1116 2804; x_wconf 86' lang='lat' dir='ltr'>hos</span> <span class='ocrx_word' id='word_1_413' title='bbox 1133 2775 1240 2804; x_wconf 90' lang='lat' dir='ltr'>terra</span> <span class='ocrx_word' id='word_1_414' title='bbox 1253 2769 1477 2804; x_wconf 88' lang='lat' dir='ltr'>declinabat</span> <span class='ocrx_word' id='word_1_415' title='bbox 1495 2768 1655 2813; x_wconf 87' lang='lat' dir='ltr'>oblique</span> <span class='ocrx_word' id='word_1_416' title='bbox 1674 2768 1714 2802; x_wconf 88' lang='lat' dir='ltr'>in</span> 
     </span>
     <span class='ocr_line' id='line_1_45' title="bbox 217 2819 1715 2867; baseline 0.001 -12"><span class='ocrx_word' id='word_1_417' title='bbox 217 2819 372 2860; x_wconf 89' lang='lat' dir='ltr'>vallem,</span> <span class='ocrx_word' id='word_1_418' title='bbox 388 2831 506 2866; x_wconf 89' lang='lat' dir='ltr'>super</span> <span class='ocrx_word' id='word_1_419' title='bbox 519 2832 597 2867; x_wconf 89' lang='lat' dir='ltr'>qua</span> <span class='ocrx_word' id='word_1_420' title='bbox 609 2829 722 2856; x_wconf 89' lang='lat' dir='ltr'>erant</span> <span class='ocrx_word' id='word_1_421' title='bbox 736 2822 854 2857; x_wconf 93' lang='lat' dir='ltr'>urbes</span> <span class='ocrx_word' id='word_1_422' title='bbox 871 2828 911 2857; x_wconf 92' lang='lat' dir='ltr'>et</span> <span class='ocrx_word' id='word_1_423' title='bbox 930 2822 1046 2857; x_wconf 86' lang='lat' dir='ltr'>urbes</span> <span class='ocrx_word' id='word_1_424' title='bbox 1060 2834 1068 2862; x_wconf 75' lang='grc' dir='ltr'>ς</span> <span class='ocrx_word' id='word_1_425' title='bbox 1094 2833 1167 2857; x_wconf 92' lang='lat' dir='ltr'>nos</span> <span class='ocrx_word' id='word_1_426' title='bbox 1181 2822 1482 2867; x_wconf 85' lang='lat' dir='ltr'>praeterivimus</span> <span class='ocrx_word' id='word_1_427' title='bbox 1496 2822 1658 2866; x_wconf 89' lang='lat' dir='ltr'>aliquas,</span> <span class='ocrx_word' id='word_1_428' title='bbox 1673 2827 1715 2856; x_wconf 89' lang='lat' dir='ltr'>et</span> 
     </span>
     <span class='ocr_line' id='line_1_46' title="bbox 220 2872 1714 2920; baseline 0.001 -14"><span class='ocrx_word' id='word_1_429' title='bbox 220 2872 260 2907; x_wconf 93' lang='lat' dir='ltr'>in</span> <span class='ocrx_word' id='word_1_430' title='bbox 286 2883 406 2908; x_wconf 89' lang='lat' dir='ltr'>unam</span> <span class='ocrx_word' id='word_1_431' title='bbox 429 2884 613 2919; x_wconf 81' lang='lat' dir='ltr'>magnam</span> <span class='ocrx_word' id='word_1_432' title='bbox 637 2874 802 2920; x_wconf 89' lang='lat' dir='ltr'>ingressi</span> <span class='ocrx_word' id='word_1_433' title='bbox 825 2886 972 2910; x_wconf 90' lang='lat' dir='ltr'>sumus.</span> <span class='ocrx_word' id='word_1_434' title='bbox 1026 2875 1150 2910; x_wconf 87' lang='lat' dir='ltr'>Erant</span> <span class='ocrx_word' id='word_1_435' title='bbox 1175 2875 1261 2920; x_wconf 84' lang='lat' dir='ltr'>ejus</span> <span class='ocrx_word' id='word_1_436' title='bbox 1284 2875 1439 2920; x_wconf 84' lang='lat' dir='ltr'>plateae</span> <span class='ocrx_word' id='word_1_437' title='bbox 1462 2874 1714 2919; x_wconf 79' lang='lat' dir='ltr'>irregulares:</span> 
     </span>
     <span class='ocr_line' id='line_1_47' title="bbox 219 2925 1714 2973; baseline 0.002 -14"><span class='ocrx_word' id='word_1_438' title='bbox 219 2925 364 2960; x_wconf 90' lang='lat' dir='ltr'>domus</span> <span class='ocrx_word' id='word_1_439' title='bbox 383 2925 584 2968; x_wconf 84' lang='lat' dir='ltr'>similiter;</span> <span class='ocrx_word' id='word_1_440' title='bbox 610 2927 684 2963; x_wconf 90' lang='lat' dir='ltr'>hae</span> <span class='ocrx_word' id='word_1_441' title='bbox 705 2927 959 2963; x_wconf 59' lang='lat' dir='ltr'>construfiae</span> <span class='ocrx_word' id='word_1_442' title='bbox 981 2939 1030 2963; x_wconf 88' lang='lat' dir='ltr'>ex</span> <span class='ocrx_word' id='word_1_443' title='bbox 1056 2928 1254 2968; x_wconf 90' lang='lat' dir='ltr'>lateribus,</span> <span class='ocrx_word' id='word_1_444' title='bbox 1279 2927 1496 2973; x_wconf 60' lang='lat' dir='ltr'>interjectis</span> <span class='ocrx_word' id='word_1_445' title='bbox 1518 2926 1651 2973; x_wconf 83' lang='lat' dir='ltr'>tignis,</span> <span class='ocrx_word' id='word_1_446' title='bbox 1673 2933 1714 2962; x_wconf 88' lang='lat' dir='ltr'>et</span> 
     </span>
     <span class='ocr_line' id='line_1_48' title="bbox 222 2986 475 3016; baseline 0.008 -2"><span class='ocrx_word' id='word_1_447' title='bbox 222 2986 475 3016; x_wconf 79' lang='lat' dir='ltr'>incrustatae.</span> 
     </span>
    </p>
   </div>
  </div>
 </body>
</html>
