2014 3386
308 335 387 367 122
765 331 1009 365 DELICIAE
1041 330 1346 364 SAPIENTIAE

388 455 512 502 147.
556 444 671 502 (vii.)
707 444 837 497 Quod
861 444 1047 487 castitas
1080 443 1277 499 conjugii
1302 443 1471 486 existat
1497 449 1589 498 per
1618 442 1797 486 totalem

303 509 621 553 abdicationem
639 508 957 551 scortationum
979 522 1037 549 ex
1059 507 1280 561 religione,
1307 520 1443 549 causa
1468 514 1540 549 est
1567 508 1670 561 quia
1695 520 1796 548 cas·

303 575 412 615 titas
443 580 515 616 est
540 573 736 615 remotio
761 572 1039 614 incastitatis
1059 585 1068 623 ;
1101 584 1260 612 norma
1281 571 1545 613 universalis
1567 577 1653 620 est,
1675 570 1798 625 quod

304 644 525 690 quantum
557 637 656 690 quis
686 641 895 677 removet
926 634 1112 684 malum,
1139 640 1320 676 tantum
1352 634 1486 675 detur
1511 635 1643 687 copia
1673 634 1821 677 bono.

303 706 354 741 ut
377 699 621 750 succedat3
654 705 701 740 et
724 712 872 751 porro,
897 704 1116 752 quantum
1139 698 1245 738 odio
1266 697 1461 739 habetur
1482 697 1667 746 malum,
1691 703 1797 738 tan·
1824 723 1827 726 «

305 770 403 805 tum
430 770 609 804 ametur
634 763 832 813 bonum;
865 768 913 803 et
938 775 1118 815 quoque
1149 761 1247 802 vice
1273 774 1431 812 versa;
1464 766 1798 814 consequenter

304 827 426 880 quod
458 833 678 880 quantum
710 826 949 866 abdicatur
979 825 1216 873 scortatio,
1250 830 1428 865 tantum
1460 825 1652 865 castitas
1684 836 1822 864 εοιι-λ

300 890 411 943 jugii
436 890 592 931 intret.
654 888 790 942 Quod
815 901 943 929 amor
969 887 1236 946 conjugialis
1268 887 1516 928 secundum
1543 887 1797 928 abdicatio-

304 966 409 994 nem
443 953 776 994 scortationum
817 950 1078 1004 purificetur
1113 956 1161 992 et
1197 948 1483 1000 rectificetur,
1517 951 1703 1004 quisque
1735 956 1820 991 ex'

304 1017 535 1058 communi
561 1016 870 1070 perceptione,
899 1013 1147 1055 dummodo
1173 1013 1338 1054 dicitur
1362 1020 1410 1055 et
1432 1014 1626 1063 auditur,
1653 1013 1795 1062 videt,

304 1079 371 1121 ita
401 1085 511 1122 ante
543 1078 945 1129 confirmationes3
982 1078 1062 1118 sed
1094 1077 1198 1131 quia
1229 1090 1321 1118 non
1352 1077 1560 1118 omnibus
1592 1082 1663 1118 est
1695 1089 1796 1129 per-

303 1143 456 1196 ceptio
482 1142 750 1190 communis,
778 1141 973 1182 interest
1000 1147 1049 1182 ut
1075 1140 1120 1181 id
1152 1141 1291 1181 etiam
1322 1154 1403 1194 per
1423 1139 1797 1180 confirmationes

302 1205 579 1246 illustretur:
630 1203 1002 1250 confirmationes
1042 1209 1163 1252 sunt,
1205 1202 1326 1256 quod
1365 1216 1493 1243 amor
1531 1201 1799 1255 conjugialis

303 1269 484 1321 frigeat,
512 1274 562 1310 ut
588 1268 782 1321 primum
808 1267 1039 1315 dividitur,
1067 1280 1119 1307 ac
1152 1266 1444 1319 frigescentia
1474 1265 1587 1306 haec
1613 1265 1722 1306 facit
1747 1271 1798 1306 ut

303 1338 479 1386 pereat,
513 1332 639 1373 calor
669 1332 790 1372 enim
822 1331 989 1372 amoris
1021 1330 1186 1371 incasti
1217 1330 1475 1382 exstinguit
1510 1328 1663 1380 illum3
1707 1342 1798 1372 non

303 1395 426 1436 enim
452 1395 548 1436 dari
580 1400 775 1448 possunt
806 1394 896 1434 duo
928 1393 1105 1435 calores
1137 1393 1342 1446 oppositi
1372 1392 1519 1441 simul,
1547 1393 1654 1447 quin
1686 1406 1799 1434 unus

302 1458 478 1510 rejiciat
518 1458 729 1506 alterum,
769 1463 816 1498 et
854 1457 982 1498 illum
1022 1471 1103 1498 sua
1141 1457 1354 1511 potentia
1394 1456 1538 1497 orbet.
1602 1455 1800 1509 Quando

302 1523 459 1576 itaque
486 1521 611 1563 calor
638 1522 803 1562 amoris
830 1520 1099 1574 conjugialis
1125 1526 1333 1561 removet
1359 1525 1406 1560 et
1428 1519 1573 1572 rejicit
1600 1519 1799 1561 calorem

303 1586 471 1627 amoris
498 1585 775 1633 scortatorii,
802 1584 962 1637 incipit
988 1596 1116 1624 amor
1140 1582 1407 1636 conjugialis
1429 1595 1622 1623 amoene
1653 1582 1799 1623 cales-

303 1662 421 1697 cere,
449 1654 496 1690 et
528 1662 587 1689 ex
620 1661 756 1689 sensu
787 1647 1050 1688 deliciarum
1082 1659 1262 1687 suarum
1295 1646 1550 1698 germinare
1588 1651 1635 1686 et
1671 1644 1798 1686 efflo-

302 1726 498 1760 rescere,
526 1712 646 1752 sicut
678 1711 931 1764 pomarium
957 1716 1005 1751 et
1036 1715 1241 1751 rosetum
1273 1715 1480 1762 tempore
1506 1709 1653 1760 veris;
1685 1708 1799 1750 haec

304 1790 364 1817 ex
387 1775 560 1816 vernali
583 1775 805 1828 temperie
828 1773 939 1814 lucis
962 1779 1009 1814 et
1032 1772 1196 1814 caloris
1219 1786 1242 1813 e
1265 1772 1362 1813 sole
1385 1772 1540 1814 mundi
1563 1771 1798 1820 naturalis,

303 1839 384 1880 illa
420 1845 575 1880 autern
612 1852 673 1879 ex
710 1836 885 1879 vernali
921 1836 1143 1890 temperie
1181 1835 1293 1876 lucis
1331 1841 1379 1876 et
1415 1834 1579 1876 caloris
1609 1848 1670 1876 ex
1700 1834 1800 1876 sole

304 1902 460 1943 mundi
486 1899 744 1955 spiritualis.

390 1964 521 2018 148.
559 1964 710 2005 Cuivis
741 1963 914 2004 homini
941 1976 1000 2003 ex
1027 1962 1260 2003 creatione
1292 1967 1339 2003 et
1371 1961 1475 2002 inde
1502 1974 1528 2001 a
1554 1960 1800 2002 nativitate

305 2034 378 2071 est
404 2028 591 2068 insitum
617 2026 874 2079 conjugiale
900 2026 1128 2067 internum
1155 2031 1203 2066 et
1234 2024 1491 2077 conjugiale
1522 2030 1798 2074 externum3

305 2093 535 2133 internum
562 2096 634 2131 est
660 2088 910 2142 spirituale,
939 2095 986 2129 et
1018 2095 1262 2130 externum
1294 2095 1365 2128 est
1392 2086 1627 2138 naturale;
1659 2086 1800 2127 homo

266 2203 270 2208 .
305 2155 350 2194 in
376 2153 463 2195 hoc
489 2153 615 2194 venit
647 2153 853 2206 primum,
879 2157 926 2192 et
952 2151 1069 2192 sicut
1094 2150 1144 2192 fit
1170 2150 1415 2204 spiritualis
1440 2151 1565 2191 venit
1596 2150 1642 2190 in
1673 2143 1812 2191 illud(

306 2216 352 2258 Si
383 2218 538 2270 itaque
569 2217 614 2257 in
647 2215 891 2269 conjugiali
922 2221 1120 2256 externo
1151 2227 1231 2255 seu
1262 2213 1457 2255 naturali
1488 2219 1660 2262 manet,
1688 2218 1798 2253 tunc

307 2281 549 2322 obvelatur
579 2279 837 2332 conjugiale
868 2279 1095 2320 internum
1127 2292 1207 2319 seu
1238 2277 1487 2331 spirituale,
1521 2290 1661 2329 usque
1692 2275 1799 2316 dum

307 2357 399 2384 non
426 2344 513 2384 scit
544 2343 712 2397 aliquid
745 2342 801 2382 de
827 2355 896 2391 eo,
925 2342 1065 2382 immo
1097 2355 1237 2395 usque
1269 2341 1375 2381 dum
1408 2346 1545 2381 vocat
1576 2340 1620 2380 id
1653 2338 1798 2379 inani-

306 2413 454 2448 tatem
486 2406 640 2456 ideae3
674 2411 721 2446 at
752 2419 860 2446 vero
892 2405 928 2445 si
959 2404 1098 2446 homo
1130 2403 1180 2445 fit
1212 2403 1470 2457 spiritualis,
1499 2410 1608 2444 tunc
1640 2402 1799 2455 incipit

306 2470 475 2523 aliquid
502 2470 616 2510 scire
642 2469 699 2509 de
725 2483 794 2517 eo,
823 2475 985 2522 postea
1010 2467 1178 2522 aliquid
1205 2467 1433 2520 percipere
1459 2466 1516 2507 de
1542 2465 1662 2519 quali
1688 2465 1816 2518 ejus„

307 2539 354 2575 et
386 2533 641 2574 successive
672 2532 842 2572 sentire
873 2544 1080 2580 amoena,
1104 2530 1316 2583 jucunda,
1350 2537 1397 2571 et
1430 2529 1647 2570 deliciosa
1677 2525 1819 2581 ejus;.s

307 2603 354 2638 et
380 2596 496 2637 sicut
522 2595 634 2636 haec
661 2594 785 2643 fiunt,
814 2595 878 2635 ita
904 2593 1138 2635 obvelatio
1164 2594 1283 2634 inter
1307 2599 1549 2634 externum
1577 2598 1624 2633 et
1656 2582 1819 2632 inter·¹

308 2672 430 2708 num,
454 2659 510 2700 de
533 2672 620 2712 qua
643 2672 791 2711 supra,
810 2658 968 2711 incipit
990 2656 1233 2704 attenuari,
1257 2655 1361 2696 dein
1384 2655 1510 2709 quasi
1533 2655 1797 2708 liquescere,

308 2736 361 2764 ac
402 2722 564 2763 ultimo
604 2721 770 2762 resolvi
810 2727 856 2761 et
898 2720 1118 2773 dissipari.
1181 2718 1331 2771 Quum
1376 2718 1463 2760 hoc
1503 2716 1670 2758 factum
1710 2722 1797 2762 est.

309 2791 466 2827 manet
501 2785 684 2838 quidem
716 2783 971 2836 conjugiale
1007 2789 1265 2830 externum,
1299 2781 1380 2822 sed
1416 2780 1511 2834 jugi
1546 2781 1799 2832 castigatur

309 2855 356 2890 et
384 2847 643 2902 purificatur
668 2861 692 2888 e
719 2847 808 2887 suis
830 2847 1030 2887 faecibus
1061 2846 1118 2886 ab
1143 2846 1349 2895 interno;
1383 2851 1429 2885 et
1452 2844 1538 2885 hoc
1562 2857 1617 2884 eo
1643 2855 1797 2896 usque,

311 2913 418 2953 dum
459 2917 703 2952 externum
743 2909 793 2951 fit
834 2911 950 2952 sicut
991 2909 1128 2950 facies
1168 2908 1348 2955 interni,
1392 2921 1443 2948 ac
1486 2906 1627 2947 trahit
1668 2917 1797 2946 suum

305 2975 554 3030 jucundum
594 2988 654 3016 ex
694 2974 833 3015 beato
864 2973 985 3028 quod
1030 2979 1101 3014 est
1141 2972 1186 3014 in
1226 2972 1420 3020 interno,
1454 2977 1500 3011 et
1541 2969 1672 3010 simul
1705 2967 1798 3022 ejus
