2014 3386
309 351 392 403 248
773 357 1016 391 DELICIAE
1048 356 1353 390 SAPIENTIAE

306 473 418 509 tialia
444 472 549 508 illius
575 470 756 508 formae?
781 477 823 507 et
851 471 950 507 haec
979 471 1084 517 apud
1113 471 1317 507 hominem
1347 477 1442 507 sunt
1468 471 1508 507 in
1534 471 1666 507 anima
1691 478 1733 507 et
1757 482 1806 507 ex

305 527 439 562 anima
465 526 506 561 in
533 526 665 572 capite
693 531 734 561 et
761 536 940 571 corpore.
989 525 1074 560 Vos
1101 525 1301 560 vocamini
1329 525 1493 571 spiritus
1518 531 1560 560 et
1585 525 1739 571 angeli:
1765 532 1807 560 et

306 580 534 617 credidistis
560 580 599 614 in
627 579 790 620 mundo,
816 579 924 625 quod
951 579 1114 625 spiritus
1139 585 1181 614 et
1206 579 1337 626 angeli
1363 579 1446 615 sint
1471 579 1574 615 sicut
1599 578 1711 614 venti
1736 586 1806 614 aut

305 634 500 674 aetheres,
519 639 560 668 et
585 633 643 668 sic
669 639 824 668 mentes
846 639 886 668 et
912 632 1056 673 animi:
1082 638 1122 667 et
1144 643 1250 667 nunc
1270 633 1375 668 clare
1395 632 1551 672 videtis,
1571 632 1680 678 quod
1701 642 1805 672 vere,

306 687 465 722 realiter
482 693 522 722 et
540 685 749 722 actualiter
769 685 857 721 sitis
879 685 1074 725 homines,
1093 685 1162 731 qui
1185 685 1224 720 in
1247 686 1398 721 mundo
1414 685 1572 720 vixistis
1593 691 1634 721 et
1654 684 1807 731 cogita-

304 740 419 776 vistis
440 739 480 775 in
507 739 702 774 materiali
729 749 907 784 corpore,
929 744 970 774 et
991 738 1164 773 scivistis
1186 739 1294 784 quod
1320 749 1466 784 corpus
1492 738 1696 773 materiale
1723 748 1803 773 non

306 793 414 828 vivat
434 799 475 828 et
501 793 664 839 cogitet,
686 792 756 828 sed
783 791 1007 828 substantia
1031 791 1248 837 spiritualis
1275 791 1314 826 in
1342 791 1412 826 illo
1437 802 1614 837 corpore,
1636 797 1678 826 et
1703 791 1806 826 hanc

304 846 520 882 vocavistis
537 846 724 886 animam,
738 845 852 891 cujus
871 844 1040 880 formam
1060 844 1296 885 nescivistis,
1311 851 1352 880 et
1369 851 1504 880 tamen
1523 855 1629 880 nunc
1645 844 1805 880 vidistis

305 906 345 935 et
362 899 508 934 videtis
531 899 660 938 illam:
685 909 758 934 vos
779 909 919 933 omnes
941 898 1037 933 estis
1058 897 1225 938 animae,
1244 897 1294 933 de
1315 908 1482 943 quarum
1505 897 1806 933 immortalitate

305 959 388 988 tam
407 952 534 988 multa
545 951 765 992 audivistls,
780 951 1042 998 cogitavistis,
1058 950 1217 986 dixistis
1234 956 1275 986 et
1289 950 1523 996 scripsistis;
1549 957 1590 986 et
1603 950 1696 996 quia
1708 950 1806 986 estis

304 1005 455 1041 formae
477 1005 625 1040 amoris
646 1011 687 1040 et
708 1004 928 1050 sapientiae
949 1015 973 1039 a
995 1003 1093 1044 Deo,
1111 1015 1193 1039 non
1215 1004 1385 1050 potestis
1407 1004 1508 1039 mori
1527 1003 1567 1038 in
1585 1010 1805 1039 aeternum.

305 1059 453 1095 Anima
470 1058 605 1104 itaque
623 1065 685 1093 est
702 1057 832 1093 forma
849 1057 1035 1097 humana,
1054 1057 1104 1092 de
1122 1067 1201 1103 qua
1217 1067 1267 1092 ne
1290 1057 1415 1091 hilum
1438 1063 1572 1102 potest
1589 1056 1746 1095 auferri.
1765 1064 1806 1092 et

303 1112 354 1147 ad
373 1123 492 1158 quam
511 1123 561 1147 ne
579 1111 704 1146 hilum
725 1117 859 1158 potest
879 1110 984 1151 addi,
1003 1121 1050 1145 ac
1071 1117 1132 1145 est
1154 1109 1297 1145 intima
1313 1109 1442 1145 forma
1459 1110 1641 1145 omnium
1659 1109 1806 1145 forma·

306 1176 392 1200 rum
419 1164 595 1200 universi
622 1164 824 1210 corporis:
857 1169 897 1199 et
918 1163 1012 1209 quia
1038 1162 1190 1198 formae
1211 1174 1313 1209 quae
1339 1169 1452 1198 extra
1475 1169 1569 1198 sunt
1593 1163 1643 1198 ab
1665 1163 1806 1198 intima

303 1218 507 1264 accipiunt
528 1224 569 1253 et
590 1217 805 1253 essentiam
827 1224 868 1252 et
889 1216 1068 1256 formam,
1089 1216 1180 1251 ideo
1201 1216 1308 1256 estis,
1327 1216 1431 1251 sicut
1450 1216 1649 1261 apparetis
1669 1226 1804 1251 coram

302 1272 416 1307 vobis
431 1278 471 1306 et
489 1271 615 1311 nobis,
630 1271 806 1311 animae;
831 1271 966 1310 verbo,
981 1269 1115 1305 anima
1128 1276 1189 1304 est
1207 1269 1291 1315 ipse
1310 1269 1443 1310 homo,
1458 1269 1551 1315 quia
1564 1275 1626 1304 est
1641 1269 1806 1305 intimus

303 1325 437 1365 homo,
453 1335 575 1370 quare
589 1324 676 1370 ejus
694 1323 822 1359 forma
836 1330 897 1358 est
911 1323 1028 1369 plene
1046 1329 1087 1358 et
1105 1321 1280 1368 perfeete
1298 1322 1426 1357 forma
1443 1322 1638 1363 humana:
1662 1332 1802 1358 verum

303 1389 384 1413 non
415 1384 477 1413 est
501 1377 595 1416 vita,
617 1377 686 1412 sed
713 1384 775 1412 est
801 1376 1026 1423 proximum
1058 1376 1352 1422 receptaculum
1377 1375 1484 1411 vitae
1512 1385 1537 1411 a
1563 1375 1662 1416 Deo,
1680 1381 1722 1411 et
1747 1375 1805 1411 sic

304 1431 576 1467 habitaculum
598 1430 710 1466 Dei.¹’

378 1484 453 1520 His
480 1483 597 1519 dictis
623 1483 920 1530 applaudebant
945 1481 1072 1522 multi,
1095 1482 1166 1517 sed
1192 1481 1313 1528 aliqui
1340 1481 1539 1522 dicebant,
1563 1481 1804 1528 “Expende-

306 1537 431 1573 mus.''

375 1591 463 1638 Ego
480 1597 577 1625 tunc
595 1589 700 1625 abivi
716 1590 879 1625 domum
894 1601 902 1630 ;
928 1595 969 1624 et
986 1599 1079 1624 ecce
1097 1599 1217 1634 super
1228 1587 1437 1635 gymnasio
1456 1587 1535 1628 illo,
1550 1587 1640 1625 loco
1661 1587 1803 1634 prioris

303 1644 482 1684 meteori,
509 1643 694 1689 apparuit
721 1643 847 1678 nubes
872 1642 1045 1677 candida
1074 1642 1224 1687 absque
1250 1641 1359 1676 striis
1385 1652 1454 1676 seu
1482 1640 1604 1676 radiis
1631 1640 1736 1676 inter
1759 1651 1803 1676 se

302 1697 607 1737 dimicantibus;
633 1707 734 1742 quae
755 1696 881 1731 nubes
907 1701 1121 1741 penetrans
1147 1693 1298 1730 tectum
1326 1694 1500 1734 intravit,
1522 1705 1568 1729 ac
1590 1693 1804 1730 illustravit

303 1751 496 1798 parietes;
526 1757 567 1785 et
593 1749 739 1790 audivi,
767 1749 875 1795 quod
901 1748 1075 1784 viderint
1101 1748 1328 1794 scripturas,
1354 1758 1401 1783 ac
1430 1747 1535 1782 inter
1555 1747 1652 1783 alias
1680 1746 1801 1783 etiam

302 1804 427 1840 hanc:

363 1876 381 1888 '¹
392 1872 540 1913 Jehovah
563 1872 672 1901 Deus.
687 1894 694 1901 .
710 1894 716 1901 .
732 1870 913 1908 ‚inspiravit
934 1870 966 1898 in
981 1878 1073 1898 nares
1093 1869 1232 1898 hominis
1253 1869 1403 1898 Animam
1419 1868 1565 1903 vitarum,
1580 1871 1612 1898 et
1632 1867 1735 1898 faetus
1755 1872 1803 1897 est

463 1913 563 1942 homo
575 1913 608 1941 in
619 1912 770 1941 Animam
786 1911 945 1941 viventem
959 1910 975 1920 ''
994 1909 1089 1949 (Gen.
1105 1910 1136 1939 ii.
1152 1911 1198 1947 7).
1632 1927 1633 1930 =

301 1994 433 2048 316·
474 1991 688 2033 Alterum
715 1989 1014 2031 Memorabile
1031 2003 1101 2030 :—

373 2071 586 2119 Quondam
607 2071 646 2106 in
664 2070 787 2106 animi
806 2069 942 2116 requie
960 2076 1001 2105 et
1017 2069 1196 2115 jucunda
1214 2068 1359 2104 mentis
1378 2079 1474 2114 pace
1491 2068 1701 2104 ambulans
1717 2068 1801 2104 vidi

301 2137 324 2161 e
344 2126 565 2172 longinquo
591 2125 736 2164 lucum,
756 2124 795 2159 in
823 2123 936 2169 cujus
964 2122 1098 2157 medio
1123 2129 1208 2157 erat
1234 2121 1411 2167 porticus
1431 2122 1601 2157 tendens
1621 2122 1671 2156 ad
1694 2122 1802 2167 pala·

301 2179 463 2219 tiolum;
489 2185 530 2213 et
547 2177 629 2212 vidi
649 2177 822 2223 virgines
843 2183 884 2211 et
903 2176 1081 2222 juvenes,
1099 2186 1146 2210 ac
1171 2174 1336 2209 maritos
1358 2181 1398 2209 et
1419 2185 1563 2209 uxores
1585 2174 1802 2211 intrantes:

303 2232 396 2267 illuc
414 2232 535 2267 etiam
556 2231 595 2265 in
614 2230 755 2276 spiritu
774 2229 933 2269 accessi,
949 2235 990 2264 et
1008 2228 1207 2274 quendam
1227 2228 1266 2262 in
1286 2227 1453 2262 introitu
1473 2233 1647 2263 stantem
1665 2234 1802 2264 custo-

302 2286 394 2320 dem
414 2284 668 2331 interrogavi,
686 2295 781 2318 num
800 2283 920 2318 etiarn
939 2282 1056 2317 liceat
1075 2281 1233 2316 intrare.

374 2338 545 2383 Aspexit
564 2348 638 2377 me,
657 2343 698 2372 et
715 2336 809 2376 dixi,
829 2335 942 2371 “Cur
959 2334 1103 2380 aspicis
1122 2345 1185 2369 me
1198 2333 1240 2369 ?''

376 2390 610 2436 Respondit,
634 2389 832 2435 “Aspicio
857 2395 908 2429 te,
931 2395 976 2423 ut
995 2388 1152 2432 videam
1180 2398 1274 2421 num
1300 2386 1522 2432 jucundum
1549 2386 1668 2432 pacis,
1690 2387 1799 2433 quod

303 2445 342 2479 in
365 2443 464 2479 facie
486 2450 557 2478 tua
581 2450 653 2483 est,
672 2443 806 2477 trahat
827 2441 975 2487 aliquid
1003 2451 1050 2476 ex
1076 2440 1255 2486 jucundo
1284 2439 1432 2475 amoris
1452 2439 1701 2486 conjugialis.
1730 2439 1800 2475 Est

302 2503 393 2543 post
411 2497 608 2542 porticum
629 2497 735 2531 hunc
756 2495 949 2534 hortulus,
969 2501 1009 2529 et
1031 2494 1069 2528 in
1090 2493 1223 2528 medio
1241 2493 1326 2538 ejus
1345 2493 1499 2532 domus,
1518 2493 1584 2527 ubi
1607 2499 1701 2527 sunt
1718 2492 1800 2527 duo

302 2550 444 2585 novitii
463 2550 666 2596 conjuges,
686 2549 735 2584 ad
755 2559 856 2595 quos
878 2547 997 2583 hodie
1014 2546 1182 2583 veniunt
1204 2546 1353 2580 amicae
1375 2552 1416 2580 et
1433 2545 1562 2585 amici,
1581 2545 1711 2580 felicia
1728 2554 1800 2590 op-

301 2603 413 2638 tandi
428 2613 567 2642 causa:
594 2603 694 2642 illos,
707 2612 808 2647 quos
822 2601 992 2636 admitto
1007 2600 1164 2639 intrare,
1179 2609 1255 2644 ego
1270 2609 1349 2634 non
1364 2609 1565 2644 cognosco
1578 2610 1586 2639 ;
1611 2598 1681 2633 sed
1701 2597 1798 2632 mihi

302 2654 453 2691 dissum
475 2662 547 2695 est,
569 2655 677 2700 quod
704 2664 986 2701 cognoscerem
1010 2653 1098 2688 illos
1124 2662 1173 2687 ex
1199 2651 1374 2687 faciebus
1401 2652 1579 2691 illorum;
1605 2650 1638 2686 si
1661 2650 1700 2685 in
1722 2649 1799 2685 illis

302 2709 468 2744 viderim
483 2708 703 2754 jucundum
718 2708 865 2743 amoris
879 2705 1127 2752 conjugialis,
1143 2705 1215 2740 hos
1229 2705 1495 2743 admitterem,
1509 2710 1550 2739 et
1568 2714 1649 2738 non
1663 2702 1799 2738 alios.''

302 2761 454 2798 Omnes
472 2761 602 2807 angeli
620 2771 669 2796 ex
687 2760 863 2796 faciebus
882 2766 1049 2805 possunt
1066 2758 1200 2793 videre
1217 2758 1394 2803 jucunda
1407 2757 1538 2792 cordis
1555 2756 1736 2796 aliorum,
1757 2762 1799 2791 et

302 2815 522 2861 jucundum
542 2814 645 2848 illius
659 2813 816 2853 amoris,
832 2812 939 2859 quod
960 2812 998 2847 in
1014 2811 1113 2846 facie
1133 2821 1220 2845 mea
1233 2810 1344 2850 vidit,
1360 2816 1444 2845 erat
1458 2810 1566 2855 quod
1586 2808 1800 2844 meditarer

302 2869 352 2903 de
370 2878 504 2902 amore
518 2866 735 2912 conjugiali
750 2878 757 2907 ;
784 2866 882 2901 haec
897 2864 1106 2900 meditatio
1120 2863 1302 2899 elucebat
1320 2874 1367 2898 ex
1381 2862 1508 2898 oculis
1522 2862 1631 2901 meis.
1645 2867 1687 2896 et
1705 2860 1797 2896 inde

304 2920 465 2955 intravit
484 2920 523 2955 in
543 2919 733 2954 interiora
754 2918 866 2954 faciei
887 2928 1018 2958 meae;
1044 2927 1165 2963 quare
1186 2916 1287 2950 dixit
1304 2916 1354 2950 ad
1377 2926 1451 2955 me,
1470 2915 1578 2961 quod
1599 2914 1717 2949 liceat
1738 2913 1796 2947 in·

303 2980 418 3008 trare.

376 3025 560 3061 Porticus
580 3035 647 3071 per
660 3034 778 3070 quem
794 3023 949 3064 intravi,
963 3029 1047 3059 erat
1064 3033 1111 3058 ex
1129 3020 1335 3057 arboribus
1353 3019 1564 3055 fruCtiferis
1582 3030 1651 3066 per
1665 3028 1796 3054 ramos

2002 2696 2014 2904 ;—-—-:am-.M
2006 2649 2014 2683 ·ss..„
2007 2623 2014 2635 A
2011 2597 2014 2602 i
