2014 3386
386 334 468 386 278
515 378 520 385 Ι
845 342 1087 375 DELICIAE
1119 342 1425 375 SAPIENTIAE

384 471 488 499 suas
514 470 655 507 escas,
683 471 811 499 suam
837 464 1045 506 matrem,
1073 471 1179 498 suos
1205 457 1374 499 amicos
1400 463 1447 499 et
1472 457 1694 507 inimicos,
1717 463 1766 500 et
1788 471 1878 500 non

384 522 461 563 diu
493 528 612 575 post,
641 528 806 563 norunt
832 534 1011 570 sexum,
1038 527 1085 562 et
1118 521 1266 562 sciunt
1292 535 1459 570 amare,
1487 527 1533 562 et
1565 535 1742 575 quoque
1768 521 1878 563 edu-

385 598 488 626 care
522 585 686 638 proles.
747 584 880 626 Solus
912 584 1052 626 homo
1083 598 1184 625 cum
1217 591 1351 626 natus
1382 592 1467 634 est,
1501 584 1612 625 nihil
1652 584 1746 626 tale
1777 586 1878 632 scit,

385 648 496 689 nihil
518 649 637 689 enim
661 648 876 689 scientiae
899 647 963 688 illi
986 654 1234 689 connatum
1251 655 1346 698 est;
1375 648 1513 689 modo
1530 654 1600 689 est
1622 648 1816 689 facultas
1833 655 1881 689 et

384 712 622 753 inclinatio
647 712 891 765 recipiendi
917 711 994 752 illa
1019 725 1134 765 quae
1160 712 1378 752 scientiae
1405 718 1452 752 et
1478 711 1643 752 amoris
1669 718 1802 762 sunt;
1833 718 1880 753 et

385 777 422 816 si
461 776 572 816 haec
615 776 673 816 ab
713 776 811 816 aliis
851 788 943 816 non
979 775 1154 828 recipit,
1183 781 1339 816 manet
1378 775 1510 816 vilior
1541 774 1716 816 bestia:
1758 775 1880 828 quod

383 840 524 881 homo
555 839 660 880 talis
692 846 906 880 nascatur
937 845 1125 892 propter
1156 838 1291 879 finem
1324 845 1374 880 ut
1410 838 1521 879 nihil
1561 838 1644 879 sibi
1687 838 1892 885 tribuat„

384 903 466 943 sed
497 903 609 951 aliis,
644 909 691 944 et
729 903 917 944 tandem
949 916 1084 943 omne
1116 903 1367 955 sapientiae
1399 909 1445 943 et
1477 901 1569 954 ejus
1600 903 1765 943 amoris
1796 902 1881 943 soli

385 966 499 1014 Deo,
528 979 579 1006 ac
613 973 661 1007 ut
693 966 797 1007 inde
823 967 968 1019 possit
994 966 1148 1019 imago
1175 965 1260 1006 Dei
1286 965 1394 1014 fieri,
1421 965 1627 1006 videatur
1652 964 1878 1006 Memora·

384 1029 474 1070 bile
509 1027 571 1082 (n.
610 1029 834 1083 132—136).
896 1029 971 1070 Ex
1003 1029 1073 1069 his
1104 1029 1320 1082 sequitur,
1349 1028 1469 1081 quod
1500 1027 1653 1077 homo,
1681 1029 1755 1082 qui
1787 1041 1878 1070 non

383 1106 464 1146 per
489 1093 604 1134 alios
630 1093 716 1133 scit
742 1092 863 1146 quod
891 1092 1113 1133 Dominus
1145 1092 1190 1132 in
1217 1092 1433 1132 mundum
1459 1092 1651 1140 venerit,
1678 1097 1726 1132 et
1757 1092 1878 1146 quod

381 1158 442 1198 sit
470 1157 607 1205 Deus,
636 1163 683 1198 et
709 1157 848 1198 modo
873 1156 1023 1197 hausit
1049 1156 1222 1209 aliquas
1247 1156 1536 1208 cognitiones
1562 1155 1618 1195 de
1643 1154 1877 1208 religione,

383 1227 431 1262 et
463 1221 519 1261 de
546 1220 722 1273 legibus
749 1234 854 1261 suae
880 1220 1091 1273 regionis,
1120 1233 1211 1260 non
1243 1220 1288 1259 in
1320 1219 1455 1272 culpa
1485 1219 1560 1268 sit,
1589 1219 1624 1260 si
1656 1231 1748 1259 non
1778 1217 1879 1272 plus

384 1285 561 1338 cogitat
587 1285 643 1325 de
662 1297 814 1325 amore
832 1283 1088 1336 conjugiali,
1105 1296 1240 1337 quam
1262 1283 1318 1323 de
1341 1296 1495 1323 amore
1518 1295 1669 1329 sexuS,
1689 1288 1735 1323 et
1757 1282 1878 1338 quod

383 1348 543 1389 credat
565 1360 764 1388 amorem
783 1346 1124 1404 polygamicum
1147 1361 1246 1387 esse
1270 1346 1415 1387 solum
1435 1344 1761 1398 conjugialem:
1794 1343 1879 1386 hos

382 1411 606 1452 Dominus
637 1411 682 1451 in
714 1410 892 1451 illorum
925 1411 1185 1463 ignorantia
1216 1410 1355 1458 ducit,
1390 1416 1436 1450 et
1480 1409 1646 1449 Divino
1677 1408 1877 1462 auspicio

382 1475 676 1528 providenter
715 1474 773 1514 ab
813 1475 1115 1527 imputatione
1147 1480 1299 1514 reatus
1335 1472 1520 1513 abducit
1561 1471 1669 1512 illos>
1703 1472 1778 1525 qui
1815 1480 1877 1512 ex

381 1538 603 1591 religione
626 1538 801 1590 fugiunt
824 1537 944 1578 mala
967 1544 1015 1578 ut
1038 1543 1244 1590 peccata,
1263 1542 1450 1589 propter
1471 1535 1605 1576 finem
1628 1540 1676 1576 ut
1698 1534 1877 1575 salven-

382 1609 455 1643 tur
475 1615 483 1652 ;
517 1601 820 1654 unusquisque
844 1601 962 1641 enim
986 1600 1124 1641 horno
1142 1600 1342 1641 nascitur
1364 1598 1421 1639 ad
1445 1598 1635 1646 caelum,
1655 1603 1703 1639 et
1729 1597 1878 1638 nullus

381 1665 440 1706 ad
466 1665 714 1716 infernum;
746 1670 793 1705 et
819 1665 1006 1718 quisque
1032 1664 1076 1704 in
1104 1663 1279 1705 caelum
1305 1663 1430 1704 venit
1456 1676 1483 1703 a
1513 1662 1727 1711 Domino,
1753 1667 1801 1702 et
1831 1660 1876 1701 in

381 1728 603 1770 infernum
629 1741 655 1768 a
681 1741 742 1768 se.

466 1801 591 1845 351.
626 1789 744 1845 (xv.)
781 1789 911 1841 Quod
934 1805 991 1831 ex
1019 1790 1092 1831 [τίς
1122 1789 1205 1838 illi,
1233 1788 1416 1830 tametsi
1430 1786 1672 1841 polygami,
1699 1785 1875 1828 salven-

382 1862 471 1904 tur,
498 1854 578 1908 qui
604 1860 846 1908 agnoscunt
875 1854 1029 1902 Deum,
1056 1860 1098 1894 et
1135 1867 1190 1894 ex
1229 1852 1440 1905 religione
1462 1852 1620 1892 vivunt
1642 1849 1877 1892 secundum

382 1918 498 1971 leges
514 1918 724 1972 justitiae
752 1915 1150 1957 cz'vz'les.-—Omnes
1181 1916 1225 1956 in
1257 1916 1466 1956 universo
1498 1921 1717 1955 terrarum
1748 1912 1873 1960 orbe,

383 1982 456 2035 qui
493 1986 750 2033 agnoscunt
778 1979 941 2029 Deum,
967 1987 1014 2021 et
1054 1981 1213 2020 vivunt
1239 1978 1487 2019 secundum
1521 1977 1646 2029 leges
1673 1975 1874 2029 justitiae

382 2045 538 2086 civiles
570 2058 629 2085 ex
662 2043 895 2096 religione,
923 2044 1186 2083 salvantur:
1218 2055 1297 2095 per
1326 2040 1452 2093 leges
1474 2039 1677 2093 justitiae
1703 2037 1872 2086 civiles.

381 2109 701 2161 intelliguntur
718 2113 976 2160 praecepta,
995 2106 1145 2159 qualia
1165 2111 1270 2146 sunt
1296 2105 1340 2145 in
1362 2103 1599 2156 decalogo,
1620 2102 1734 2156 quae
1753 2107 1872 2150 sunt,

381 2172 503 2227 quod
536 2185 627 2212 non
654 2170 967 2217 occidendum,
996 2182 1087 2209 non
1126 2168 1474 2214 moechandum,
1503 2179 1592 2207 non
1619 2164 1872 2213 furandum,

381 2249 473 2277 non
499 2235 609 2276 false
646 2233 940 2284 testandum;
973 2232 1084 2273 haec
1112 2237 1356 2285 praecepta
1381 2236 1486 2271 sunt
1523 2229 1649 2282 leges
1670 2228 1873 2282 justitiae

381 2299 537 2341 civiles
578 2299 622 2339 in
665 2297 873 2339 omnibus
905 2297 1056 2349 regnis
1096 2302 1258 2343 terrae,
1286 2307 1389 2334 nam
1421 2294 1516 2334 sine
1557 2293 1644 2333 illis
1683 2304 1873 2344 regnum

381 2377 473 2404 non
506 2362 788 2403 subsisteret.
850 2359 941 2401 Sed
981 2359 1193 2399 vivuntur
1233 2371 1259 2398 a
1299 2357 1568 2410 quibusdam
1609 2369 1668 2396 ex
1709 2355 1873 2396 timore

381 2438 627 2481 poenarum
661 2424 789 2477 legis,
817 2437 844 2464 a
874 2422 1143 2477 quibusdam
1174 2434 1234 2461 ex
1267 2420 1528 2460 obedientia
1559 2417 1691 2467 civili,
1720 2431 1747 2458 a
1775 2417 1872 2471 qui-

380 2490 572 2530 busdam
590 2489 728 2529 etiam
751 2502 811 2528 ex
833 2486 1078 2540 religione3
1111 2490 1156 2525 et
1179 2483 1255 2531 illi,
1275 2497 1301 2524 a
1322 2483 1482 2536 quibus
1503 2482 1713 2522 vivuntur
1734 2481 1872 2522 etiam

380 2567 440 2594 ex
467 2552 702 2605 religione,
727 2551 989 2591 salvantur:
1023 2561 1159 2590 causa
1185 2554 1271 2595 est,
1295 2546 1398 2599 quia
1424 2552 1532 2587 tunc
1561 2545 1684 2585 Deus
1710 2545 1753 2585 in
1786 2543 1873 2584 illis

379 2623 478 2667 est;
512 2622 557 2657 et
580 2615 732 2663 homo,
757 2615 802 2655 in
829 2627 922 2668 quo
944 2619 1014 2654 est
1044 2612 1182 2660 Deus,
1207 2610 1422 2651 salvatur.
1484 2608 1595 2662 Quis
1619 2621 1709 2648 non
1731 2607 1869 2655 videt,

380 2680 502 2734 quod
534 2678 654 2731 apud
685 2678 800 2719 filios
834 2676 1025 2725 Israelis,
1059 2681 1303 2729 postquam
1335 2688 1395 2714 ex
1432 2672 1654 2725 Aegypto
1685 2669 1872 2724 profesti

380 2749 502 2791 sunt,
535 2743 654 2783 inter
685 2740 811 2793 leges
852 2740 1030 2781 illorum
1061 2738 1240 2786 fuerint,
1275 2737 1396 2791 quod
1438 2749 1529 2777 non
1571 2733 1871 2775 occidendum

380 2807 455 2856 sit,
484 2818 575 2846 non
618 2804 968 2851 moechandum,
1002 2815 1093 2842 non
1133 2801 1385 2849 furandum,
1420 2812 1510 2840 non
1550 2797 1662 2839 salse
1693 2802 1870 2838 testan-

380 2870 503 2919 dum,
542 2868 754 2923 quoniam
801 2866 1060 2908 communio
1109 2878 1187 2905 seu
1237 2865 1435 2904 societas
1479 2861 1657 2903 illorum
1701 2860 1872 2913 absque

381 2933 470 2974 illis
510 2932 687 2985 legibus
720 2944 809 2972 non
842 2930 1067 2983 potuisset
1098 2926 1375 2969 subsistere?
1417 2931 1464 2967 et
1496 2931 1650 2966 tamen
1681 2922 1871 2964 eaedem

381 2996 508 3050 leges
548 3010 575 3037 a
612 2994 817 3049 Jehovah
845 2994 945 3034 Deo
985 3005 1117 3045 super
1148 2997 1305 3032 monte
1337 2989 1461 3031 Sinai
1500 3001 1602 3029 cum
1642 2984 1871 3039 stupendo
