2014 3386
574 354 641 387 DE
673 353 851 386 AMORE
883 352 1360 386 SCORTATOR10.—N.
1386 354 1484 398 459·
1688 357 1771 399 349

273 467 380 509 inde
420 465 710 516 naturalium,
738 472 786 507 et
826 465 948 520 quod
987 465 1031 507 in
1071 464 1198 507 illum
1230 479 1433 507 amorem
1465 465 1638 516 collata
1678 467 1770 508 sint

273 530 428 572 omnia
453 529 621 583 gaudia
651 536 698 571 et
736 542 896 571 omnes
923 529 1126 571 laetitiae
1165 543 1191 570 a
1226 530 1381 582 primis
1418 529 1476 570 ad
1514 529 1677 570 ultima
1706 528 1769 583 (n.

272 592 461 647 65—69):
495 598 541 634 et
566 593 687 646 quod
713 593 757 634 in
785 593 957 646 origine
983 606 1063 633 sua
1086 590 1319 645 speetatus
1346 593 1404 633 sit
1429 592 1559 633 ludus
1586 593 1769 646 sapien-

272 658 365 698 tiae
387 662 435 698 et
457 657 638 705 amoris,
662 656 706 696 in
730 656 914 697 Deliciis
941 655 1199 708 Sapientiae
1222 655 1276 696 de
1299 654 1468 696 Amore
1495 654 1533 697 C
1533 655 1767 710 onjugiali,

271 734 387 775 quae
402 720 581 760 Partem
597 719 789 773 primam
803 718 932 773 hujus
947 719 1095 773 operis
1109 719 1410 767 constituunt,
1424 718 1558 772 plene
1577 719 1767 760 demon-

268 790 468 825 stratum
495 790 583 824 est.

355 845 490 900 458.
539 845 676 900 Quod
725 845 802 887 ille
850 858 978 887 amor
1025 845 1084 888 sit
1128 846 1485 887 reconditorium
1534 845 1768 900 religionis

271 908 576 959 Christianae,
609 916 680 951 est
718 910 822 963 quia
852 909 965 950 haec
997 909 1157 962 religio
1189 922 1290 950 cum
1329 909 1408 950 illo
1442 923 1597 951 amore
1630 923 1765 950 unum

269 972 378 1014 facit
411 979 458 1014 et
490 974 756 1023 cohabitat;
800 985 905 1013 nam
937 979 1173 1014 ostensum
1205 979 1292 1021 est,
1326 973 1448 1026 quod
1482 987 1572 1014 non
1605 973 1681 1014 alii
1722 974 1767 1014 in

269 1035 396 1077 illum
411 1049 614 1078 amorem
633 1037 832 1084 veniant,
847 1042 894 1077 et
916 1036 960 1076 in
978 1035 1056 1076 illo
1070 1050 1171 1077 esse
1189 1037 1382 1090 possint,
1399 1049 1533 1090 quam
1556 1037 1630 1090 qui
1657 1037 1766 1077 ade-

270 1105 351 1140 unt
378 1099 640 1148 Dominum,
671 1113 723 1141 ac
750 1113 859 1140 vera
885 1099 1106 1140 ecclesiae
1133 1099 1277 1153 Ipsius
1309 1106 1357 1140 et
1389 1099 1511 1140 bona
1537 1099 1630 1153 ejus
1656 1099 1765 1140 faci-

269 1169 352 1203 unt
387 1161 448 1216 (n.
476 1161 576 1215 [¹³70,
604 1162 706 1217 71):
754 1162 875 1217 quod
920 1162 997 1203 ille
1027 1176 1156 1204 amor
1187 1164 1246 1204 sit
1285 1177 1310 1204 a
1342 1162 1442 1204 solo
1474 1162 1688 1212 Domino,
1716 1169 1765 1204 et

269 1226 391 1280 quod
433 1226 537 1266 inde
569 1226 700 1267 detur
729 1226 848 1280 apud
880 1225 984 1267 illos
1024 1227 1098 1280 qui
1139 1240 1198 1267 ex
1239 1226 1461 1279 religione
1503 1226 1766 1268 Christiana

270 1296 376 1330 sunt
407 1287 469 1338 (n.
502 1300 591 1342 131,
622 1298 716 1342 335,
746 1288 873 1343 336):
907 1290 1027 1343 quod
1050 1302 1177 1330 amor
1202 1289 1279 1331 ille
1305 1291 1363 1331 sit
1389 1290 1640 1332 secundum
1666 1295 1763 1331 sta-

268 1358 367 1394 tum
393 1352 630 1401 ecclesiae,
658 1353 762 1406 quia
788 1359 858 1393 est
886 1353 1136 1394 secundum
1164 1359 1337 1394 statum
1364 1354 1615 1406 sapientiae
1641 1353 1762 1406 apud

268 1414 500 1456 hominem
526 1414 588 1468 (n.
620 1415 745 1469 130):
779 1416 900 1469 quod
926 1415 1037 1457 haec
1061 1416 1125 1456 ita
1151 1416 1256 1465 sint,
1280 1416 1598 1458 confirmatum
1621 1423 1692 1457 est
1717 1417 1763 1457 in

267 1483 371 1520 toto
394 1479 545 1531 capite
569 1479 639 1519 De
658 1478 1074 1532 Correspondentia
1096 1478 1190 1532 ejus
1212 1492 1314 1520 cum
1338 1479 1559 1532 Conjugio
1577 1480 1763 1520 Domini

267 1547 316 1582 et
348 1541 585 1582 Ecclesiae
620 1542 682 1595 (n.
711 1541 952 1595 116-131);
991 1548 1038 1583 et
1070 1542 1113 1582 in
1141 1543 1292 1596 capite
1324 1542 1394 1583 De
1427 1542 1613 1596 Origine
1644 1543 1763 1583 illius

268 1603 456 1645 Amoris
482 1618 542 1645 ex
570 1603 792 1657 Conjugio
819 1604 934 1645 Boni
959 1611 1006 1646 et
1034 1602 1144 1646 Veri
1172 1604 1235 1658 (n.
1263 1605 1464 1659 83-102).

353 1676 488 1721 459.
524 1666 655 1721 (xiii.)
693 1667 823 1718 Quod
838 1667 1084 1721 conjugz‘ale
1106 1667 1184 1708 lzoc
1208 1669 1335 1721 apud
1350 1668 1451 1709 illos
1482 1669 1563 1722 qui
1574 1675 1764 1721 propter

267 1730 429 1771 varias
467 1744 626 1771 causas
666 1730 856 1770 nondum
885 1730 1090 1784 conjugia
1120 1737 1311 1783 possunt
1345 1731 1472 1780 inire,
1500 1738 1542 1772 et
1569 1738 1762 1785 propter

267 1792 482 1834 salaciam
513 1784 596 1833 non
620 1799 814 1845 possunt
843 1793 1070 1834 moderari
1090 1793 1310 1843 libidines,
1338 1801 1468 1847 queat
1490 1794 1758 1842 conservari,

267 1855 314 1896 si
338 1869 465 1897 amor
494 1869 627 1896 sexus
650 1855 746 1910 fiat
779 1856 966 1897 strib‘z'us
1005 1856 1071 1897 ad
1104 1871 1237 1897 unam
1262 1856 1671 1910 pellicem—Quod
1702 1857 1760 1898 ab

267 1917 370 1966 illis,
390 1919 463 1972 qui
486 1919 662 1960 salaces
685 1926 806 1967 sunt,
831 1919 971 1960 libido
989 1920 1290 1961 immoderata
1313 1926 1359 1961 et
1386 1920 1645 1962 inordinata
1667 1934 1758 1962 non

266 1983 412 2036 possit
438 1983 644 2031 inhiberi,
673 1984 791 2024 ratio
817 1983 958 2032 videt,
983 1990 1030 2024 et
1057 1984 1344 2037 experientia
1370 1983 1535 2034 docet;
1570 1990 1619 2025 ut
1648 1997 1759 2037 ergo

266 2045 352 2086 hoc
375 2046 726 2087 immoderatum
753 2052 799 2088 et
826 2046 1148 2095 inordinatum,
1172 2046 1291 2100 apud
1317 2046 1421 2087 illos
1447 2047 1521 2100 qui
1547 2047 1758 2088 laborant

267 2115 435 2158 oestro,
464 2116 511 2150 et
537 2122 627 2150 non
654 2116 843 2163 propter
868 2109 1018 2162 plures
1046 2123 1206 2151 causas
1233 2110 1533 2163 praecipitare
1560 2116 1606 2151 et
1638 2111 1757 2151 anti-

266 2171 415 2225 cipare
441 2172 650 2226 conjugia
676 2179 862 2227 queunt,
890 2173 1153 2222 refrenetur,
1182 2179 1228 2214 et
1255 2173 1312 2214 ad
1336 2173 1522 2227 aliquod
1549 2175 1757 2215 modera-

266 2240 364 2276 tum
395 2241 442 2276 et
475 2236 734 2277 ordinatum
765 2236 1013 2289 redigatur,
1042 2250 1133 2277 non
1165 2236 1287 2277 aliud
1319 2244 1509 2290 apparet
1536 2238 1756 2291 refugium

265 2303 314 2337 et
355 2298 482 2350 quasi
522 2297 712 2350 asylum,
752 2311 886 2351 quam
930 2298 1163 2339 addicatio
1197 2298 1387 2352 pellicis,
1426 2312 1540 2352 quae
1581 2299 1757 2341 Gallice

267 2366 459 2400 vocatur
498 2359 742 2401 maitresse.
805 2359 940 2411 Quod
981 2362 1026 2401 in
1067 2361 1234 2414 regnis,
1268 2360 1341 2400 ubi
1381 2362 1601 2414 regimina
1632 2370 1754 2412 sunt,

266 2423 552 2463 matrimonia
578 2436 604 2464 a
629 2423 784 2464 multis
810 2437 901 2465 non
927 2424 1104 2478 possint
1131 2423 1355 2472 contrahi,
1380 2425 1463 2465 nisi
1489 2438 1622 2478 quam
1650 2433 1756 2479 post

265 2483 479 2526 exactam
505 2484 809 2538 juventutem,
843 2487 948 2540 quia
979 2486 1127 2528 officia
1159 2488 1279 2541 prius
1305 2488 1522 2529 merenda
1547 2495 1668 2537 sunt,
1701 2501 1753 2530 ac

264 2546 511 2589 facultates
543 2561 624 2601 pro
655 2550 961 2590 sustentanda
992 2550 1130 2590 domo
1162 2557 1209 2591 et
1241 2550 1409 2591 familia
1434 2551 1750 2604 acquirendae,

265 2615 312 2650 et
339 2616 447 2651 tunc
476 2611 667 2663 primum
694 2611 833 2664 digna
859 2626 975 2653 uxor
1000 2613 1254 2662 ambienda,
1279 2621 1439 2655 notum
1471 2620 1567 2664 est3
1604 2619 1651 2655 et
1683 2621 1754 2656 ta-

266 2685 370 2713 men
403 2673 447 2713 in
480 2674 787 2727 praecedente
819 2681 987 2724 aetate,
1021 2676 1254 2729 scaturigo
1285 2677 1466 2718 virtutis
1497 2690 1579 2730 pro
1610 2690 1753 2718 uxore

264 2735 384 2788 apud
417 2749 585 2788 paucos
611 2742 766 2789 potest
799 2738 982 2779 occlusa
1012 2739 1155 2779 teneri
1187 2746 1232 2780 et
1265 2740 1510 2780 reservari:
1546 2746 1753 2793 praestat

264 2798 446 2852 quidem
470 2805 516 2840 ut
538 2806 819 2851 reservetur;
852 2802 932 2842 sed
951 2802 986 2842 si
1009 2807 1193 2855 propter
1211 2801 1425 2843 effrenem
1442 2802 1638 2843 libidinis
1660 2804 1751 2844 vim

266 2874 356 2903 non
382 2868 553 2915 potest,
580 2863 809 2916 quaeritur
834 2864 994 2905 modus
1017 2865 1357 2911 intermedians,
1381 2878 1470 2918 quo
1502 2865 1753 2917 praeveniri

266 2925 422 2978 possit,
450 2938 506 2966 ne
537 2938 664 2966 amor
689 2925 957 2980 conjugialis
983 2928 1157 2968 interea
1184 2933 1354 2980 pereat,
1383 2928 1502 2981 quod
1530 2928 1587 2968 sit
1619 2927 1750 2981 pelli-

266 2989 619 3038 catus‚suadent
634 2988 772 3031 haec:
805 2989 884 3044 (1.)
914 2990 1048 3045 Quod
1071 2990 1292 3044 perillum
1307 2990 1630 3031 fornicationes
1647 3004 1751 3043 pro-
