2014 3386
309 334 393 389 296
772 345 1015 379 DELICIAE
1045 346 1349 381 SAPIENTIAE

378 455 427 491 Et
442 456 656 503 prehendit
670 468 733 493 me
748 468 878 500 manu,
888 465 929 494 et
947 459 1134 500 deduxit;
1160 465 1202 494 et
1218 459 1302 494 vidi
1317 460 1590 502 domunculas,
1605 461 1645 496 in
1658 461 1802 508 quibus

303 510 521 556 gymnasia,
536 517 577 546 et
596 510 636 545 in
654 511 788 546 medio
803 511 958 546 illarum
977 523 1109 552 unam,
1124 523 1225 558 quae
1239 519 1325 548 erat
1339 513 1442 549 sicut
1457 514 1699 559 praetorium
1713 515 1803 550 reli-

303 574 494 609 quarum:
519 562 598 599 hoc
619 563 892 599 constructum
914 571 999 600 erat
1021 575 1070 600 ex
1090 564 1288 610 lapidibus
1310 566 1442 612 piceis,
1461 567 1605 612 quibus
1622 567 1802 613 superim'

304 614 447 652 ducitae
465 623 578 651 erant
595 616 777 652 lamellae
795 617 899 652 sicut
916 617 1068 652 vitreae
1087 628 1135 652 ex
1154 628 1251 653 auro
1269 625 1310 654 et
1335 626 1502 665 argento
1521 620 1634 666 quasi
1652 620 1801 656 mican-

303 675 377 710 tes,
403 669 541 715 quales
566 675 661 705 sunt
686 680 788 716 quae
812 677 1009 706 vocantur
1028 671 1176 716 glacies
1199 670 1361 712 Mariae,
1387 678 1428 707 et
1451 672 1517 707 hie
1541 679 1583 708 et
1609 672 1662 708 ibi
1686 680 1803 709 erant·

304 722 548 768 interspersa
564 722 765 758 conchilia
781 723 967 758 similiter
984 723 1165 759 nitentia.

377 775 479 810 Illuc
492 775 731 811 accessimus
749 782 792 811 et
810 776 1065 822 pulsavimus,
1078 782 1119 811 et
1137 787 1230 812 mox
1247 776 1391 823 aliquis
1405 777 1561 823 aperuit
1573 778 1748 824 januam,
1759 785 1802 815 et

304 828 416 870 dixit,
430 833 450 847 “
465 828 740 864 Beneventote
753 828 786 870 ;’'
805 836 846 864 et
863 829 1038 864 cucurrit
1055 829 1106 864 ad
1125 840 1315 870 mensam,
1328 837 1369 865 et
1385 831 1613 876 apportavit
1629 838 1803 877 quatuor

303 882 436 923 libros,
463 888 505 917 et
531 882 643 923 dixit,
667 881 753 917 “Hi
784 882 873 917 libri
899 888 994 917 sunt
1019 882 1226 928 sapientia,
1253 882 1316 918 cui
1342 883 1560 919 multitudo
1586 895 1801 930 regnorum

303 934 425 970 hodie
442 935 668 980 applaudit:
695 935 789 970 huic
806 935 908 970 libro
926 946 995 971 seu
1013 935 1234 981 sapientiae
1251 936 1500 981 applaudunt
1518 937 1631 971 multi
1651 930 1690 971 in
1709 936 1802 972 Gal-

303 987 366 1028 lia,
386 987 479 1023 huic
499 988 612 1022 multi
633 988 672 1022 in
693 987 915 1028 Germania,
934 987 1028 1023 huic
1046 988 1168 1034 aliqui
1187 988 1227 1022 in
1248 988 1426 1029 Batavia,
1445 995 1487 1024 et
1504 988 1597 1024 huic
1615 989 1737 1035 aliqui
1758 989 1799 1024 in

306 1040 548 1076 Britannia.''
599 1040 726 1076 Porro
752 1040 864 1082 dixit,
885 1040 959 1076 “Si
985 1041 1107 1076 vultis
1132 1041 1280 1081 videre,
1307 1040 1449 1076 faciam
1475 1047 1521 1077 ut
1554 1041 1595 1076 hi
1629 1049 1802 1088 quatuor

303 1093 392 1128 libri
410 1104 545 1129 coram
563 1094 689 1130 oculis
703 1094 846 1129 vestris
865 1094 1023 1129 luceant
1036 1094 1068 1135 ;''
1094 1100 1136 1129 et
1153 1101 1250 1129 tunc
1263 1094 1431 1141 gloriam
1445 1093 1573 1130 famae
1591 1105 1686 1130 suae
1702 1094 1802 1130 effu·

304 1147 364 1182 dit
389 1153 430 1182 et
458 1146 725 1187 circumfudit,
744 1153 785 1182 et
810 1147 899 1190 libri
926 1158 1020 1182 mox
1045 1147 1150 1182 sicut
1175 1157 1225 1182 ex
1250 1147 1339 1183 luce
1359 1146 1576 1189 fulserunt;
1605 1147 1677 1184 sed
1701 1147 1802 1185 haec

303 1201 373 1236 lux
390 1211 524 1235 coram
543 1200 670 1235 oculis
688 1200 837 1236 nostris
855 1200 961 1235 illico
980 1200 1154 1235 evanuit.

376 1253 427 1288 Et
444 1260 541 1288 tunc
559 1253 840 1299 quaesivimus,
861 1252 999 1300 “Quid
1020 1263 1126 1287 nunc
1144 1251 1283 1288 scribis
1296 1251 1336 1288 ?”

378 1306 428 1341 Et
461 1306 680 1352 respondit,
707 1306 815 1352 quod
845 1317 950 1341 nunc
985 1306 1060 1346 illa,
1088 1317 1189 1352 quae
1216 1305 1378 1340 intimae
1403 1304 1623 1351 sapientiae
1647 1311 1802 1346 sunt,e

303 1359 501 1395 thesauris
521 1359 604 1394 suis
621 1359 766 1394 educat
786 1365 828 1394 et
848 1366 1067 1404 expromat,
1086 1370 1189 1404 quae
1208 1358 1247 1393 in
1266 1359 1506 1404 compendio
1524 1365 1618 1394 sunt
1632 1358 1733 1395 haec
1745 1368 1803 1394 :—

305 1412 361 1457 (i.)
389 1413 497 1447 Num
516 1416 663 1447 natura
684 1414 737 1447 sit
761 1414 877 1452 vitae,
892 1412 956 1446 vel
969 1423 1062 1446 num
1082 1414 1168 1446 vila
1185 1414 1240 1446 sit
1259 1416 1438 1447 naturae.
1492 1411 1562 1456 (ii.)
1588 1412 1697 1446 Num
1716 1423 1803 1447 cen-

303 1472 410 1500 trum
442 1467 496 1500 st't
523 1467 698 1511 expansi,
724 1465 789 1500 vel
817 1476 909 1500 num
933 1467 1146 1511 expansum
1178 1467 1238 1500 sitv
1262 1466 1398 1501 centri.
1461 1464 1546 1510 (iii.)
1587 1465 1651 1500 De
1673 1468 1801 1500 centro

303 1522 340 1554 et
355 1521 521 1564 expanso
538 1522 707 1553 naturae
723 1522 759 1552 et
775 1519 893 1554 vitae.

377 1571 453 1607 His
472 1570 588 1606 dietis
607 1571 784 1617 reposuit
800 1582 842 1606 se
861 1582 980 1617 super
996 1570 1097 1606 solio
1119 1570 1169 1605 ad
1192 1580 1391 1611 mensam;
1421 1581 1494 1605 nos
1511 1580 1608 1605 vero
1630 1569 1670 1604 in
1690 1580 1802 1616 gym-

305 1624 418 1660 nasio
443 1625 541 1670 ejus,
560 1625 668 1670 quod
695 1631 782 1660 erat
806 1624 1040 1670 spatiosum,
1067 1623 1370 1659 ambulavimus.
1423 1622 1494 1658 Ille
1519 1634 1639 1668 super
1663 1633 1802 1659 mensa

304 1678 477 1713 habebat
495 1677 715 1718 candelam,
733 1677 827 1723 quia
845 1688 925 1712 non
944 1677 1012 1711 lux
1030 1676 1171 1712 diurna
1188 1676 1329 1712 solaris
1348 1676 1401 1711 ibi
1420 1682 1515 1716 erat,
1535 1676 1605 1711 sed
1623 1675 1691 1710 lux
1705 1685 1797 1712 noc-

303 1737 422 1765 turna
443 1730 591 1766 lunaris
608 1742 615 1771 ;
647 1737 688 1765 et
713 1730 821 1776 quod
844 1730 1012 1765 miratus
1033 1740 1134 1769 sum,
1153 1729 1320 1764 candela
1338 1729 1425 1764 visa
1446 1735 1507 1764 est
1527 1729 1675 1764 circum
1696 1728 1803 1764 circa

305 1783 358 1818 ibi
380 1782 482 1824 ferri,
505 1790 546 1818 et
567 1783 812 1824 illuminare;
848 1789 891 1818 at
916 1783 1010 1828 quia
1031 1782 1099 1817 illa
1123 1793 1204 1817 non
1225 1788 1312 1817 erat
1332 1780 1528 1822 emuncta,
1551 1781 1800 1816 illuminabat

305 1847 462 1881 parum;
489 1842 530 1871 et
550 1847 640 1871 cum
662 1836 831 1881 scripsit,
849 1836 1022 1871 vidimus
1041 1835 1234 1881 imagines
1256 1834 1295 1869 in
1316 1834 1436 1870 variis
1457 1833 1595 1869 formis
1615 1844 1637 1869 e
1663 1843 1802 1869 mensa

305 1889 345 1923 in
372 1889 542 1935 parietes
566 1889 759 1929 volantes,
786 1899 888 1934 quae
915 1888 953 1923 in
981 1887 1176 1924 noemma
1201 1888 1267 1923 illa
1292 1888 1381 1923 luce
1403 1886 1529 1921 lunari
1555 1886 1800 1932 apparebant

305 1942 407 1978 sicut
427 1942 610 1977 volucres
631 1941 819 1987 pulchrae
843 1941 1024 1982 Indicae;
1051 1941 1120 1976 sed
1147 1951 1238 1976 cum
1260 1939 1486 1986 aperuimus
1509 1939 1683 1985 januam,
1705 1949 1799 1974 ecce

304 1995 394 2030 illae
428 1994 467 2029 in
494 1994 582 2030 luce
607 1994 750 2030 diurna
774 1994 894 2030 solari
914 1994 1162 2039 apparebant
1186 1993 1289 2028 sicut
1313 2003 1407 2028 aves
1432 2002 1631 2038 vesperae,
1653 1991 1799 2038 quibus

303 2048 390 2083 alae
415 2047 637 2083 retiiormes
658 2054 773 2088 sunt;
807 2054 920 2082 erant
940 2046 1047 2082 enim
1084 2045 1463 2085 verisimilitudines,
1485 2055 1586 2090 quae
1612 2055 1683 2090 per
1702 2055 1797 2080 con·

303 2101 548 2136 firmationes
562 2099 689 2135 factae
702 2106 796 2135 sunt
809 2099 998 2140 fallaciae,
1010 2109 1112 2145 quae
1126 2098 1333 2145 ingeniose
1348 2098 1387 2133 in
1402 2098 1524 2133 series
1537 2098 1588 2133 ab
1602 2097 1671 2133 illo
1684 2103 1799 2133 erant

303 2164 514 2189 connexae.

376 2207 595 2253 Postquam
615 2206 715 2242 haec
730 2205 914 2247 vidimus,
932 2204 1170 2241 accessimus
1187 2205 1237 2240 ad
1257 2212 1445 2245 mensam,
1463 2209 1505 2239 et
1525 2203 1797 2250 quaesivimus

304 2260 426 2302 illum,
445 2261 542 2306 quid
561 2271 667 2295 nunc
684 2259 832 2295 scribit.

376 2313 499 2354 Dixit,
515 2318 535 2332 ‘⁴
549 2313 609 2348 De
624 2313 753 2359 primo
767 2312 847 2352 illo,
859 2311 967 2347 Num
981 2315 1128 2346 natura
1139 2311 1193 2345 sit
1205 2311 1321 2350 vitae,
1335 2309 1400 2344 vel
1407 2320 1500 2344 num
1514 2311 1600 2344 vita
1613 2310 1668 2344 sit
1679 2312 1798 2344 natu-

302 2378 372 2402 rae
381 2366 420 2408 ;'’
447 2373 488 2402 et
506 2367 556 2402 de
574 2366 651 2402 hoc
670 2365 824 2411 inquiit,
843 2364 951 2410 quod
970 2363 1096 2410 possit
1113 2370 1327 2408 utrumque
1345 2362 1591 2402 confirmare,
1609 2369 1650 2397 et
1667 2361 1797 2398 facere

302 2427 348 2456 ut
368 2421 419 2456 sit
439 2428 598 2460 verum:
625 2419 695 2455 sed
717 2418 812 2465 quia
833 2418 940 2453 intus
961 2418 1059 2452 latet
1079 2416 1239 2462 aliquod
1259 2416 1521 2456 reconditum,
1540 2416 1647 2461 quod
1668 2415 1795 2456 timet,

302 2485 384 2509 non
398 2473 503 2509 ausit
517 2472 753 2508 confirmare
768 2471 843 2507 nisi
862 2471 949 2511 hoc,
965 2469 1083 2517 Quod
1099 2476 1240 2504 natura
1253 2469 1305 2504 sit
1322 2469 1438 2509 vitae,
1453 2468 1530 2504 hoc
1548 2474 1620 2509 est,
1636 2479 1685 2504 ex
1701 2467 1795 2508 vita,

302 2537 384 2562 non
403 2533 537 2562 autem
556 2526 663 2571 quod
682 2526 766 2560 vita
783 2525 835 2560 sit
853 2531 1027 2563 naturae,
1046 2522 1124 2558 hoc
1140 2528 1212 2562 est,
1231 2533 1280 2556 ex
1298 2528 1449 2557 natura.

375 2578 655 2626 Quaesivimus
673 2578 829 2618 blande,
847 2576 943 2623 quid
965 2582 1026 2612 est
1045 2575 1154 2622 quod
1174 2574 1280 2610 intus
1298 2575 1396 2610 latet
1414 2573 1666 2609 reconditum
1684 2572 1794 2619 quod

301 2632 430 2668 timet.

376 2683 609 2730 Respondit,
628 2683 736 2729 quod
758 2683 811 2718 sit
828 2682 936 2728 quod
954 2680 1087 2717 vocari
1107 2680 1234 2726 possit
1253 2679 1496 2719 naturalista,
1513 2685 1554 2714 et
1574 2678 1631 2714 sic
1651 2677 1794 2716 atheus

302 2749 351 2774 ex
368 2738 532 2777 clericis,
550 2743 592 2772 et
609 2737 719 2782 quod
737 2736 798 2771 vir
815 2747 895 2771 non
914 2745 1033 2771 sanae
1052 2733 1217 2768 rationis
1234 2743 1257 2767 a
1274 2732 1394 2772 laicis,
1410 2731 1600 2778 quoniam
1619 2731 1660 2766 hi
1679 2737 1720 2766 et
1738 2730 1793 2766 illi

302 2797 395 2831 sunt
408 2791 471 2827 vel
489 2790 696 2826 credentes
714 2800 763 2824 ex
779 2799 898 2824 caeca
914 2788 1003 2828 fide,
1021 2786 1086 2823 vel
1103 2786 1285 2822 videntes
1302 2796 1351 2820 ex
1367 2785 1454 2820 visu
1473 2782 1791 2820 confirmantium

303 2845 452 2932 ¹umged
466 2902 563 2931 tunc
580 2906 629 2931 ex
642 2895 813 2940 quadam
831 2892 1103 2939 indignatione
1116 2890 1190 2926 zeli
1209 2901 1281 2936 pro
1296 2889 1463 2925 veritate
1477 2888 1639 2924 allocuti
1654 2898 1798 2925 sumus,

303 2950 425 2990 illum,
445 2949 635 2988 dicentes,
655 2953 675 2966 ‘⁴
688 2947 840 2993 Amice,
854 2942 971 2982 valde
988 2944 1153 2984 falleris;
1179 2943 1374 2989 sapientia
1390 2949 1471 2981 tua,
1485 2952 1586 2987 quae
1604 2947 1666 2976 est
1685 2940 1791 2986 inge-
1834 2955 1841 2959 “

303 3002 468 3038 niositas
480 2999 687 3041 scribendi,
700 2999 859 3036 seduxit
872 3005 923 3040 te,
936 3005 976 3034 et
988 2996 1115 3045 gloria
1129 2995 1255 3031 famae
1269 2995 1425 3030 induxit
1438 3001 1479 3030 te
1492 2995 1541 3030 ad
1555 2993 1791 3030 confirman-

1997 3161 2014 3386 ms-qun.
2000 2980 2014 3143 ..ustam—ffl-
2005 2891 2014 2958 Aa,
2007 2834 2014 2869 Ab.
2011 2812 2014 2818 .
2009 2766 2014 2769 .
2010 2706 2014 2716 -
