2014 3386
298 321 375 362 108
755 334 998 369 DELICIAE
1031 337 1334 372 SAPIENTIAE

292 444 459 493 entiae,
495 447 822 500 experientiae,
851 456 898 491 et
930 451 1042 493 artis
1068 458 1188 502 sunt,
1217 459 1264 495 et
1294 461 1516 497 vocantur
1547 457 1786 508 naturalia,

291 507 464 550 faciunt
488 510 753 552 subsellium
775 512 971 555 illorum.
1033 514 1170 568 Quod
1192 516 1271 559 illa
1289 531 1404 572 quae
1421 519 1646 562 ecclesiae
1663 528 1785 571 sunt,

291 577 338 613 et
356 579 580 614 vocantur
598 575 862 627 spiritualia,
882 577 924 618 in
948 578 1120 620 intimis
1142 580 1372 623 resideant
1395 583 1514 636 apud
1538 583 1786 634 hominem,

290 641 363 676 est
394 649 531 677 causa
562 639 666 691 quia
697 639 982 694 conjungunt
1015 656 1063 683 se
1095 656 1197 684 curn
1230 644 1376 694 caelo,
1410 652 1457 687 et
1498 660 1577 700 per
1608 648 1786 690 caelum

290 710 391 738 cum
420 698 633 749 Domino,
658 715 749 743 non
776 704 895 744 enim
922 704 1010 745 alia
1035 719 1062 746 a
1089 705 1288 748 Domino
1311 721 1390 761 per
1411 709 1588 751 caelum
1611 711 1786 754 intrant

289 762 408 815 apud
428 762 674 806 hominem.
736 765 871 819 Quod
889 767 966 809 illa
983 783 1098 823 quae
1115 771 1389 824 reipublicae
1407 780 1527 822 sunt,
1547 780 1595 815 et
1612 787 1784 815 vocan-

289 831 363 866 tur
394 826 559 875 civilia,
587 828 700 870 infra
726 825 977 883 spiritualia
1003 839 1195 874 teneant
1223 833 1388 883 locum,
1415 843 1486 877 est
1519 850 1655 878 causa
1681 838 1785 891 quia

289 888 574 943 conjungunt
607 906 656 933 se
688 906 789 934 cum
823 895 1008 945 mundo,
1037 903 1144 938 sunt
1175 898 1294 938 enim
1322 900 1503 950 mundi;
1540 914 1643 941 nam
1676 908 1783 943 sunt

288 959 480 1002 statuta,
515 954 643 1008 leges
674 962 721 997 et
764 970 966 1008 normae,
1001 973 1115 1013 quae
1146 961 1350 1003 vinciunt
1379 963 1602 1012 homines,
1635 970 1684 1005 ut
1721 979 1783 1006 ex

287 1016 375 1057 illis
402 1017 480 1059 fiat
507 1025 633 1060 stata
659 1026 706 1061 et
734 1027 858 1062 sarta
884 1023 1081 1064 societas
1108 1029 1155 1065 et
1182 1025 1370 1076 civitas;
1403 1026 1523 1079 quod
1550 1026 1642 1076 illa,
1666 1041 1782 1081 quae

287 1087 393 1122 sunt
417 1082 652 1131 scientiae,
677 1085 991 1138 experientiae
1014 1093 1061 1128 et
1083 1088 1208 1137 artis,
1229 1094 1276 1129 et
1298 1096 1523 1130 vocantur
1540 1091 1780 1140 naturalia,

287 1145 457 1187 faciant
499 1147 778 1196 subsellium,
819 1162 956 1190 causa
993 1157 1064 1191 est
1105 1152 1209 1205 quia
1245 1151 1368 1193 arcte
1409 1167 1458 1193 se
1499 1153 1782 1207 conjungunt

287 1218 389 1249 cum
422 1210 618 1263 quinque
650 1212 856 1253 sensibus
889 1215 1104 1268 corporis,
1138 1221 1185 1256 et
1226 1215 1271 1256 hi
1303 1222 1408 1257 sunt
1441 1216 1615 1266 ultima,
1649 1231 1783 1272 super

286 1273 446 1326 quibus
483 1274 699 1315 interiora
730 1289 846 1329 quae
887 1283 993 1318 sunt
1034 1279 1216 1326 mentis,
1244 1292 1295 1320 ac
1336 1279 1497 1320 intima
1528 1277 1780 1333 quaesunt

285 1337 479 1385 animae,
504 1338 631 1391 quasi
653 1339 828 1380 sedent.
890 1340 1021 1382 Nunc
1045 1342 1149 1395 quia
1173 1341 1252 1382 illa
1276 1356 1392 1396 quae
1414 1342 1635 1384 ecclesiae
1657 1350 1779 1394 sunt,

285 1406 332 1441 et
355 1407 579 1441 vocantur
601 1402 865 1455 spiritualia,
890 1404 934 1444 in
956 1404 1129 1445 intimis
1151 1405 1367 1454 resident,
1392 1411 1439 1447 et
1462 1420 1577 1460 quae
1603 1407 1647 1447 in
1673 1407 1780 1448 inti·

285 1464 369 1504 mis
406 1464 620 1513 resident,
653 1465 824 1507 faciunt
857 1473 1009 1521 caput,
1043 1474 1091 1509 et
1132 1469 1372 1522 sequentia
1411 1469 1494 1509 sub
1533 1469 1636 1518 illis,
1664 1483 1781 1523 quae

283 1534 509 1568 vocantur
534 1528 697 1578 civilia,
726 1529 897 1579 ¹faciunt
924 1544 1102 1585 corpuS,
1130 1545 1182 1572 ac
1209 1531 1384 1580 ultima,
1413 1546 1528 1586 quae
1555 1539 1780 1575 vocantur

284 1591 524 1640 naturalia,
548 1591 718 1633 faciunt
742 1594 896 1646 pedes,
921 1601 1123 1644 constat,
1144 1595 1264 1649 quod
1287 1595 1394 1636 dum
1417 1596 1504 1637 tria
1525 1595 1604 1637 illa
1629 1597 1673 1637 in
1695 1610 1778 1637 suo

283 1655 442 1696 ordine
469 1662 822 1710 consequuntur,
850 1657 990 1699 homo
1022 1659 1080 1699 sit
1112 1657 1337 1712 perfectus
1363 1658 1528 1710 h0m0;
1572 1673 1678 1700 nam
1709 1660 1778 1701 in-

283 1718 427 1759 fluunt
455 1725 563 1760 tunc
591 1720 813 1769 similiter,
842 1722 959 1762 sicut
990 1721 1068 1762 illa
1099 1735 1215 1775 quae
1240 1723 1404 1776 capitis
1436 1729 1557 1771 sunt,
1585 1723 1777 1765 influunt

282 1782 327 1822 in
351 1795 527 1835 corpus,
553 1788 598 1823 et
623 1796 702 1836 per
723 1796 885 1836 corpus
912 1785 956 1825 in
979 1785 1146 1838 pedes;
1179 1785 1244 1825 ita
1266 1785 1517 1838 spiritualia
1542 1786 1585 1826 in
1610 1785 1774 1835 civilia,

283 1851 329 1885 et
357 1858 437 1897 per
463 1845 612 1892 civilia
643 1847 687 1886 in
720 1846 957 1887 naturalia.
1019 1847 1151 1888 Nunc
1178 1848 1283 1901 quia
1315 1848 1567 1902 spiritualia
1598 1849 1642 1889 in
1675 1848 1776 1890 luce

283 1908 397 1949 caeli
424 1915 546 1958 sunt,
575 1915 702 1962 patet
729 1910 850 1963 quod
877 1909 977 1951 luce
1005 1924 1084 1950 sua
1110 1910 1341 1952 illustrent
1366 1912 1606 1965 sequentia
1631 1912 1675 1952 in
1702 1926 1775 1953 or-

282 1972 402 2021 dine,
437 1979 484 2014 et
519 1973 671 2014 calore
703 1987 799 2022 suo,
832 1973 907 2027 qui
938 1979 1008 2015 est
1041 1987 1183 2023 amor,
1216 1975 1421 2016 animent
1454 1975 1545 2024 illa,
1574 1981 1620 2016 et
1653 1975 1774 2029 quod

282 2049 385 2076 cum
427 2035 514 2076 hoc
553 2035 618 2084 fit,
655 2036 827 2077 homini
871 2037 930 2077 sit
972 2038 1212 2090 sapientia.
1285 2036 1512 2090 Quoniam
1550 2038 1776 2091 sapientia

281 2105 353 2140 est
386 2100 508 2140 vitae
540 2106 587 2140 et
619 2100 724 2140 inde
750 2100 955 2149 rationiS,
987 2107 1036 2142 ut
1069 2114 1203 2154 supra
1229 2099 1399 2141 dictum
1432 2107 1519 2149 est,
1547 2102 1776 2155 quaeritur

280 2162 386 2216 quid
419 2163 642 2216 sapientia
672 2164 791 2204 vitae
823 2170 920 2205 est:
964 2170 1036 2205 est
1067 2164 1180 2205 haec
1213 2165 1255 2205 in
1289 2165 1532 2205 summaria
1564 2178 1774 2218 compre-

279 2226 526 2276 hensione;
559 2226 712 2279 fugere
736 2226 869 2275 mala,
886 2228 988 2280 quia
1011 2234 1115 2268 sunt
1135 2228 1303 2268 damna
1325 2228 1517 2276 animae,
1538 2234 1583 2268 et
1608 2229 1775 2270 damna

278 2289 566 2343 reipublicae,
591 2297 637 2330 et
664 2290 832 2331 damna
857 2291 1085 2344 corporis;
1119 2297 1165 2331 et
1197 2291 1345 2332 facere
1372 2291 1505 2338 bona,
1531 2292 1634 2345 quia
1660 2291 1772 2333 haec

279 2359 385 2394 sunt
413 2352 724 2393 emolumenta
749 2354 942 2401 animae,
970 2354 1259 2407 reipublicae,
1289 2360 1336 2394 et
1363 2354 1578 2406 corporis.
1642 2354 1772 2396 Haec

280 2417 505 2469 sapientia
537 2422 623 2464 est,
657 2430 771 2469 quae
803 2417 1078 2469 intelligitur
1119 2431 1198 2472 per
1229 2417 1510 2471 sapientiam*
1541 2430 1642 2457 cum
1684 2431 1772 2471 qua

279 2493 407 2520 amor
424 2478 691 2531 conjugialis
710 2493 758 2519 se
781 2479 894 2532 ligat
916 2494 924 2530 ;
959 2480 1072 2532 ligat
1090 2481 1209 2520 enim
1233 2493 1281 2520 se
1305 2493 1383 2532 per
1405 2480 1463 2528 id,
1484 2481 1603 2533 quod
1625 2480 1772 2534 fugiat

280 2542 449 2583 malum
476 2542 687 2583 adulterii
715 2549 762 2583 ut
796 2549 974 2595 pestem
1001 2544 1193 2592 animae,
1221 2543 1511 2596 reipublicae,
1540 2544 1770 2597 corporis;

279 2613 327 2648 et
353 2607 456 2660 quia
482 2605 558 2646 illa
584 2606 808 2658 sapientia
833 2607 1023 2647 scaturit
1050 2621 1110 2647 ex
1133 2606 1452 2660 spiritualibus,
1481 2620 1596 2660 quae
1623 2606 1772 2648 eccle-

280 2670 374 2710 siae
414 2674 533 2716 sunt,
568 2669 771 2720 sequitur
802 2669 921 2722 quod
962 2682 1090 2710 amor
1121 2668 1387 2722 conjugialis
1424 2669 1482 2710 sit
1521 2669 1769 2711 secundum

279 2739 454 2774 statum
492 2731 728 2779 ecclesiae,
756 2733 859 2785 quia
896 2738 967 2772 est
1009 2732 1257 2772 secundum
1295 2738 1467 2772 statum
1500 2732 1768 2785 sapientiae,

279 2795 397 2849 apud
429 2792 674 2835 hominem.
736 2794 818 2835 Per
849 2794 961 2835 haec
995 2795 1133 2835 etiam
1165 2794 1440 2847 intelligitur
1472 2795 1516 2835 id
1558 2795 1681 2848 quod
1722 2795 1769 2836 in

278 2857 657 2899 antecedentibus
681 2858 838 2898 crebro
861 2857 1028 2898 dictum
1052 2864 1137 2905 est,
1161 2857 1281 2911 quod
1306 2863 1526 2910 quantum
1554 2857 1692 2899 homo
1717 2857 1769 2899 fit

278 2921 536 2973 spiritualis,
554 2927 733 2961 tanturn
757 2921 800 2960 in
816 2934 968 2962 amore
984 2935 1089 2961 vere
1104 2919 1345 2973 conjugiali
1361 2920 1418 2961 sit
1444 2934 1453 2970 ;
1487 2920 1626 2961 homo
1647 2921 1768 2962 enim

278 2985 328 3027 fit
355 2985 598 3039 spiritualis
626 2999 704 3038 per
725 2985 972 3038 spiritualia
993 2984 1229 3026 ecclesiae.
1290 2983 1421 3025 Plura
1447 2985 1503 3025 de
1526 2986 1766 3038 sapientia,
