2014 3386
353 349 376 380 2
388 349 433 379 ¹2
812 348 1054 381 DELICIAE
1086 349 1389 382 SAPIENTIAE

350 454 482 496 omnis
499 458 643 496 homo:
668 470 782 496 amor
794 459 975 506 proximi,
990 460 1057 506 qui
1075 460 1196 496 etiam
1213 466 1276 497 est
1292 471 1406 496 amor
1423 459 1596 496 faciendi
1613 471 1720 502 usus,
1737 471 1850 497 amor

350 513 502 554 mundi,
520 513 588 559 qui
609 513 730 548 etiam
752 520 814 549 est
831 524 945 549 amor
968 513 1199 559 possidendi
1224 524 1334 560 opes,
1350 525 1398 549 ac
1417 524 1532 549 amor
1547 514 1620 555 sui,
1637 514 1706 560 qui
1726 514 1848 550 etiam

349 572 412 602 est
432 576 546 602 amor
565 565 787 612 imperandi
808 577 929 612 super
948 567 1060 602 alios.
1110 566 1239 602 Amor
1263 566 1433 612 proximi
1453 578 1523 602 seu
1549 566 1721 602 faciendi
1741 578 1848 607 usus,

348 626 412 655 est
428 627 541 655 amor
558 619 796 664 spiritualis;
822 630 935 654 amor
950 626 1084 654 autem
1106 619 1246 654 mundi
1266 630 1336 655 seu
1356 630 1471 654 amor
1488 619 1720 665 possidendi
1737 630 1848 666 opes,

350 679 412 708 est
436 683 550 707 amor
570 671 807 713 materialis;
833 678 875 707 at
895 683 1009 707 amor
1028 672 1101 711 sui,
1123 683 1193 707 seu
1219 682 1331 707 amor
1357 672 1577 718 imperandi
1598 683 1721 718 super
1736 673 1848 718 alios,

349 732 412 761 est
427 736 542 760 amor
558 735 784 771 corporeus.
832 724 968 760 Homo
985 732 1047 760 est
1066 725 1200 766 homo,
1217 725 1313 760 dum
1331 736 1445 760 amor
1463 725 1631 771 proximi
1649 736 1720 761 seu
1737 735 1850 761 amor

351 778 521 813 faciendi
548 789 643 813 usus
669 777 765 812 facit
790 784 922 823 caput,
939 788 986 812 ae
1006 788 1120 813 amor
1139 777 1279 812 mundi
1306 777 1401 813 facit
1422 789 1577 824 corpus,
1596 785 1637 813 et
1657 789 1771 814 amor
1785 778 1847 814 sui

350 831 446 866 facit
472 831 619 876 pedes:
647 837 689 866 at
719 830 751 866 si
781 841 896 865 amor
922 830 1060 865 mundi
1087 830 1184 865 facit
1212 837 1344 876 caput,
1366 830 1488 866 homo
1518 842 1599 866 non
1625 837 1686 866 est
1712 831 1848 871 homo,

350 884 466 919 aliter
491 894 610 929 quam
636 884 739 919 sicut
764 883 977 929 gibbosus:
1002 890 1044 918 at
1065 894 1155 918 cum
1181 894 1295 918 amor
1319 883 1380 919 sui
1407 883 1502 918 facit
1527 890 1658 929 caput,
1681 894 1761 919 non
1786 890 1848 919 est

351 937 473 972 homo
491 945 602 972 stans
620 948 739 982 super
757 937 935 982 pedibus,
954 936 1024 971 sed
1046 947 1164 982 super
1185 936 1326 982 palmis
1347 936 1478 982 capite
1499 937 1686 972 deorsum
1707 943 1748 972 et
1765 936 1847 972 clu-

351 991 467 1025 nibus
497 1001 652 1025 sursum
668 1001 675 1024 :
712 990 875 1035 quando
904 1000 1017 1024 amor
1049 988 1219 1035 proximi
1249 988 1344 1024 facit
1373 995 1503 1035 caput,
1529 996 1571 1024 et
1599 989 1740 1035 reliqui
1766 989 1848 1024 duo

349 1054 506 1078 amores
532 1041 685 1078 faciunt
711 1042 852 1078 ordine
877 1053 1022 1087 corpus
1048 1049 1089 1077 et
1115 1042 1246 1087 pedes,
1265 1048 1430 1087 apparet
1456 1042 1521 1077 ille
1547 1042 1669 1078 homo
1690 1053 1712 1077 e
1737 1042 1848 1077 caelo

350 1096 451 1132 facie
471 1096 660 1142 angelica,
683 1107 774 1131 cum
800 1095 967 1141 pulchra
993 1095 1092 1130 iride
1116 1095 1266 1130 circum
1287 1101 1433 1140 caput;
1458 1102 1500 1130 at
1520 1095 1552 1130 si
1574 1106 1687 1130 amor
1707 1095 1845 1130 mundi

350 1149 445 1185 facit
459 1155 589 1195 caput,
604 1155 771 1194 apparet
785 1148 851 1183 ille
869 1159 891 1183 e
909 1148 1020 1183 caelo
1033 1147 1134 1183 facie
1152 1147 1300 1193 pallida
1312 1147 1416 1183 sicut
1430 1148 1578 1183 mortui
1591 1159 1683 1183 cum
1697 1147 1847 1183 circulo

349 1203 454 1238 flavo
472 1203 621 1237 circum
640 1209 779 1247 eaput;
804 1202 836 1236 si
854 1212 950 1236 vero
967 1211 1080 1236 amor
1095 1200 1158 1236 sui
1176 1200 1271 1236 facit
1287 1207 1418 1246 caput,
1432 1207 1598 1247 apparet
1616 1201 1681 1236 ille
1698 1211 1721 1236 e
1737 1200 1853 1236 caelo

350 1255 451 1292 facie
469 1255 591 1295 furva,
611 1266 701 1290 cum
720 1254 869 1290 circulo
887 1254 979 1289 albo
996 1253 1145 1289 circum
1163 1253 1320 1299 caput.''

421 1308 486 1343 Ad
505 1307 604 1342 haec
622 1306 811 1352 quaesivi,
826 1305 966 1352 “Quid
986 1312 1286 1351 repraesentant
1302 1304 1438 1340 circuli
1456 1305 1603 1341 circum
1621 1305 1753 1351 capita
1762 1303 1803 1340 ?''

423 1360 749 1406 Respondebant,
775 1364 795 1377 ⁴¹
810 1359 1127 1404 Repraesentant
1162 1357 1486 1405 intelligentiam;
1522 1358 1692 1394 circulus
1724 1357 1847 1398 albus,

349 1414 497 1449 circum
519 1419 640 1459 caput
665 1412 779 1447 faciei
806 1411 953 1452 furvae,
975 1417 1248 1457 repraesentat
1267 1411 1376 1457 quod
1404 1410 1668 1458 intelligentia
1691 1411 1778 1457 ejus
1808 1410 1848 1446 in

350 1466 526 1502 externis
543 1466 606 1506 sit,
619 1477 688 1501 seu
703 1465 851 1500 circum
867 1465 988 1505 illum,
1003 1471 1045 1500 at
1060 1463 1214 1500 insania
1232 1464 1271 1498 in
1287 1464 1453 1500 internis
1466 1475 1535 1499 seu
1556 1464 1594 1498 in
1614 1464 1703 1500 illo:
1727 1463 1847 1499 etiam

350 1521 484 1560 homo,
503 1520 572 1566 qui
589 1520 682 1555 talis
699 1526 772 1559 est,
791 1518 895 1564 sapit
913 1518 1008 1554 dum
1029 1518 1068 1553 in
1086 1528 1254 1563 corpore
1271 1523 1345 1557 est,
1363 1525 1404 1553 at
1426 1517 1573 1552 insanit
1591 1517 1686 1552 dum
1710 1516 1749 1552 in
1770 1518 1850 1563 spi-

350 1575 448 1615 ritu:
474 1581 514 1609 et
529 1573 661 1608 nullus
676 1573 799 1608 homo
812 1571 915 1617 sapit
929 1571 1084 1617 spiritu,
1100 1571 1174 1607 nisi
1189 1582 1213 1606 a
1228 1571 1414 1612 Domino,
1429 1571 1535 1617 quod
1552 1570 1597 1605 fit
1610 1581 1699 1606 cum
1716 1571 1849 1606 denuo

349 1640 419 1664 seu
438 1639 459 1663 e
478 1638 585 1663 novo
602 1627 651 1662 ab
672 1626 765 1672 Ipso
782 1632 995 1672 generatur
1011 1631 1052 1660 et
1070 1624 1262 1660 creatur.''

423 1681 499 1716 His
517 1679 646 1719 dictis,
664 1679 918 1725 aperiebatur
933 1684 1039 1713 terra
1059 1678 1108 1712 ad
1131 1677 1348 1717 sinistrum,
1366 1683 1407 1712 et
1428 1687 1499 1722 per
1518 1682 1745 1722 aperturam
1763 1676 1847 1712 vidi

350 1740 579 1780 surgentem
614 1732 818 1768 diabolum
853 1742 943 1767 cum
979 1731 1131 1766 circulo
1163 1730 1256 1766 albo
1289 1729 1423 1765 lucido
1455 1730 1603 1765 circum
1629 1735 1771 1775 caput;
1807 1736 1848 1765 et

351 1786 560 1827 sciscitavi,
577 1785 708 1833 “Quis
725 1796 768 1820 es
779 1784 819 1820 ?''

424 1840 547 1880 Dixit,
562 1844 582 1879 ἢ·
594 1839 690 1874 Sum
712 1837 869 1873 Lucifer
882 1836 988 1871 filius
1006 1846 1183 1876 aurorae,
1197 1842 1238 1871 et
1252 1835 1346 1881 quia
1363 1834 1533 1870 similem
1554 1845 1616 1869 me
1635 1833 1710 1869 feci
1727 1833 1849 1870 Altis-

351 1894 466 1934 simo,
488 1892 667 1940 dejectus
688 1891 813 1927 sum.'’
863 1891 921 1926 At
942 1901 1022 1926 non
1045 1889 1121 1924 fuit
1142 1889 1208 1924 ille
1230 1888 1397 1928 Lucifer,
1415 1888 1486 1923 sed
1508 1887 1678 1923 credidit
1698 1898 1742 1923 se
1761 1898 1848 1923 esse

353 1947 476 1982 illum.
753 1971 755 1973 f

426 1999 476 2035 Et
493 1998 586 2039 dixi,
601 2003 622 2017 ⁴¹
633 1997 733 2034 Cum
749 1995 928 2042 dejectus
942 2006 996 2035 es,
1011 1994 1217 2041 quomodo
1231 2000 1346 2039 potes
1360 2003 1563 2039 resurgere
1577 2004 1626 2028 ex
1644 1992 1799 2028 inferno
1810 1992 1850 2028 ?''

423 2053 474 2088 Et
487 2052 705 2098 respondit,
721 2056 740 2069 ‘⁴
753 2051 849 2086 Sum
866 2049 917 2084 ibi
933 2048 1127 2088 diabolus,
1139 2054 1181 2083 at
1194 2047 1259 2082 hic
1269 2058 1357 2083 sum
1369 2047 1534 2092 angelus
1544 2046 1644 2082 lucis
1657 2058 1666 2088 ;
1686 2046 1850 2082 videsne

351 2113 472 2153 caput
490 2117 622 2141 meum
641 2105 809 2150 sphaera
826 2103 959 2138 lucida
976 2099 1303 2136 circumcinctum
1321 2099 1337 2136 ?
1363 2106 1404 2135 et
1421 2110 1582 2145 quoque
1603 2099 1635 2135 si
1653 2099 1725 2140 vis,
1738 2099 1849 2135 vide-

354 2161 424 2201 bis,
439 2160 547 2206 quod
566 2159 640 2194 sim
657 2156 939 2203 supramoralis
959 2155 1062 2190 inter
1075 2154 1256 2194 morales,
1271 2153 1596 2199 suprarationalis
1615 2153 1718 2188 inter
1731 2153 1852 2204 ratio·

354 2214 472 2253 nales,
493 2213 616 2248 immo
633 2209 969 2257 supraspiritualis
989 2208 1091 2243 inter
1108 2207 1354 2254 spirituales;
1375 2217 1538 2253 possum
1556 2206 1676 2242 etiam
1689 2205 1850 2242 concio-

353 2267 447 2307 nari,
467 2274 506 2302 et
524 2275 684 2312 quoque
701 2263 963 2299 concionatus
981 2260 1105 2297 sum.”

424 2318 626 2366 Quaesivi,
646 2322 666 2336 ‘¹
678 2316 784 2364 Quid
804 2315 1066 2351 concionatus
1084 2324 1126 2349 es
1138 2312 1178 2349 ?''

426 2372 548 2412 Dixit,
568 2376 588 2390 ·‘
600 2370 752 2407 Contra
769 2368 1080 2406 defraudatores,
1099 2372 1240 2402 contra
1257 2365 1471 2405 adulteros
1489 2370 1530 2399 et
1550 2370 1690 2399 contra
1710 2374 1850 2400 omnes

353 2436 508 2462 amores
530 2424 765 2459 infernalesx
802 2422 925 2457 immo
945 2427 1042 2455 tunc
1068 2429 1132 2454 me
1160 2418 1384 2454 Luciferum
1406 2417 1545 2453 vocavi
1568 2417 1783 2457 diabolum,
1804 2427 1851 2452 ac

353 2478 528 2525 pejeravi
550 2483 691 2512 contra
712 2486 776 2510 me
798 2475 919 2514 illum,
938 2484 985 2508 ac
1005 2478 1218 2518 propterea
1235 2471 1418 2506 laudibus
1436 2469 1598 2505 evectus
1619 2480 1707 2505 sum
1724 2480 1851 2515 usque

353 2533 403 2567 ad
423 2531 576 2566 caelum
592 2542 600 2571 ς
627 2529 719 2564 inde
738 2535 809 2569 est,
828 2527 935 2573 quod
954 2532 1121 2561 vocatus
1138 2524 1213 2560 sim
1232 2523 1335 2558 filius
1353 2533 1538 2564 aurorae;
1571 2529 1612 2558 et
1637 2522 1744 2568 quod
1766 2521 1850 2568 ipse

355 2585 520 2619 miratus
550 2594 650 2623 sum,
672 2593 763 2617 cum
789 2591 908 2626 super
933 2578 1090 2625 pulpito
1115 2587 1235 2617 eram,
1262 2587 1342 2611 non
1378 2575 1553 2622 cogitavi
1578 2575 1703 2616 aliter,
1730 2585 1848 2621 quam

353 2637 461 2684 quod
484 2635 590 2671 recte
611 2642 652 2670 et
673 2635 747 2670 rite
767 2634 972 2679 loquerer:
998 2631 1066 2666 sed
1089 2640 1249 2665 causam
1268 2628 1366 2663 mihi
1385 2628 1528 2669 detexi,
1548 2627 1641 2674 quia
1662 2627 1699 2662 in
1723 2633 1851 2663 exter-

355 2690 417 2725 nis
435 2689 502 2730 fui,
520 2695 561 2724 et
579 2689 677 2723 haec
694 2694 790 2722 tunc
808 2692 921 2722 erant
938 2689 1120 2730 separata
1139 2683 1189 2717 ab
1207 2681 1373 2717 internis
1392 2681 1490 2717 meis
1505 2692 1513 2722 ;
1539 2687 1580 2716 et
1596 2679 1756 2716 tametsi
1773 2679 1851 2715 hoc

356 2742 453 2778 mihi
472 2741 616 2781 detexi,
631 2751 756 2786 usque
771 2751 852 2774 non
871 2738 984 2785 potui
1003 2737 1213 2772 immutare
1231 2746 1306 2775 me,
1321 2734 1415 2781 quia
1432 2745 1525 2780 prae
1539 2733 1643 2769 fastu
1662 2743 1752 2768 meo
1769 2743 1850 2769 non

355 2794 532 2843 spectavi
550 2795 599 2830 ad
620 2793 787 2828 Deum.”

428 2848 531 2885 Dein
549 2847 739 2894 quaesivi,
758 2851 778 2865 “
791 2844 1008 2892 Quomodo
1026 2841 1192 2889 potuisti
1211 2841 1267 2877 ita
1283 2840 1404 2887 loqui,
1423 2851 1514 2875 cum
1532 2850 1575 2875 es
1593 2839 1677 2885 ipse
1695 2838 1851 2874 defrau-

356 2903 484 2943 dator,
503 2902 587 2947 ipse
603 2900 769 2939 adulter,
789 2907 830 2934 et
848 2899 932 2944 ipse
950 2896 1132 2932 diabolus
1145 2893 1184 2931 ?”

431 2954 666 3001 Respondit,
689 2952 818 2987 “Sum
840 2948 941 2986 alius
962 2960 1052 2985 curn
1080 2948 1120 2983 in
1146 2946 1321 2983 externis
1339 2957 1410 2981 seu
1438 2946 1476 2980 in
1503 2955 1669 2991 corpore
1690 2955 1789 2985 sum,
1810 2951 1851 2980 et

360 3008 460 3045 alius
477 3019 568 3044 cum
589 3007 627 3042 in
648 3005 816 3041 internis
834 3015 903 3040 seu
927 3003 966 3038 in
988 3001 1151 3048 spiritu:
1178 3000 1217 3035 in
1235 3010 1401 3045 corpore
1419 3009 1506 3034 sum
1525 2998 1700 3045 angelus,
1719 2998 1788 3033 sed
1811 2997 1849 3032 in
