2014 3386
0 968 17 989 ἷζε

4 994 12 1005 ,ι

0 1070 23 1098 .ιῖ

0 1121 6 1129 ω
14 1101 21 1130 ¹.

18 1154 21 1163 ⁴

6 1287 28 1345 ft

4 1598 17 1610 ⁴
5 1460 30 1581 ‚fflDss-‘⁴,⁴

7 1669 33 1733 7J—'s-
11 1595 31 1653 ⁴⁴¹⁵<

571 312 638 358 m:
670 325 849 359 AMORE
881 323 1359 359 SCORTATOR10.—N.
1386 327 1483 369 430.
1661 328 1742 369 329

246 454 327 495 per
357 438 555 481 malum:
602 445 650 481 et
682 453 862 494 quoque
892 438 1104 488 vicissim,
1139 438 1260 492 quod
1292 439 1367 492 qui
1405 439 1450 480 in
1491 438 1614 480 bono
1652 445 1739 488 est,

246 510 295 546 et
335 503 464 544 nubit
505 516 630 552 vero,
663 509 742 544 aut
780 503 855 557 qui
892 503 936 544 in
975 516 1084 544 vero
1123 508 1208 551 est,
1242 508 1287 543 et
1326 502 1451 544 ducit
1490 502 1659 544 bonum
1696 502 1741 544 in

245 567 524 609 consortium
549 565 743 608 thalami
769 579 939 615 secum,
962 572 1125 608 contra
1149 565 1424 607 adulterium
1450 571 1498 608 et
1524 579 1605 619 pro
1630 579 1740 607 con-

240 629 368 684 jugio
393 644 442 671 se
468 629 724 679 confirmet,
747 643 800 672 ac
827 630 1012 674 beatam
1037 629 1343 684 conjugialem
1369 630 1511 672 vitam
1538 629 1740 684 amplec-

245 699 384 737 tatur.

328 766 464 812 429.
498 755 580 811 (v.)
618 756 747 808 Quod
781 756 883 799 inde
921 771 1048 799 amor
1076 756 1366 799 scortatorius
1410 756 1475 798 sit
1511 756 1740 809 oppositus

243 820 391 861 amori
402 820 650 875 conjugialz',
670 821 783 861 sicut
798 821 1023 873 infernum
1034 827 1102 862 est
1117 821 1365 873 oppositum
1378 819 1741 862 caela—Omnes

243 884 318 938 qui
340 884 385 925 in
408 884 583 926 inferno
600 891 721 933 sunt,
739 885 784 925 in
807 886 1035 926 connubio
1057 884 1164 925 mali
1186 890 1233 926 et
1257 884 1355 925 salsi
1379 891 1499 932 sunt,
1516 891 1562 926 et
1580 897 1741 926 omnes

244 948 318 1002 qui
349 948 393 988 in
426 948 556 988 caelo
581 954 701 997 sunt,
729 948 773 988 in
806 947 1019 1001 conjugio
1044 947 1152 988 boni
1183 953 1230 989 et
1263 948 1356 988 veri
1383 954 1516 998 sunt3
1559 954 1606 990 et
1638 947 1741 1001 quia

243 1011 520 1052 connubium
547 1011 655 1052 mali
680 1017 728 1052 et
754 1010 868 1059 falsi,
893 1017 964 1053 est
990 1024 1169 1065 quoque
1195 1010 1486 1059 adulterium,
1518 1010 1588 1064 (ut
1620 1023 1740 1052 nunc

243 1088 392 1128 supra,
418 1087 459 1115 n.
480 1084 580 1126 427,
603 1075 700 1126 428,
721 1080 959 1116 ostensum
978 1073 1178 1127 est,).est
1200 1074 1423 1115 infernum
1441 1075 1580 1116 etiam
1599 1074 1709 1116 illud
1729 1088 1739 1125 ;

242 1137 349 1180 inde
379 1143 467 1186 est,
495 1138 616 1192 quod
648 1150 809 1178 omnes
840 1138 900 1179 ibi
931 1138 975 1179 in
1009 1137 1208 1186 libidine,
1237 1136 1438 1186 lascivia,
1466 1144 1513 1178 et
1545 1138 1739 1192 impudi-

242 1201 351 1243 citia
381 1202 547 1242 amoris
579 1201 841 1242 scortatorii
872 1207 993 1250 sunt,
1025 1214 1078 1242 ac
1119 1207 1249 1242 casta
1290 1207 1336 1243 et
1377 1202 1541 1255 pudica
1572 1203 1740 1243 amoris

242 1263 510 1317 conjugialis
535 1263 712 1317 fugiant
739 1270 787 1306 et
813 1264 1098 1306 exhorreant
1124 1263 1355 1317 (videatur
1377 1278 1527 1318 supra,
1552 1277 1594 1305 n.
1617 1263 1741 1318 428).

243 1327 319 1368 Ex
350 1327 419 1368 his
451 1328 592 1370 videri
624 1333 796 1381 potest,
825 1327 945 1382 quod
978 1327 1069 1369 bini
1108 1327 1174 1369 illi
1211 1340 1405 1376 amores,
1439 1327 1740 1369 scortatorius

243 1397 291 1433 et
317 1390 599 1444 conjugialis,
628 1391 711 1432 sibi
737 1392 940 1446 oppositi
966 1392 1073 1441 sint,
1101 1392 1220 1433 sicut
1245 1391 1467 1432 infernum
1494 1397 1565 1433 est
1591 1390 1737 1440 caelo,

242 1467 296 1500 ac
323 1454 500 1496 caelum
527 1454 716 1497 inferno.

325 1527 464 1572 430.
499 1516 598 1571 (vi.)
635 1517 764 1568 Quod
783 1518 1059 1560 immundum
1084 1518 1256 1571 inferni
1275 1518 1339 1559 sit
1365 1532 1421 1559 ex
1443 1532 1596 1559 amore
1619 1532 1738 1560 scor-

242 1581 419 1630 tatorio,
442 1587 485 1621 et
508 1581 628 1634 quod
644 1581 855 1622 mundum
875 1581 988 1622 caeli
1004 1581 1066 1622 sit
1088 1596 1144 1622 ex
1163 1596 1313 1623 amore
1329 1581 1738 1637 conjugiali.--To·

242 1651 340 1687 tum
380 1644 604 1686 infernum
644 1651 796 1686 scatet
841 1645 1154 1694 immunditiis,
1189 1651 1235 1686 et
1279 1644 1438 1686 harum
1471 1645 1739 1686 universalis

241 1708 371 1761 origo
387 1714 459 1749 est
477 1708 729 1761 impudicus
747 1714 795 1749 et
812 1708 1038 1750 obscenus
1056 1710 1183 1750 amOr
1199 1708 1524 1758 scortatorius;
1551 1708 1596 1748 in
1620 1708 1739 1749 tales

240 1778 482 1814 vertuntur
508 1771 708 1826 jucunda
734 1773 841 1824 ejus.
904 1770 1016 1825 Quis
1042 1778 1197 1825 potest
1224 1772 1425 1818 credere,
1454 1772 1574 1825 quod
1602 1784 1737 1812 omne

236 1834 484 1888 jucundum
516 1835 698 1883 amoris,
732 1835 777 1875 in
809 1835 980 1876 mundo
1011 1835 1235 1888 spirituali
1267 1835 1457 1876 sistatur
1487 1835 1571 1875 sub
1603 1836 1738 1875 variis

241 1898 479 1952 speciebus
510 1898 773 1945 videndum,
807 1898 890 1939 sub
930 1899 1066 1939 variis
1098 1899 1314 1939 odoribus
1346 1898 1654 1946 sentiendum,
1688 1905 1735 1939 et

240 1962 325 2005 sub
345 1963 477 2004 variis
499 1962 652 2004 formis
671 1961 920 2003 bestiarum
942 1968 989 2003 et
1011 1962 1162 2002 avium
1185 1961 1590 2015 conspiciendum?
1622 1960 1736 2016 Spe-

240 2026 348 2075 cies,
371 2026 454 2067 sub
480 2025 639 2079 quibus
666 2025 711 2066 in
737 2024 914 2066 inferno
929 2024 1130 2078 jucunda
1152 2024 1394 2066 lasciviosa
1416 2026 1584 2066 amoris
1610 2039 1736 2067 scor-

240 2090 397 2133 tatorii
429 2090 650 2130 sistuntur
675 2089 888 2138 videnda,
914 2095 1020 2130 sunt
1046 2095 1252 2130 stercora
1277 2095 1324 2130 et
1351 2102 1521 2140 caena;
1554 2089 1734 2138 odores,

241 2166 322 2207 per
341 2166 455 2207 quos
481 2152 560 2194 illa
582 2153 808 2194 sistuntur
828 2152 1086 2200 sentienda,
1110 2153 1169 2193 ibi
1195 2159 1301 2193 sunt
1319 2158 1505 2206 putores
1531 2159 1578 2194 et
1605 2153 1736 2194 nido-

239 2230 343 2267 res;
375 2222 422 2257 et
447 2216 616 2257 formae
639 2216 888 2258 bestiarum
913 2222 960 2257 et
986 2216 1151 2264 avium,
1175 2215 1258 2256 sub
1279 2215 1440 2269 quibus
1466 2215 1544 2257 illa
1565 2217 1625 2257 ibi
1651 2218 1735 2258 sis-

241 2285 401 2322 tuntur
431 2279 770 2333 conspicienda,
800 2285 906 2321 sunt
936 2293 1054 2327 sues,
1082 2285 1336 2332 serpentes,
1364 2292 1474 2320 aves
1505 2279 1655 2320 ochim
1688 2287 1735 2322 et

240 2343 366 2385 tziim
398 2349 609 2384 vocatae.
670 2340 786 2384 Vice
816 2356 947 2384 versa
977 2348 1131 2383 autem
1158 2341 1358 2394 jucunda
1398 2349 1528 2383 casta
1568 2344 1735 2384 amoris

241 2406 510 2460 conjugialis
536 2407 580 2447 in
607 2406 764 2447 caelo:
799 2406 990 2460 species,
1018 2405 1101 2446 sub
1127 2405 1288 2458 quibus
1315 2405 1393 2446 illa
1425 2406 1484 2446 ibi
1515 2406 1737 2449 sistuntur

231 2465 455 2518 (videnda,
489 2476 595 2511 sunt
626 2469 748 2511 horti
784 2476 831 2511 et
869 2469 1018 2522 campi
1049 2468 1253 2518 floriferi3
1300 2468 1479 2517 odores,
1513 2482 1592 2522 per
1622 2483 1737 2523 quos

241 2533 320 2575 illa
350 2534 410 2574 ibi
442 2534 664 2574 sistuntur
689 2533 945 2581 sentienda,
973 2538 1079 2573 sunt
1110 2531 1397 2573 redolentiae
1428 2546 1488 2573 ex
1519 2532 1742 2573 frutftibus.

242 2603 291 2639 et
314 2597 591 2650 fragrantiae
617 2610 677 2637 ex
703 2595 885 2636 floribus
906 2609 915 2646 ;
949 2601 997 2636 et
1022 2594 1194 2636 formae
1220 2595 1499 2644 animalium,
1528 2596 1612 2636 sub
1637 2596 1733 2649 qui-

241 2660 326 2703 bus
356 2661 435 2701 illa
466 2660 525 2700 ibi
557 2660 781 2701 sistuntur
806 2658 1143 2713 conspicienda,
1171 2664 1277 2699 sunt
1309 2659 1431 2711 agni,
1458 2658 1608 2707 haedi,
1641 2665 1737 2700 tur·

243 2729 368 2765 tures
385 2730 432 2765 et
455 2737 565 2764 aves
583 2722 908 2776 paradisiacae.
970 2721 1104 2775 Quod
1119 2720 1318 2773 jucunda
1332 2734 1537 2763 amorum
1560 2722 1604 2762 in
1623 2722 1737 2764 talia

243 2792 291 2829 et
316 2786 480 2828 similia
507 2791 762 2834 vertantur,
790 2791 862 2827 est
887 2785 991 2839 quia
1016 2782 1194 2832 cuneta,
1222 2798 1337 2838 quae
1368 2786 1412 2826 in
1445 2785 1617 2826 mundo
1641 2787 1733 2839 spi-

243 2849 392 2890 rituali
418 2849 642 2898 existunt,
671 2854 777 2889 sunt
803 2846 1269 2900 correspondentiae;
1310 2847 1355 2888 in
1386 2847 1469 2888 has
1493 2854 1738 2890 vertuntur

243 2912 423 2954 interna
449 2912 672 2954 mentium
698 2911 893 2959 illorum,
920 2911 1028 2952 dum
1055 2916 1297 2952 transeunt
1323 2916 1369 2952 et
1399 2910 1510 2952 fiunt
1538 2918 1735 2954 externa

245 2988 398 3018 coram
416 2976 636 3018 sensibus.
697 2974 765 3017 At
783 2975 1015 3017 sciendum
1033 2980 1119 3024 est,
1135 2974 1256 3028 quod
1273 2974 1364 3016 sint
1382 2974 1737 3017 innumerabiles
