2014 3386
341 341 423 395 386
781 350 1109 385 voLUPTATEs
1140 352 1388 386 INSANIAE

339 470 386 506 et
412 477 605 506 uxorum
637 464 680 506 in
712 465 858 515 terris,
886 479 1001 520 quae
1027 466 1181 520 primis
1207 459 1434 510 ominibus
1454 467 1719 523 junguntur,
1747 484 1838 513 non

339 528 470 570 latet.
530 527 661 582 Quae
683 529 813 582 virgo
835 536 991 582 potest
1017 530 1130 571 scire
1157 543 1324 572 novum
1346 532 1473 573 illum
1495 540 1683 584 statum,
1707 541 1839 577 ante·

339 604 474 645 quam
495 591 541 632 in
562 591 642 633 illo
659 592 760 633 est?
791 594 996 646 quaerite
1013 599 1061 634 et
1083 594 1290 636 audietis.
1351 595 1610 637 Discrimen
1628 603 1701 639 est
1717 598 1840 652 apud

339 652 490 705 fflillas,
515 668 629 709 quae
650 661 758 696 ante
785 655 1045 710 conjugium
1076 670 1137 698 ex
1167 658 1422 700 eruditione
1443 659 1708 702 illecebram
1729 673 1837 715 cap-

339 723 457 759 tant.

421 790 559 835 503.
593 778 675 835 (ii.)
712 780 842 832 Quod
852 781 1098 835 virginitas
1111 782 1173 824 sz't
1185 796 1342 825 corona
1353 784 1592 836 castitatis,
1605 799 1656 827 ac
1669 791 1840 828 tessera

339 843 507 884 amoris
537 845 1127 899 conJ'ugialzk.—Virginitas
1158 853 1348 889 vocatur
1389 862 1559 890 corona
1589 849 1834 897 castitatis,

339 907 444 960 quia
483 908 750 949 castitatem
777 908 975 962 conjugii
1007 916 1213 959 coronat,
1247 917 1294 952 et
1335 925 1513 965 quoque
1547 918 1619 954 est
1657 913 1836 966 insigne

340 970 601 1022 castitatis;
648 984 785 1024 quare
826 985 996 1025 sponsa
1039 973 1084 1012 in
1121 974 1290 1025 nuptiis
1331 987 1465 1027 super
1496 976 1649 1028 capite
1681 983 1838 1029 portat

340 1046 588 1075 coronam:
637 1040 708 1075 est
751 1035 891 1076 etiam
932 1035 1110 1089 insigne
1151 1035 1411 1078 sanStitatis
1456 1038 1680 1092 conjugii;
1732 1053 1838 1081 nam

339 1110 509 1150 sponsa
550 1104 654 1151 post
693 1098 850 1140 florem
882 1099 1133 1152 virgineum
1173 1114 1222 1141 se
1264 1107 1412 1142 totam
1444 1102 1525 1143 dat
1565 1109 1612 1144 et
1652 1103 1838 1146 addicat

339 1173 510 1213 sponso
535 1167 643 1202 tunc
671 1162 850 1211 marito,
880 1175 931 1203 ac
955 1163 1144 1204 maritus
1170 1164 1367 1205 vicissim
1394 1178 1442 1206 se
1469 1172 1619 1207 totum
1645 1179 1840 1219 sponsae

339 1230 447 1265 tunc
475 1225 620 1265 uxori.
682 1219 938 1278 Virginitas
964 1226 1104 1267 etiam
1129 1233 1321 1269 vocatur
1342 1234 1518 1270 tessera
1539 1231 1704 1270 amoris
1730 1243 1839 1272 con-

333 1286 529 1340 jugialis,
555 1288 658 1342 quia
679 1295 750 1330 est
775 1289 985 1338 foederis,
1005 1303 1056 1330 ac
1082 1289 1239 1331 foedus
1261 1297 1332 1333 est
1359 1298 1407 1333 ut
1433 1305 1562 1334 amor
1583 1293 1710 1334 uniat
1736 1293 1840 1335 illos

338 1351 384 1391 in
416 1364 552 1391 unum
584 1350 830 1400 hominem,
864 1366 942 1392 seu
983 1353 1027 1393 in
1065 1366 1201 1394 unam
1234 1367 1430 1396 carnem.
1492 1356 1585 1409 Ipsi
1615 1356 1698 1397 viri
1728 1363 1838 1398 ante

341 1415 523 1466 nuptias
555 1416 695 1456 etiam
727 1414 940 1468 speffitant
970 1416 1283 1469 virginitatem
1315 1432 1510 1477 sponsae
1541 1425 1590 1461 ut
1623 1432 1840 1462 coronam

339 1478 570 1519 castitatis
602 1477 710 1531 ejus,
743 1492 795 1520 ac
830 1486 878 1520 ut
910 1486 1131 1520 tesseram
1164 1482 1329 1522 amoris
1362 1481 1658 1536 conjugialis;
1699 1496 1753 1525 ac
1789 1492 1839 1524 ut

339 1541 486 1594 ipsum
513 1541 767 1594 cupedium‚
792 1555 852 1582 ex
880 1556 969 1596 quo
995 1542 1186 1584 deliciae
1207 1543 1326 1585 illius
1351 1547 1518 1587 amoris
1543 1546 1838 1588 inchoaturae

339 1610 387 1645 et
409 1610 742 1656 perennaturae
764 1612 883 1646 sunt.
945 1605 1020 1647 Ex
1046 1606 1116 1647 his
1138 1613 1185 1648 et
1211 1621 1271 1648 ex
1294 1608 1382 1649 illis
1404 1623 1518 1663 quae
1541 1609 1836 1663 praecedunt,

340 1673 540 1716 constat,
570 1668 692 1721 quod
725 1675 971 1722 postquam
1003 1683 1119 1710 zona
1148 1670 1366 1724 adempta
1397 1678 1481 1721 est,
1515 1686 1567 1714 ac
1600 1672 1839 1726 virginitas

339 1730 497 1779 libata,
524 1731 654 1784 virgo
679 1730 757 1774 fiat
784 1746 915 1781 uxor,
943 1738 990 1773 et
1022 1734 1059 1774 si
1090 1746 1182 1774 non
1209 1748 1340 1783 uxor,
1369 1734 1448 1776 fiat
1474 1735 1722 1778 meretrix:
1754 1748 1837 1776 no-

339 1807 421 1834 vus
444 1794 563 1834 enim
587 1799 749 1843 status,
773 1795 818 1835 in
845 1808 979 1848 quem
1002 1802 1110 1837 tunc
1134 1796 1375 1847 inducitur,
1401 1804 1472 1839 est
1499 1805 1648 1839 status
1671 1797 1837 1839 amoris

339 1869 420 1909 pro
446 1871 528 1898 suo
554 1857 676 1908 viro;
709 1863 756 1898 et
781 1858 817 1898 si
840 1871 931 1899 non
958 1872 1039 1911 pro
1066 1860 1176 1908 viro,
1204 1867 1275 1901 est
1302 1867 1451 1902 status
1477 1861 1688 1902 libidinis.

423 1929 561 1974 504.
595 1919 694 1974 (iii.)
731 1920 860 1971 Quod
876 1921 1104 1976 defloratio
1125 1923 1290 1976 absque
1296 1923 1394 1978 fine
1413 1924 1606 1979 conjugy'i
1622 1923 1684 1965 sit
1692 1922 1836 1978 flag-i-

338 1982 448 2023 tium
459 1983 863 2034 praedonzk.—Est
881 1986 1150 2038 quibusdam
1168 1987 1387 2028 adulteris
1406 1988 1570 2040 cupido
1585 1987 1836 2028 deflorandi

338 2047 551 2099 virgines,
571 2052 618 2087 et
639 2047 745 2087 inde
767 2061 946 2101 quoque
969 2049 1143 2101 puellas
1165 2051 1209 2090 in
1232 2056 1387 2092 aetate
1410 2050 1588 2091 illarum
1610 2050 1833 2092 innocua:

339 2109 630 2162 pelliciuntur
650 2110 708 2151 ad
731 2110 857 2159 talia,
881 2110 954 2151 vel
978 2125 1058 2164 per
1077 2126 1234 2153 suasus
1260 2127 1287 2154 a
1313 2112 1442 2162 lenis,
1462 2114 1535 2154 vel
1561 2127 1641 2167 per
1662 2113 1785 2155 dona
1810 2127 1838 2155 a

337 2174 456 2222 viris,
476 2173 549 2214 vel
567 2186 646 2226 per
663 2174 930 2226 sponsiones
949 2175 1146 2229 conjugii
1163 2190 1172 2227 ;
1205 2182 1252 2217 et
1270 2177 1350 2217 viri
1368 2176 1432 2217 illi
1455 2183 1558 2230 post
1576 2177 1835 2219 defloratio·

339 2250 443 2278 nem
465 2236 723 2291 relinquunt
745 2237 860 2287 illas,
880 2251 932 2279 ac
951 2238 1062 2279 alias
1081 2245 1127 2279 et
1150 2239 1261 2279 alias
1284 2241 1560 2293 perquirunt.
1621 2240 1834 2289 Accedit,

338 2300 460 2355 quod
486 2314 578 2341 non
604 2298 892 2342 oblec‘tentur
917 2302 1190 2354 praeteritis,
1219 2303 1300 2343 sed
1326 2317 1385 2344 ex
1407 2303 1576 2357 jugiter
1600 2305 1756 2355 novis;
1788 2310 1836 2346 et

338 2364 459 2418 quod
476 2363 588 2405 haec
607 2363 747 2404 libido
761 2370 938 2405 crescat
956 2378 1094 2418 usque
1117 2365 1161 2405 in
1181 2372 1318 2419 caput
1335 2365 1672 2419 jucunditatum
1687 2368 1835 2409 carnis

338 2427 532 2468 illorum.
584 2426 781 2468 Addunt
795 2427 935 2468 etiarn
951 2427 1038 2468 illis
1057 2428 1144 2469 hoc
1162 2427 1346 2477 facinus,
1364 2430 1484 2483 quod
1503 2431 1637 2471 variis
1654 2430 1835 2472 astutiis

338 2490 536 2542 virgines
560 2496 780 2542 nupturas
801 2496 879 2531 aut
902 2490 1024 2531 illico
1047 2497 1152 2544 post
1175 2492 1357 2544 nuptias
1381 2493 1617 2545 pelliciant
1642 2492 1699 2534 ad
1725 2492 1834 2534 offe-

338 2554 529 2595 rendum
555 2553 639 2594 sibi
665 2554 887 2606 primitias
912 2553 1121 2607 conjugii,
1150 2555 1271 2608 quod
1300 2556 1439 2597 etiam
1476 2557 1539 2598 sic
1566 2557 1698 2598 foede
1724 2569 1834 2598 con-

339 2622 569 2670 spurcant.
631 2615 801 2657 Audivi
823 2617 963 2658 etiam
985 2617 1106 2671 quod
1133 2630 1235 2658 cum
1262 2625 1466 2660 oestrum
1490 2619 1602 2660 illud
1628 2631 1730 2660 cum
1755 2633 1836 2660 sua

340 2680 550 2733 potentia
575 2679 755 2728 defecit,
783 2679 1035 2732 glorientur
1059 2694 1118 2721 ex
1146 2693 1332 2723 numero
1358 2683 1689 2736 virginitatum‚
1717 2682 1835 2724 sicut

339 2757 400 2784 ex
423 2743 618 2784 totidem
640 2742 884 2784 velleribus
907 2744 1051 2784 aureis
1071 2743 1263 2796 Jasonis.
1327 2745 1430 2787 Hoc
1453 2746 1690 2799 flagitium,
1714 2745 1835 2799 quod

340 2812 412 2847 est
435 2812 654 2859 stuprum,
674 2806 778 2859 quia
799 2806 843 2847 in
866 2813 1020 2848 aetate
1042 2807 1214 2847 roboris
1237 2807 1470 2861 inceptum
1494 2816 1579 2858 est,
1604 2815 1651 2850 et
1674 2814 1837 2862 postea

341 2883 419 2924 per
437 2869 732 2923 gloriationes
750 2869 991 2919 firmatum,
1008 2876 1161 2911 manet
1179 2870 1484 2920 irradicatum,
1504 2878 1550 2913 et
1569 2872 1631 2912 sic
1650 2871 1835 2912 insitum

342 2939 447 2986 post
474 2938 682 2974 mortem.
743 2931 890 2985 Quale
915 2932 1002 2974 hoc
1028 2932 1249 2986 flagitium
1275 2941 1359 2983 est,
1384 2941 1567 2976 constat
1594 2948 1652 2975 ex
1679 2946 1834 2987 supra-

343 2994 488 3046 dictis,
517 2995 638 3050 quod
668 2995 907 3049 virginitas
938 2996 998 3038 sit
1030 3009 1198 3038 corona
1224 2997 1467 3051 castitatis,
1496 3003 1671 3039 tessera
1701 2996 1836 3038 futuri
