2014 3386
307 353 364 397 26
712 368 721 375 ⁶
769 365 1013 398 DELICIAE
1044 365 1352 399 SAPIENTIAE

305 474 419 517 alibi;
444 475 477 512 si
491 475 596 518 alibi,
611 476 711 512 nihil
728 477 842 513 audit
856 484 896 513 et
914 477 1014 513 nihil
1029 477 1209 524 percipit,
1223 484 1265 515 et
1278 489 1438 526 quoque
1451 478 1587 515 turbat
1600 478 1782 516 ordinem
1796 490 1806 522 ς

306 539 331 564 a
346 539 427 575 quo
444 529 605 565 turbato
623 530 809 566 sacerdos
828 541 909 566 non
927 530 1180 577 inspiratur.”

376 588 458 629 24.
493 581 713 629 Postquam
740 584 972 630 congregati
998 590 1102 625 sunt,
1121 583 1301 619 ascendit
1326 584 1511 620 sacerdos
1537 584 1747 631 pulpitum,
1765 591 1808 621 et

306 634 621 670 concionabatur
645 646 871 671 sermonem
898 636 1060 682 plenum
1086 636 1230 682 spiritu
1255 637 1485 682 sapientiae.
1542 636 1694 673 Concio
1719 644 1806 673 erat

307 687 357 722 de
369 686 580 723 sanctitate
595 687 822 734 Scripturae
838 687 991 730 Sacrae,
1004 695 1044 724 et
1058 689 1107 724 de
1119 688 1404 735 conjunctione
1419 689 1581 725 Domini
1594 700 1684 725 cum
1698 697 1807 725 utro·
1839 725 1843 734 -.

306 750 384 785 que
403 741 564 781 mundo,
583 740 780 787 spirituali
799 747 840 776 et
858 742 1039 782 naturali,
1055 753 1125 788 per
1143 742 1262 777 illam.
1314 741 1360 777 In
1380 742 1656 783 illustratione,
1670 742 1711 777 in
1729 753 1808 789 qua
1843 751 1846 754 ’

306 799 401 833 erat,
421 793 538 839 plene
562 793 749 834 convicit,
768 794 876 840 quod
897 793 1058 830 sanftus
1084 794 1149 830 ille
1177 794 1294 830 Liber
1313 793 1486 830 dietatus
1508 795 1560 830 sit
1580 806 1604 830 a
1622 794 1807 842 Jehovah

309 844 496 886 Domino,
511 852 551 881 et
569 846 677 892 quod
697 846 789 882 inde
809 846 899 892 Ipse
916 847 969 882 sit
986 846 1026 882 in
1045 847 1125 887 illo,
1144 848 1246 883 adeo
1263 854 1308 883 ut
1328 847 1417 893 Ipse
1434 847 1487 882 sit
1505 847 1711 894 Sapientia
1728 847 1781 882 ibi
1797 864 1806 894 ς

306 898 377 933 sed
396 899 504 944 quod
524 898 738 944 Sapientia,
758 910 859 945 quae
879 907 939 935 est
959 899 1048 946 Ipse
1068 900 1175 940 inibi,
1193 901 1266 935 sub
1284 911 1401 935 sensu
1421 900 1577 936 litterae
1593 900 1723 946 jaceat
1745 911 1806 936 re-
1823 893 1826 902 '
1843 929 1845 931 .

307 951 481 992 condita,
500 958 541 987 et
568 963 649 987 non
674 954 875 998 aperiatur
900 953 975 988 nisi
1003 953 1081 988 illis
1101 953 1170 999 qui
1199 952 1238 988 in
1265 953 1368 988 veris
1393 952 1597 989 doctrinae
1618 959 1660 988 et
1684 953 1805 988 simul

308 1003 348 1038 in
366 1004 481 1040 bonis
498 1004 605 1040 vitae
623 1011 728 1046 sunt,
747 1011 788 1040 et
805 1005 863 1041 sic
881 1005 921 1040 in
941 1005 1117 1041 Domino
1134 1012 1175 1041 et
1194 1005 1390 1041 Dominus
1409 1005 1449 1040 in
1468 1005 1555 1041 illis.
1605 1004 1801 1042 Concioni

306 1056 514 1102 subjunxit
529 1058 707 1093 votivam
725 1058 959 1099 orationem,
978 1065 1018 1094 et
1037 1058 1255 1094 descendit.

381 1109 628 1146 Exeuntibus
655 1110 905 1146 auditoribus
934 1111 1099 1157 angelus
1132 1110 1288 1158 rogavit
1320 1110 1569 1146 sacerdotem
1599 1116 1646 1146 ut
1673 1110 1807 1157 aliqua

306 1163 428 1198 verba
441 1163 550 1209 pacis
564 1174 654 1198 cum
667 1164 806 1199 decem
818 1163 900 1199 suis
910 1163 1124 1199 comitibus
1138 1164 1390 1210 loqueretur:
1407 1169 1448 1199 et
1458 1163 1626 1198 accessit
1636 1163 1687 1199 ad
1702 1162 1804 1204 illos,

307 1222 348 1251 et
359 1215 692 1262 colloquebantur
704 1227 774 1262 per
783 1217 989 1252 semissem
1004 1217 1137 1257 horae,
1149 1223 1190 1252 et
1204 1216 1442 1263 loquebatur
1452 1216 1502 1251 de
1517 1215 1664 1251 Divina
1676 1215 1807 1251 Trini-

307 1274 403 1309 tate,
421 1269 530 1315 quod
550 1269 617 1304 illa
635 1269 674 1303 in
691 1268 786 1316 Jesu
806 1268 969 1305 Christo
987 1269 1049 1310 sit,
1065 1269 1104 1304 in
1124 1268 1216 1316 Quo
1234 1269 1444 1316 plenitudo
1461 1268 1592 1304 omnis
1611 1268 1808 1304 Divinita-

307 1321 361 1357 tis
375 1321 637 1367 corporaliter
649 1321 816 1363 habitat,
831 1317 1051 1358 secundum
1067 1321 1241 1358 edictum
1256 1322 1444 1367 Apostoli
1461 1321 1592 1363 Pauli;
1613 1327 1654 1356 et
1668 1327 1809 1367 postea

309 1374 527 1421 debunione
545 1374 752 1410 charitatis
769 1381 810 1411 et
835 1375 940 1416 fidei,
958 1375 1028 1411 sed
1047 1375 1158 1416 dixit,
1178 1375 1228 1411 de
1249 1375 1398 1410 unione
1419 1374 1625 1410 charitatis
1645 1380 1688 1409 et
1703 1373 1808 1410 veri·

309 1427 414 1467 tatis,
433 1427 527 1473 quia
544 1427 643 1463 fides
662 1434 723 1463 est
739 1428 900 1463 veritas.

379 1488 460 1527 25.
497 1480 596 1516 Post
621 1481 837 1527 gratiarum
864 1479 1093 1522 dictionem,
1114 1480 1326 1516 abiverunt
1345 1480 1537 1521 domum:
1562 1485 1603 1515 et
1624 1478 1678 1515 ibi
1704 1478 1807 1514 dixit

310 1532 387 1569 illis
405 1533 605 1580 angelusst
610 1533 703 1569 ‘Est
721 1533 843 1569 hodie
860 1533 1002 1569 tertius
1016 1533 1101 1569 dies
1118 1534 1168 1568 ab
1182 1544 1348 1569 ascensu
1361 1539 1499 1569 vestro
1515 1532 1554 1567 in
1573 1532 1693 1579 hujus
1710 1531 1808 1568 caeli

308 1585 552 1627 societatem,
571 1593 612 1622 et
630 1586 669 1621 in
687 1593 768 1622 tres
787 1586 871 1622 dies
890 1586 1109 1642 praeparati
1132 1586 1227 1622 estis
1248 1597 1271 1622 a
1294 1585 1469 1621 Domino
1490 1586 1540 1620 ad
1563 1584 1805 1620 manendum

308 1638 395 1680 hic;
421 1650 542 1699 quare
559 1646 718 1685 tempus
738 1646 800 1675 est
817 1646 862 1675 ut
882 1650 1131 1685 separemur.
1157 1639 1292 1674 exuite
1314 1639 1448 1685 itaque
1466 1645 1597 1681 vestes
1619 1637 1759 1673 missas
1782 1647 1807 1672 a

309 1692 497 1738 principe,
523 1703 569 1727 ac
595 1692 748 1728 induite
773 1699 938 1728 vestras.
941 1692 962 1705 ”
1013 1692 1064 1728 Et
1088 1703 1178 1728 cum
1206 1692 1246 1726 in
1272 1691 1334 1727 his
1360 1698 1483 1732 erant,
1511 1690 1807 1737 inspirabantur

309 1744 510 1780 desiderio
535 1745 757 1785 secedendi,
777 1751 818 1781 et
842 1751 1102 1785 secesserunt,
1124 1751 1165 1780 et
1191 1745 1492 1784 descenderunt,
1514 1743 1657 1789 angelo
1681 1742 1806 1778 comi-

310 1804 423 1833 tante
438 1798 527 1833 illos
543 1809 668 1844 usque
682 1799 731 1833 ad
746 1798 878 1834 locum
894 1805 1135 1839 conventus;
1156 1804 1196 1833 et
1212 1797 1265 1832 ibi
1281 1797 1456 1832 Domino
1468 1796 1616 1843 gratias
1629 1801 1807 1841 egerunt,

310 1851 418 1897 quod
436 1851 623 1896 dignatus
637 1851 689 1887 sit
708 1851 797 1887 illos
814 1852 930 1886 beare
948 1851 1115 1886 scientia
1127 1857 1168 1886 et
1187 1850 1279 1886 inde
1293 1849 1557 1896 intelligentia
1570 1848 1620 1884 de
1634 1847 1801 1884 Gaudiis

311 1903 559 1941 Caelestibus
577 1911 618 1939 et
636 1904 686 1940 de
707 1904 914 1940 Felicitate
934 1904 1122 1939 Aeterna.

387 2030 481 2072 26·
498 2027 698 2069 *Iterum
712 2028 756 2069 in
771 2028 966 2070 veritate
985 2041 1209 2077 assevero,
1225 2019 1346 2081 quod
1360 2025 1487 2075 haec,
1501 2025 1616 2066 sicut
1634 2037 1808 2066 memo-

311 2098 412 2134 rata
438 2098 557 2140 sunt,
585 2090 704 2132 facta
734 2098 781 2132 et
812 2090 934 2132 dic'ta
964 2092 1070 2141 sint,
1099 2091 1247 2144 priora
1276 2091 1321 2131 in
1353 2089 1523 2130 mundo
1548 2088 1804 2141 spirituum,

312 2156 387 2210 qui
410 2155 583 2196 medius
601 2161 671 2195 est
698 2155 816 2196 inter
842 2154 1018 2196 caelum
1041 2161 1087 2196 et
1110 2154 1343 2202 infernum,
1364 2159 1410 2194 et
1433 2151 1671 2206 sequentia
1693 2150 1807 2191 haec

312 2219 358 2260 in
381 2219 603 2259 societate
626 2217 753 2266 caeli,
773 2232 798 2259 e
819 2231 907 2271 qua
927 2217 1008 2259 fuit
1026 2216 1216 2271 angelus
1234 2216 1370 2257 tubae
1393 2221 1439 2256 et
1462 2213 1635 2255 ductor.
1697 2211 1809 2265 Quis

313 2282 358 2323 in
386 2280 646 2323 Christiano
669 2280 776 2321 orbe
799 2280 967 2334 aliquid
990 2281 1197 2322 scivisset
1224 2279 1280 2320 de
1307 2277 1449 2326 caelo,
1473 2290 1524 2318 ac
1552 2277 1608 2317 de
1631 2275 1809 2329 gaudiis

315 2350 362 2386 et
407 2344 464 2385 de
496 2344 716 2385 felicitate
747 2343 820 2392 ibi,
855 2356 1045 2397 quorum
1076 2343 1268 2384 scientia
1297 2347 1367 2383 est
1404 2354 1580 2395 quoque
1617 2338 1809 2380 scientia

315 2407 488 2456 salutis,
517 2407 600 2447 nisi
632 2406 852 2459 placuerit
876 2406 1074 2447 Domino
1099 2406 1272 2460 aperire
1298 2404 1429 2446 alicui
1454 2404 1598 2444 visum
1624 2402 1808 2454 spiritus

315 2470 423 2524 ejus,
457 2483 509 2511 ac
543 2476 800 2511 monstrare
832 2476 879 2510 et
911 2469 1109 2510 docere?
1170 2467 1304 2522 Quod
1337 2466 1497 2508 similia
1527 2466 1734 2506 existant
1763 2465 1808 2504 in

317 2533 487 2574 mundo
512 2532 744 2586 spirituali,
770 2539 898 2586 patet
921 2533 1158 2573 manifeste
1183 2545 1243 2572 ex
1265 2531 1369 2571 visis
1396 2535 1441 2570 et
1468 2529 1631 2570 auditis
1654 2527 1808 2581 Apos-

317 2595 416 2639 tolo
439 2596 648 2650 Johanni,
676 2609 789 2649 quae
816 2595 1047 2649 descripta
1074 2601 1179 2636 sunt
1208 2594 1255 2635 in
1280 2593 1318 2634 A
1320 2591 1580 2646 pocalypsi
1611 2597 1660 2632 ut

385 2684 491 2728 Quod
507 2685 636 2716 viderit
661 2684 788 2716 Filium
812 2683 996 2716 hominis
988 2693 1024 2715 in
1049 2683 1168 2715 medio
1188 2688 1325 2724 septem
1349 2682 1644 2714 candelabrorum
1664 2679 1769 2725 [(cap.
1787 2683 1810 2716 i.

376 2726 684 2809 Tabe13112ac1d3liim,
703 2770 889 2821 templum,
914 2780 1044 2809 arcam,
1057 2770 1169 2802 altare
1193 2770 1230 2802 in
1249 2769 1349 2801 caelo
1369 2767 1475 2812 [(cap.
1494 2779 1551 2801 xv.
1571 2776 1599 2809 5,
1618 2769 1658 2808 83
1681 2769 1728 2802 xi.
1748 2778 1811 2811 193

387 2826 541 2893 Librui'xi
555 2815 824 2899 {bsxgiiazuniix
827 2812 965 2898 s{})t]em
989 2857 1126 2898 sigillis,
1151 2857 1251 2888 illum
1282 2862 1455 2898 apertum,
1474 2862 1510 2888 et
1534 2856 1616 2888 inde
1639 2863 1812 2889 exeuntes

497 2913 609 2945 equos
630 2901 736 2945 [(cap.
753 2912 785 2934 v.
806 2910 847 2941 13
871 2902 918 2934 vi.
938 2909 966 2941 1,
985 2909 1014 2940 2,
1031 2909 1062 2940 4,
1082 2909 1111 2940 5,
1129 2898 1202 2943 8)];

361 3014 383 3037 *
406 3015 514 3046 ΝοτΑ
534 3013 815 3045 normam—Ab
829 3012 973 3043 Auctore
986 3012 1039 3042 hic
1052 3012 1270 3051 paragraphus
1282 3011 1379 3051 signis
1393 3011 1550 3042 citationis
1563 3011 1703 3042 inclusus
1717 3016 1774 3042 est.
