2014 3386
605 331 673 364 DE
704 330 886 364 AMORE
917 312 1342 374 CONJUGIAL1.—N‘.
1369 334 1437 374 44.
1718 333 1772 376 39

274 444 409 481 audivi
434 455 578 480 sonum
603 443 751 480 amoris
776 443 1025 490 conjugialis,
1043 444 1152 490 quod
1180 443 1286 479 intus
1312 450 1418 480 esset
1442 443 1715 485 simultaneus,
1734 450 1775 480 et

274 509 435 545 quoque
453 498 673 543 procedens
690 508 739 533 ex
757 497 910 533 deliciis
927 503 1056 533 status
1074 497 1182 543 pacis
1199 503 1240 533 et
1261 497 1526 533 innocentiae.
1597 535 1600 538 ,

345 551 526 586 Tandem
545 550 741 592 dicebant,
761 555 782 569 “
798 551 1062 591 Revocamur,
1077 550 1310 586 abibimus.”
1354 550 1406 586 Et
1426 557 1524 585 tunc
1542 550 1687 585 iterum
1705 561 1773 596 ap-

273 611 490 650 paruerunt
502 603 607 640 vecli
626 604 666 638 in
683 615 812 645 curru,
830 604 934 640 sicut
951 604 1084 650 prius;
1109 611 1150 639 et
1166 603 1269 639 vecti
1289 610 1383 639 sunt
1401 614 1471 649 per
1483 603 1589 639 viam
1607 610 1772 639 stratam

274 657 378 692 inter
402 657 554 697 floreta,
577 667 598 692 e
619 668 789 703 quorum
815 657 917 692 areis
943 658 1210 704 exsurgebant
1235 657 1358 697 oleae,
1380 663 1421 692 et
1445 657 1606 692 arbores
1632 657 1773 702 plenae

273 710 402 756 pomis
428 710 642 745 aurantiis:
667 717 708 745 et
734 721 826 745 cum
854 721 978 756 prope
1003 721 1119 746 suum
1145 710 1299 745 caelum
1325 716 1449 751 erant,
1468 710 1628 745 obviam
1653 720 1773 745 vene-

272 769 366 798 runt
383 763 570 809 virgines,
589 766 631 798 et
649 763 895 809 recipiebant
914 763 1013 804 illos,
1031 770 1072 799 et
1090 763 1409 798 introducebant.

342 824 426 862 43.
463 816 561 851 Post
587 816 685 851 haec
709 816 819 852 visus
844 823 906 852 est
932 816 1030 851 mihi
1055 817 1220 862 angelus
1246 827 1295 852 ex
1320 816 1431 851 caelo
1457 815 1536 856 illo,
1562 821 1704 851 tenens
1730 815 1771 850 in

272 879 392 904 manu
410 870 692 910 membranam,
705 880 824 915 quam
838 869 1059 910 evolvebat,
1074 869 1222 909 dicens.
1238 869 1365 904 “Vidi
1380 869 1488 915 quod
1503 868 1707 903 mediteris
1721 868 1772 904 de

270 932 406 957 amore
425 922 663 968 conjugiali:
689 922 729 957 in
751 922 826 957 hac
847 923 1077 958 membrana
1097 929 1191 957 sunt
1212 922 1262 957 de
1288 922 1357 958 illo
1377 932 1522 957 arcana
1542 921 1772 967 sapientiae,

271 985 353 1010 non
371 975 503 1010 adhuc
517 974 677 1010 detecta
694 975 734 1010 in
753 976 925 1016 mund0;
952 975 1193 1021 detegentur
1206 986 1323 1016 nunc,
1338 975 1431 1021 quia
1450 975 1626 1010 interest.
1669 974 1773 1010 Sunt

271 1027 312 1063 in
331 1034 469 1063 nostro
483 1028 593 1063 caelo
608 1028 674 1063 illa
686 1039 830 1063 arcana
843 1028 931 1074 plus
946 1039 1064 1074 quam
1085 1028 1124 1063 in
1143 1028 1315 1074 reliquis,
1330 1028 1425 1074 quia
1441 1039 1514 1063 nos
1529 1027 1568 1062 in
1583 1027 1772 1073 conjugio

269 1081 416 1116 amoris
442 1087 483 1116 et
509 1081 727 1126 sapientiae
753 1092 912 1117 sumus:
937 1082 1007 1117 sed
1034 1081 1231 1127 praedico,
1259 1081 1367 1127 quod
1394 1092 1475 1116 non
1502 1081 1568 1116 alii
1594 1091 1769 1116 amorem

270 1133 382 1169 illum
404 1134 479 1169 sibi
505 1134 798 1180 appropriaturi
823 1134 915 1175 sint,
934 1145 1054 1180 quam
1075 1134 1143 1180 qui
1170 1134 1209 1169 in
1237 1134 1393 1170 Novam
1418 1134 1646 1175 Ecclesiam,
1669 1145 1771 1180 quae

269 1193 331 1222 est
349 1187 466 1222 Nova
485 1187 773 1234 Hierosolyma,
791 1198 816 1222 a
842 1187 1018 1223 Domino
1036 1187 1315 1233 recipiuntur.'’
1367 1187 1442 1223 His
1461 1187 1588 1228 dictis,
1608 1187 1770 1223 demisit

268 1240 436 1286 angelus
454 1241 724 1277 membranam
742 1241 957 1281 evolutam,
976 1252 1096 1287 quam
1115 1241 1278 1286 quidam
1303 1241 1467 1286 spiritus
1485 1241 1686 1287 angelicus
1704 1251 1771 1276 ex-

269 1293 387 1339 cepit,
405 1299 447 1329 et
464 1294 641 1339 reposuit
658 1305 778 1339 super
795 1305 933 1329 mensa
958 1294 998 1329 in
1019 1294 1194 1340 quodam
1213 1294 1404 1334 conclavi,
1424 1294 1532 1340 quod
1551 1294 1658 1330 illico
1676 1304 1771 1329 con-

268 1346 397 1388 clusit,
416 1353 458 1382 et
475 1347 651 1393 porrexit
669 1347 767 1382 mihi
785 1347 950 1388 clavem,
968 1353 1010 1383 et
1028 1347 1140 1388 dixit,
1159 1352 1179 1366 ‘⁴
1192 1346 1364 1383 Scribe.”

267 1437 366 1482 44·
406 1426 621 1469 Alterum
648 1427 947 1469 Memorabile
963 1441 1036 1469 :—

340 1507 555 1556 Quondam
575 1509 658 1544 vidi
683 1515 765 1544 tres
789 1509 953 1555 spiritus
979 1508 1153 1544 novitios
1174 1519 1196 1544 e
1222 1509 1386 1549 mundo,
1404 1508 1473 1555 qui
1498 1508 1769 1555 circumvaga-

267 1563 423 1604 bantur,
441 1563 673 1603 lustrabant,
688 1569 729 1598 et
746 1563 1013 1598 sciscitabant.
1065 1562 1187 1598 Erant
1205 1562 1244 1597 in
1259 1562 1523 1598 admiratione
1537 1563 1644 1608 quod
1660 1563 1768 1598 vive—

267 1622 356 1651 rent
369 1615 553 1651 homines
566 1627 727 1661 prorsus
741 1616 844 1651 sicut
859 1615 977 1662 prius,
988 1622 1029 1651 et
1043 1615 1151 1661 quod
1164 1615 1349 1651 viderent
1363 1615 1508 1651 similia
1521 1626 1622 1661 quae
1637 1615 1767 1661 prius:

267 1675 467 1704 noverunt
485 1669 590 1704 enim
609 1669 719 1715 quod
738 1679 760 1704 e
778 1669 931 1704 mundo
949 1669 1071 1714 priori
1089 1679 1160 1704 seu
1179 1668 1349 1704 naturali
1368 1668 1579 1708 obiverint,
1597 1675 1639 1704 et
1656 1669 1765 1714 quod

267 1721 321 1757 ibi
339 1721 581 1757 crediderint
594 1722 702 1768 quod
721 1732 802 1757 non
819 1720 963 1757 victuri
981 1722 1062 1757 sint
1080 1721 1264 1757 homines
1283 1721 1391 1767 prius
1409 1732 1528 1767 quam
1548 1728 1639 1766 post
1658 1721 1764 1757 diem

267 1773 399 1809 ultimi
415 1773 567 1819 judicii,
581 1774 743 1819 quando
760 1773 1115 1809 circumdabuntur
1128 1784 1246 1808 carne
1260 1780 1300 1809 et
1318 1774 1475 1809 ossibus
1489 1773 1707 1809 reconditis
1727 1773 1766 1808 in

266 1827 477 1872 sepulcris;
503 1838 625 1873 quare
650 1833 695 1861 ut
721 1826 1024 1872 deprivarentur
1048 1826 1158 1862 omni
1184 1826 1318 1867 dubio,
1341 1826 1437 1872 quin
1462 1837 1556 1862 vere
1582 1826 1766 1862 homines

265 1886 412 1921 essent,
425 1891 496 1926 per
507 1880 616 1915 vices
635 1879 893 1925 inspexerunt
909 1890 956 1914 ac
969 1879 1189 1926 tetigerunt
1202 1890 1244 1915 se
1262 1885 1303 1915 et
1320 1879 1430 1919 alios,
1445 1886 1486 1915 et
1505 1877 1765 1925 palpaverunt

265 1931 434 1979 objecta,
452 1939 493 1968 et
518 1943 589 1979 per
613 1932 737 1968 millia
761 1932 1050 1968 confirmabant
1076 1943 1119 1968 se
1144 1932 1253 1978 quod
1280 1943 1387 1968 nunc
1412 1939 1546 1968 essent
1571 1932 1765 1973 homines,

264 1985 368 2021 sicut
386 1986 426 2021 in
445 1985 566 2032 priori
585 1986 736 2021 mundo
751 1997 759 2027 ς
786 1992 943 2031 praeter
956 1985 1064 2031 quod
1082 1996 1125 2021 se
1143 1992 1285 2021 mutuo
1304 1985 1343 2020 in
1363 1986 1594 2021 candidiore
1611 1986 1709 2026 luce,
1724 1979 1777 2021 et'

264 2037 424 2085 obJetsta
441 2039 480 2073 in
499 2039 702 2085 superiore
720 2039 943 2084 splendore,
958 2045 1000 2074 et
1017 2039 1075 2074 sic
1093 2037 1308 2084 perfefflus
1324 2038 1519 2074 viderent.

335 2091 450 2127 Tunc
475 2091 577 2127 forte
599 2092 680 2127 duo
700 2091 863 2137 spiritus
883 2091 1051 2138 angelici
1074 2091 1150 2128 illis
1171 2092 1444 2132 occurrebant,
1463 2098 1504 2127 et
1524 2091 1764 2132 retinebant,

264 2145 449 2186 dicendo,
468 2149 488 2164 ‘⁴
503 2144 623 2181 Unde
640 2145 736 2180 estis
747 2143 787 2180 ?''

338 2198 388 2234 Et
417 2198 720 2243 responderunt,
747 2202 768 2216 ‘⁴
782 2197 994 2233 Obivimus
1023 2208 1045 2233 e
1074 2197 1237 2238 mundo,
1267 2207 1315 2232 ac
1345 2197 1487 2233 iterum
1516 2197 1689 2233 vivimus
1724 2197 1763 2232 in

264 2251 435 2293 mundo;
457 2251 513 2286 ita
530 2251 786 2297 migravimus
804 2261 826 2286 e
844 2250 996 2286 mundo
1017 2250 1057 2286 in
1079 2250 1295 2291 mundum;
1321 2249 1399 2285 hoc
1417 2261 1523 2285 nunc
1538 2250 1764 2286 miramur.”

337 2304 387 2340 Et
414 2311 514 2340 tunc
541 2310 623 2340 tres
650 2304 792 2339 novitii
824 2304 1123 2350 interrogabant
1153 2303 1255 2339 duos
1285 2303 1450 2349 spiritus
1480 2303 1682 2348 angelicos
1713 2303 1764 2339 de

262 2357 395 2398 caelo;
420 2363 462 2393 et
478 2356 572 2403 quia
592 2357 674 2392 duo
691 2368 740 2392 ex
759 2356 886 2396 tribus
912 2356 1075 2392 novitiis
1096 2363 1210 2392 erant
1234 2356 1521 2396 adolescentes,
1540 2363 1581 2391 et
1606 2367 1654 2391 ex
1677 2356 1763 2391 illo-

263 2421 350 2445 rum
380 2410 506 2446 oculis
535 2410 733 2445 emicabat
766 2410 869 2446 sicut
903 2410 1100 2456 igniculus
1134 2409 1311 2444 libidinis
1340 2409 1391 2445 ad
1421 2420 1571 2449 sexum,
1601 2409 1763 2444 aiebant

262 2462 425 2508 spiritus
443 2463 622 2509 angelici,
641 2468 661 2481 ‘⁴
676 2463 794 2498 Forte
814 2463 973 2498 vidistis
994 2462 1207 2503 feminas;’'
1225 2469 1267 2498 et
1290 2462 1593 2508 responderunt,
1613 2467 1634 2480 ‘⁸
1651 2462 1762 2497 Vidi-

263 2516 387 2551 mus.'’
426 2516 476 2551 Et
493 2516 586 2562 quia
603 2516 950 2562 interrogaverunt
978 2516 1028 2551 de
1046 2516 1169 2556 caelo,
1188 2515 1376 2550 dixerunt
1395 2515 1515 2550 haec:
1542 2520 1562 2533 ‘⁴
1577 2515 1622 2550 In
1649 2515 1760 2550 caelo

262 2575 357 2603 sunt
381 2569 517 2604 omnia
542 2568 751 2615 magnifica
775 2575 816 2604 et
842 2569 1060 2614 splendida,
1083 2575 1124 2604 et
1149 2568 1245 2604 talia
1270 2579 1372 2614 quae
1397 2568 1536 2603 oculus
1564 2578 1759 2613 nusquam

261 2620 437 2663 viderat;
462 2629 503 2657 et
520 2629 614 2657 sunt
632 2621 685 2656 ibi
703 2622 877 2668 virgines
901 2628 942 2657 et
961 2622 1140 2667 juvenes,
1158 2621 1331 2667 virgines
1351 2621 1421 2656 tali
1452 2621 1761 2666 pulchritudine,

262 2680 308 2708 ut
323 2674 457 2709 vocari
500 2674 656 2720 possint
689 2675 1006 2720 pulchritudines
1040 2674 1079 2709 in
1114 2685 1186 2709 sua
1221 2674 1369 2714 forma:
1406 2684 1453 2709 ac
1485 2674 1652 2719 juvenes
1688 2672 1759 2707 tali

263 2726 499 2768 moralitate,
513 2734 558 2762 ut
570 2728 703 2762 vocari
722 2728 878 2773 possint
896 2727 1140 2762 moralitates
1159 2727 1198 2762 in
1213 2737 1284 2762 sua
1301 2726 1448 2767 forma:
1475 2733 1515 2762 et
1529 2736 1761 2771 correspon-

264 2778 362 2814 dent
394 2779 469 2814 sibi
503 2780 822 2826 pulchritudines
846 2780 1046 2826 virginum
1079 2786 1121 2816 et
1154 2779 1401 2816 moralitates
1425 2780 1629 2826 juvenum,
1655 2778 1760 2813 sicut

264 2830 414 2867 formae
432 2839 592 2868 mutuae
610 2840 651 2868 et
668 2833 949 2879 coaptabiles.”

338 2883 387 2919 Et
403 2886 684 2930 quaesiverunt
705 2887 786 2921 duo
805 2885 958 2925 novitii,
977 2896 1073 2920 num
1095 2884 1135 2920 in
1156 2884 1269 2920 caelo
1290 2885 1371 2920 sint
1391 2884 1541 2919 formae
1560 2883 1757 2919 humanae

265 2947 423 2982 prorsus
441 2937 634 2973 similares
652 2938 728 2973 illis
746 2949 847 2984 quae
866 2938 904 2973 in
924 2938 1076 2973 mundo
1095 2937 1264 2972 naturali
1282 2944 1387 2972 sunt.

338 2989 387 3025 Et
413 2991 738 3036 respondebatur,
764 2991 871 3037 quod
899 3001 1060 3036 prorsus
1086 2990 1290 3030 similares,
1319 2989 1417 3023 nihil
1443 2988 1619 3024 ablatum
1645 2994 1707 3024 est
1731 2999 1754 3024 e
