2014 3386
516 340 582 372 DE
615 339 796 373 AMORE
821 327 1248 383 CONJUGIALL-N.
1279 342 1373 383 330.
1624 333 1700 373 261

209 456 359 502 absque
389 455 529 502 spatio,
552 462 693 491 natura
721 462 854 491 autem
886 455 925 490 in
954 454 1065 490 omni
1091 461 1271 500 tempore
1301 461 1363 490 est
1388 454 1426 489 in
1453 460 1644 501 tempore,
1667 463 1707 491 et

209 509 248 544 in
266 509 376 545 omni
395 508 524 555 spatio
540 516 602 544 est
628 508 667 543 in
693 509 843 555 spatio;
877 515 918 544 et
939 514 1079 543 natura
1095 518 1186 543 cum
1213 518 1286 543 suo
1303 514 1485 553 tempore
1510 514 1552 543 et
1578 508 1707 554 spatio

208 572 288 598 non
310 562 442 610 potuit
467 573 547 597 non
570 561 756 597 inchoare
782 568 823 597 et
847 561 953 602 oriri,
975 572 1055 596 non
1076 567 1210 596 autem
1235 560 1355 601 Deus,
1377 561 1445 607 qui
1471 567 1533 596 est
1557 562 1706 607 absque

204 621 386 661 tempore
403 621 444 650 et
463 614 611 661 spatio:
641 625 762 660 quare
784 621 925 650 natura
949 625 973 649 a
1000 613 1087 650 Deo
1107 621 1178 654 est,
1198 625 1278 649 non
1303 615 1354 649 ab
1379 621 1553 655 aeterno,
1569 615 1638 650 sed
1666 615 1705 650 in

204 674 397 714 ternpore,
416 667 493 703 hoc
509 674 581 708 est,
601 678 680 703 una
696 678 787 703 cum
805 678 878 703 suo
895 674 1076 713 tempore
1094 674 1135 702 et
1152 667 1269 702 simul
1288 667 1428 713 spatio.

274 728 396 767 329.
425 720 642 766 Postquam
657 720 993 756 archididascalus
1010 727 1052 755 et
1068 719 1209 766 reliqui
1227 731 1251 755 a
1268 731 1331 755 me
1344 720 1564 761 abiverunt,
1583 721 1703 767 aliqui

203 773 325 820 pueri,
338 773 406 820 qui
420 773 540 809 etiam
558 773 596 808 in
611 773 707 808 ludo
720 773 974 820 gymnasiaco
988 772 1156 813 fuerunt,
1170 774 1439 819 sequebantur
1450 784 1512 809 me
1527 774 1703 813 domum,

201 834 244 863 et
265 827 317 863 ibi
338 827 499 873 paulum
517 827 758 863 adstiterunt
777 827 874 862 mihi
889 827 1095 869 scribenti;
1121 834 1163 863 et
1182 838 1275 863 ecce
1289 835 1387 863 tunc
1400 828 1590 864 videbant
1604 829 1704 864 blat-

201 887 283 916 tam
301 887 526 916 currentem
545 892 664 926 super
680 881 818 915 charta
835 891 932 921 mea,
951 887 993 916 et
1011 880 1140 916 mirati
1158 881 1450 927 quaesiverunt,
1467 887 1487 900 ‘⁴
1501 881 1608 928 Quid
1627 882 1703 917 hoc

200 933 481 968 animalculum
512 940 592 968 tam
620 934 738 969 velox
748 933 788 969 ?'’
836 933 886 969 Et
912 933 1004 974 dixi,
1023 934 1131 980 quod
1159 934 1314 969 dicatur
1339 935 1475 975 blatta,
1495 941 1536 970 et
1562 935 1612 970 de
1639 934 1703 970 illa

199 986 314 1022 vobis
328 986 455 1021 dicam
472 986 686 1027 mirabilia:
712 993 753 1022 et
766 987 860 1027 dixi,
875 987 982 1033 quod
1002 987 1041 1022 in
1055 993 1136 1022 tam
1152 988 1318 1033 parvulo
1331 988 1424 1023 vivo
1439 988 1519 1023 sint
1531 988 1700 1023 totidem

201 1039 380 1073 membra
404 1045 445 1073 et
474 1038 636 1078 viscera,
663 1049 764 1084 quae
795 1039 835 1073 in
865 1039 1036 1080 camelo;
1070 1045 1115 1074 ut
1144 1039 1251 1085 quod
1274 1039 1354 1075 sint
1379 1041 1551 1080 cerebra,
1570 1041 1701 1079 corda.

199 1090 356 1127 fistulae
390 1091 649 1137 pulmonales,
675 1102 825 1138 organa
854 1102 1053 1133 sensuum,
1081 1099 1275 1133 motuum,
1311 1099 1352 1128 et
1385 1094 1701 1139 generationum,

198 1144 455 1185 ventriculus,
475 1144 673 1184 intestina,
692 1151 733 1179 et
754 1145 886 1190 plura;
911 1156 957 1180 ac
975 1145 1130 1192 singula
1149 1138 1340 1181 contexta
1357 1157 1406 1181 ex
1425 1146 1543 1187 fibris,
1560 1147 1700 1187 nervis,

199 1197 306 1232 vasis
330 1197 568 1243 sanguineis,
592 1198 791 1238 musculis,
814 1198 1056 1239 tendinibus,
1080 1199 1332 1239 membranis,
1354 1206 1395 1234 et
1421 1199 1520 1235 haee
1545 1200 1702 1247 singula

198 1250 250 1285 ab
266 1250 398 1286 adhuc
417 1250 652 1296 purioribus,
671 1261 773 1296 quae
790 1252 870 1286 alte
888 1251 992 1287 intra
1007 1251 1132 1288 aciem
1154 1252 1285 1288 omnis
1303 1253 1409 1288 oculi
1428 1253 1565 1289 latent.

271 1303 470 1339 Dicebant
494 1310 602 1343 tunc,
621 1304 729 1350 quod
759 1315 881 1350 usque
908 1305 1114 1351 parvulum
1142 1305 1220 1340 hoc
1245 1306 1382 1341 vivum
1408 1313 1598 1352 appareat
1624 1307 1700 1342 illis

200 1367 283 1392 non
300 1357 417 1392 aliter
433 1368 552 1403 quam
571 1357 674 1392 sicut
691 1357 914 1392 substantia
931 1355 1113 1404 simplexJ

271 1409 322 1445 Et
343 1409 437 1450 dixi,
457 1415 478 1428 ‘⁴
491 1409 594 1445 Sunt
614 1417 749 1446 tamen
773 1411 880 1446 intus
898 1411 1219 1451 innumerabilia;
1246 1411 1346 1456 haec
1366 1412 1469 1452 dico,
1488 1419 1534 1447 ut
1555 1412 1698 1453 sciatis,

196 1463 304 1509 quod
335 1462 462 1498 simile
491 1463 543 1498 sit
573 1463 612 1497 in
642 1463 752 1498 omni
783 1462 943 1509 objecto
972 1465 1080 1510 quod
1106 1475 1239 1499 coram
1266 1465 1381 1500 vobis
1405 1473 1571 1511 apparet
1597 1466 1699 1501 sicut

197 1527 330 1556 unum,
346 1515 524 1561 simplex,
539 1523 581 1551 et
595 1516 815 1557 minimum,
829 1524 912 1552 tam
932 1517 972 1552 in
990 1516 1213 1552 aciionibus
1227 1529 1346 1563 quam
1366 1518 1406 1552 in
1420 1518 1699 1554 affefflonibus

196 1575 238 1604 et
251 1568 563 1615 cogitationibus
575 1569 740 1605 vestris:
767 1581 930 1615 possum
943 1581 1168 1606 asseverare
1185 1571 1310 1611 vobis,
1326 1572 1435 1616 quod
1456 1573 1699 1617 unaquaevis

177 1629 181 1634 ·
197 1622 299 1657 mica
318 1621 583 1668 cogitationis,
602 1630 643 1658 et
662 1623 906 1668 unaquaevis
923 1623 1029 1658 stilla
1045 1622 1268 1659 affectionis
1285 1631 1450 1665 vestrae,
1466 1625 1518 1660 sit
1535 1625 1698 1660 dividua

197 1685 322 1720 usque
347 1675 397 1710 ad
425 1675 635 1715 infinitum,
657 1682 699 1710 et
724 1676 832 1721 quod
858 1675 961 1711 sicut
987 1676 1098 1712 ideae
1122 1684 1278 1712 vestrae
1305 1677 1491 1713 dividuae
1517 1685 1620 1718 sunt,
1644 1678 1697 1713 ita

195 1738 268 1763 vos
288 1727 471 1773 sapiatis:
497 1728 650 1768 scitote,
671 1729 779 1774 quod
801 1739 919 1764 omne
938 1729 1109 1764 divisum
1129 1730 1180 1765 sit
1199 1730 1286 1775 plus
1307 1737 1347 1765 et
1369 1731 1457 1776 plus
1476 1731 1695 1777 multiplex.

194 1787 236 1815 et
253 1791 334 1815 non
353 1781 441 1826 plus
458 1787 500 1816 et
517 1781 605 1827 plus
623 1781 800 1827 simplex,
819 1781 912 1827 quia
929 1782 1100 1817 divisum
1119 1789 1159 1818 et
1177 1783 1349 1818 divisum
1369 1783 1531 1830 propius
1547 1791 1589 1819 et
1607 1795 1695 1830 pro-

195 1833 284 1879 pius
304 1833 459 1869 accedit
484 1834 534 1869 ad
562 1833 773 1874 infinitum,
796 1834 835 1869 in
860 1846 941 1881 quo
967 1835 1120 1871 infinite
1141 1836 1277 1871 omnia
1296 1843 1411 1878 sunt;
1445 1837 1523 1872 hoc
1545 1848 1693 1873 novum

194 1886 302 1932 prius
321 1886 542 1922 inauditum
560 1887 675 1922 vobis
692 1887 856 1923 refero.''

267 1938 341 1974 His
367 1938 492 1980 dietis,
515 1939 626 1986 pueri
655 1951 690 1982 a„
709 1951 771 1975 me
801 1940 1010 1976 abiverunt
1040 1941 1090 1977 ad
1121 1941 1491 1983 archididascalum,
1512 1949 1554 1979 et
1584 1943 1692 1978 illum

193 1999 442 2038 rogaverunt,
462 1999 507 2028 ut
538 1992 576 2027 in
606 1993 814 2039 gymnasio
842 1994 1058 2040 aliquando
1086 2002 1328 2042 proponeret
1356 1995 1518 2042 aliquod
1545 2007 1692 2032 novum

194 2044 415 2080 inauditum
434 2052 480 2081 ut
498 2046 711 2091 problema.

266 2097 316 2133 Et
333 2097 444 2138 dixit,
464 2103 484 2117 ‘¹
497 2098 604 2146 Quid
615 2098 655 2134 ?’'

265 2149 474 2191 Dixerunt,
490 2156 509 2170 ‘¹
521 2151 639 2198 Quod
654 2163 773 2188 omne
787 2152 959 2188 divisum
978 2153 1029 2188 sit
1047 2153 1136 2199 plus
1152 2160 1194 2189 et
1212 2154 1300 2200 plus
1319 2154 1538 2200 multiplex,
1553 2161 1594 2191 et
1611 2167 1691 2191 non

193 2203 281 2249 plus
305 2210 346 2239 et
372 2204 460 2249 plus
480 2204 660 2250 simplex,
682 2205 775 2251 quia
800 2206 963 2252 propius
983 2212 1024 2242 et
1046 2207 1208 2253 propius
1228 2207 1383 2243 accedit
1407 2208 1458 2243 ad
1481 2207 1692 2249 infinitum,

193 2256 233 2291 in
250 2267 331 2302 quo
350 2256 504 2292 infinite
521 2258 657 2293 omnia
675 2258 804 2294 sunt.''

266 2309 315 2345 Et
336 2311 554 2356 spopondit
574 2311 683 2356 quod
705 2318 967 2357 proponeret;
1002 2318 1044 2347 et
1068 2312 1180 2352 dixit,
1201 2311 1326 2348 “Hoc
1346 2312 1474 2354 video,
1494 2313 1586 2359 quia
1607 2324 1692 2359 per·

130 2405 132 2407 ,
191 2361 278 2408 cepi
299 2363 407 2408 quod
429 2374 510 2398 una
531 2363 619 2399 idea
639 2364 828 2400 naturalis
849 2364 900 2400 sit
919 2365 1129 2400 continens
1148 2365 1495 2401 innumerabilium
1516 2366 1690 2401 idearum

193 2415 479 2461 spiritualium;
514 2416 637 2452 immo
658 2418 765 2462 quod
788 2428 867 2452 una
888 2417 976 2453 idea
997 2418 1213 2463 spiritualis
1234 2419 1445 2454 continens
1467 2419 1691 2455 innumera-

192 2468 329 2503 bilium
346 2468 522 2504 idearum
536 2469 764 2505 caelestium
781 2482 789 2511 ;
817 2470 908 2506 inde
922 2477 983 2506 est
1001 2471 1212 2506 discrimen
1233 2471 1336 2507 inter
1349 2472 1583 2517 sapientiam
1604 2482 1690 2507 cae·

192 2521 331 2556 lestem
351 2521 390 2556 in
408 2533 487 2568 qua
503 2529 596 2557 sunt
612 2522 743 2568 angeli
761 2523 868 2558 tertii
887 2523 996 2564 caeli,
1011 2530 1052 2559 et
1070 2524 1174 2559 inter
1191 2525 1424 2570 sapientiam
1444 2525 1687 2570 spiritualem

195 2573 233 2608 in
253 2584 333 2619 qua
350 2581 444 2610 sunt
461 2575 590 2621 angeli
609 2576 773 2611 secundi
791 2576 901 2616 caeli,
917 2583 960 2611 ut
977 2583 1019 2612 et
1038 2576 1143 2612 inter
1160 2577 1394 2622 sapientiam
1410 2578 1629 2613 naturalem
1650 2578 1688 2612 in

192 2637 271 2672 qua
287 2634 382 2662 sunt
398 2628 529 2674 angeli
546 2628 677 2663 ultimi
695 2629 805 2669 caeli,
824 2635 866 2664 et
883 2640 1043 2675 quoque
1061 2629 1280 2666 homines.’'

191 2716 327 2760 330.
366 2708 581 2751 Alterum
608 2709 907 2752 Memorabile
926 2724 997 2751 :—

263 2785 478 2833 Quondam
497 2789 631 2824 audivi
648 2789 951 2826 ventilationem
970 2801 1178 2826 amoenam
1201 2791 1305 2827 inter
1328 2791 1445 2832 viros,
1464 2801 1566 2837 quae
1592 2798 1688 2831 erat,

193 2838 243 2874 de
260 2849 355 2874 sexu
374 2840 577 2882 feminino,
593 2853 689 2876 num
707 2842 840 2888 aliqua
852 2843 994 2878 mulier
1008 2843 1133 2889 possit
1150 2854 1283 2879 amare
1298 2855 1413 2879 suum
1427 2844 1568 2883 virum,
1587 2855 1688 2889 quae

192 2899 422 2928 constanter
437 2900 547 2929 amat
563 2905 676 2929 suam
693 2895 1042 2940 pulchritudinem,
1061 2896 1138 2931 hoc
1156 2903 1226 2936 est,
1241 2907 1342 2942 quae
1360 2903 1467 2931 amat
1485 2907 1526 2931 se
1548 2907 1597 2931 ex
1619 2907 1688 2932 sua

192 2943 329 2980 forma.
380 2945 663 2982 Convenerunt
678 2947 782 2982 inter
794 2959 836 2983 se
851 2949 1034 2994 primum,
1049 2949 1156 2994 quod
1176 2949 1333 2984 feminis
1348 2949 1494 2994 duplex
1515 2949 1686 2994 pulchri·

192 2997 291 3032 tudo
309 2997 371 3039 sit,
390 3009 469 3034 una
486 2999 686 3040 naturalis,
704 3011 807 3046 quae
828 3007 890 3036 est
907 3000 1021 3036 faciei
1039 3008 1081 3036 et
1099 3002 1289 3047 corporis,
1306 3008 1346 3036 et
1363 3001 1489 3036 altera
1503 3001 1685 3048 spiritua-
