2014 3386
541 351 608 384 DE
640 350 820 383 AMORE
851 349 1278 393 coNJUG1AL1.-—N.
1307 350 1401 393 273.
1644 350 1726 392 217

229 481 324 517 nes,
353 480 467 521 quae
493 471 598 507 sunt
622 465 805 515 mentis,
834 478 926 506 non
951 469 1219 519 appareant,
1248 469 1294 505 et
1319 462 1438 517 apud
1465 462 1634 504 multos
1666 477 1727 503 ex

229 531 318 573 illis
349 531 428 571 vix
460 542 652 583 granum
684 534 1004 582 transpareat;
1047 541 1211 581 corpus
1243 528 1364 568 enim
1405 526 1507 567 illas
1539 526 1613 567 ve'l
1645 526 1726 566 ab·

227 594 399 642 sorbet,
423 600 471 635 et
496 593 586 634 suis
612 592 811 634 faecibus
833 591 1041 640 involvit,
1065 590 1140 632 vel
1166 605 1226 632 ex
1249 589 1541 631 simulatione
1563 588 1728 631 edocta

227 659 286 699 ab
310 658 503 699 infantia
529 656 626 697 alte
653 670 679 697 a
705 654 954 709 conspectu
979 654 1170 696 aliorum
1202 654 1474 704 abscondit;
1508 659 1555 695 et
1582 667 1662 707 per
1683 654 1727 694 id

227 735 276 762 se
316 722 462 762 mittit
503 721 548 761 in
588 725 763 761 statum
803 718 996 772 cujusvis
1033 717 1283 759 affectionis
1319 730 1454 771 quam
1494 717 1539 758 in
1580 716 1727 758 altero

227 783 567 833 animadvertit,
601 789 648 824 et
685 781 780 834 ejus
811 780 1101 823 affefitionem
1137 781 1195 822 ad
1228 794 1276 821 se
1307 780 1466 829 allicit,
1500 786 1549 821 et
1582 781 1644 820 sic
1678 794 1728 821 se

226 847 540 901 conjungunt3
573 846 695 901 quod
722 860 770 887 se
796 845 1094 899 conjungant,
1121 851 1193 886 est
1216 845 1320 898 quia
1346 844 1564 885 unicuivis
1591 843 1727 884 affec-

226 912 341 952 tioni
381 917 454 952 est
494 924 622 951 suum
659 907 922 961 jucundum,
957 914 1003 950 et
1033 908 1233 962 jucunda
1270 908 1447 948 animos
1488 907 1726 960 colligant.

225 974 378 1016 Aliter
407 988 517 1015 vero
548 973 691 1022 fieret,
726 974 762 1014 si
793 971 1056 1013 affectiones
1087 972 1296 1013 internae
1328 971 1444 1012 sicut
1486 978 1725 1019 externae,

226 1051 380 1079 coram
406 1039 504 1079 visu
530 1038 574 1078 in
600 1037 714 1078 facie
737 1043 784 1077 et
812 1042 962 1089 gestu,
991 1042 1038 1076 et
1065 1049 1218 1076 coram
1251 1035 1409 1075 auditu
1441 1035 1485 1075 in
1512 1048 1627 1075 sono
1658 1034 1726 1075 lo-

224 1101 386 1156 quelae
403 1106 693 1155 apparerent,
713 1106 790 1141 aut
812 1099 989 1140 illarum
1009 1098 1208 1152 jucunda
1225 1099 1504 1139 sentirentur
1522 1111 1629 1138 nare
1647 1111 1727 1139 seu

225 1166 539 1214 odoraremur,
568 1165 685 1205 sicut
711 1163 761 1205 fit
787 1164 832 1204 in
859 1163 1029 1204 mundo
1056 1162 1304 1216 spirituali;
1338 1168 1447 1203 tunc
1470 1163 1507 1204 si
1532 1162 1726 1203 disside-

223 1235 327 1270 rent
356 1243 497 1283 usque
529 1229 587 1269 ad
618 1227 884 1276 discordias,
918 1233 1183 1281 separarent
1215 1228 1392 1267 animos
1424 1226 1482 1267 ab
1513 1226 1724 1275 invicem,

224 1299 272 1334 et
299 1292 549 1333 secundum
575 1292 922 1345 perceptionem
953 1290 1240 1344 antipathiae
1272 1291 1317 1331 in
1350 1289 1650 1343 longinquum
1676 1303 1727 1330 se

222 1361 529 1398 removerent.
590 1354 667 1395 Ex
689 1354 758 1395 his
780 1360 926 1408 patet,
950 1354 1071 1407 quod
1096 1354 1140 1394 in
1164 1353 1334 1394 mundo
1357 1353 1553 1394 naturali
1580 1366 1726 1406 paene

224 1433 385 1461 omnes
417 1418 631 1471 conjungi
670 1419 850 1471 possint
890 1417 1041 1471 quoad
1079 1415 1342 1458 affectiones
1374 1423 1610 1466 externas,
1644 1417 1725 1457 sed

224 1497 317 1524 non
343 1482 494 1537 quoad
524 1479 788 1522 affeffiones
819 1481 1038 1531 internas,
1066 1481 1103 1522 si
1133 1480 1220 1521 hae
1253 1480 1477 1521 dissident
1504 1486 1551 1522 et
1583 1494 1724 1534 appa-

223 1553 343 1588 rent.
1635 1545 1637 1547 ’

310 1619 435 1664 2¹73.
469 1606 552 1662 (ii.)
590 1606 719 1657 Quod
734 1607 779 1649 in
802 1608 961 1649 mundo
982 1607 1221 1660 spirituali
1240 1621 1386 1648 omnes
1402 1609 1728 1662 conjungantur

223 1673 458 1715 secundum
479 1671 732 1726 affec‘liones
753 1671 969 1719 internas,
988 1684 1072 1711 non
1089 1677 1233 1711 autem
1250 1670 1483 1711 secundum
1499 1677 1722 1719 externas,

224 1736 319 1778 nisi
343 1735 428 1777 lzae
457 1748 591 1776 unum
620 1741 763 1788 agant
789 1748 885 1775 cum
915 1733 1330 1775 internis.-—Causa
1361 1740 1448 1782 est,
1477 1734 1582 1787 quia
1613 1740 1723 1775 tunc

222 1798 439 1854 rejectum
469 1804 541 1840 est
566 1797 806 1839 materiale
838 1811 1016 1851 corpus,
1045 1798 1166 1851 quod
1198 1798 1401 1839 omnium
1433 1796 1724 1838 affectionum

222 1865 393 1906 formas
418 1863 618 1916 recipere
645 1868 692 1902 et
725 1862 925 1915 proferre
958 1862 1123 1916 potuit,
1152 1867 1202 1902 ut
1234 1874 1353 1902 nunc
1387 1875 1521 1915 supra
1553 1859 1724 1902 dictum

222 1933 384 1976 est,·et
407 1926 547 1967 homo
572 1926 772 1966 nudatus
798 1925 856 1966 ab
882 1923 963 1966 illo
989 1938 1195 1978 corpore,
1224 1931 1296 1966 est
1328 1925 1372 1965 in
1405 1925 1495 1965 suis
1522 1922 1724 1965 affectio-

223 1991 354 2031 nibus
371 1989 575 2037 internis,
596 2002 707 2042 quas
726 2001 889 2042 corpus
907 1987 1000 2041 ejus
1023 1989 1144 2041 prius
1162 1988 1452 2028 abscondidit
1472 2001 1481 2038 ;
1509 1987 1613 2028 inde
1636 1994 1723 2036 est,

222 2053 343 2108 quod
370 2066 462 2094 non
489 2052 627 2093 modo
653 2052 713 2092 ibi
745 2053 1003 2093 sentiantur
1028 2052 1432 2104 homogeneitates
1459 2057 1506 2092 et
1538 2050 1724 2092 hetero-

222 2117 499 2172 geneitates,
523 2130 602 2157 seu
628 2115 918 2169 sympathiae
941 2122 987 2157 et
1015 2115 1316 2169 antipathiae,
1342 2116 1421 2156 sed
1449 2115 1554 2156 illae
1581 2115 1722 2156 etiam

223 2186 474 2235 appareant
514 2180 560 2220 in
600 2179 815 2228 faciebus,
858 2178 1066 2233 loquelis,
1105 2185 1153 2220 et
1199 2179 1437 2231 gestibus;
1484 2192 1621 2232 quare
1662 2178 1724 2218 ibi

221 2243 541 2285 similitudines
567 2242 916 2296 conjunguntur,
945 2249 992 2283 et
1024 2243 1415 2283 dissimilitudines
1441 2249 1722 2295 separantur.

224 2306 355 2348 Haec
382 2319 519 2347 causa
540 2312 626 2353 est,
654 2306 775 2359 quod
798 2306 1054 2347 universum
1081 2305 1258 2346 caelum
1284 2306 1534 2347 secundum
1561 2318 1723 2345 omnes

221 2370 471 2410 varietates
495 2367 782 2409 affectionum
807 2370 972 2410 amoris
999 2369 1107 2410 boni
1134 2375 1180 2410 et
1203 2370 1296 2410 veri
1322 2383 1348 2409 a
1374 2369 1574 2409 Domino
1601 2368 1720 2408 ordi-

223 2438 378 2474 natum
401 2433 473 2480 sit,
494 2438 541 2473 et
568 2446 628 2473 ex
655 2433 868 2486 opposito
894 2432 1115 2473 infernum
1143 2433 1391 2474 secundum
1419 2445 1577 2473 omnes
1603 2432 1720 2472 vari-

223 2501 375 2537 etates
399 2493 687 2536 affectionum
714 2495 880 2536 amoris
907 2495 1013 2536 mali
1040 2502 1087 2536 et
1113 2494 1226 2536 falsi.
1288 2494 1517 2547 Quoniam
1543 2494 1722 2547 angelis

223 2565 272 2600 et
302 2559 533 2612 spiritibus
565 2572 709 2612 aeque
741 2565 847 2600 sunt
879 2557 1141 2600 affectiones
1173 2559 1379 2599 internae
1412 2564 1458 2599 et
1499 2565 1722 2599 externae

223 2622 342 2663 sicut
363 2621 621 2663 hominibus
647 2622 692 2662 in
715 2622 899 2671 mundo,
924 2628 971 2663 et
994 2622 1206 2676 quoniam
1230 2620 1492 2663 affectiones
1515 2622 1722 2662 internae

224 2697 315 2725 non
347 2690 541 2738 possunt
577 2684 639 2725 ibi
669 2685 892 2726 abscondi
923 2686 981 2726 ab
1013 2685 1233 2733 externis,
1267 2690 1561 2738 transparent
1593 2690 1640 2724 et
1673 2697 1722 2724 se

223 2747 535 2796 manifestant,
563 2747 669 2789 inde
691 2754 881 2802 utraque
913 2748 1033 2802 apud
1064 2747 1168 2789 illos
1199 2748 1467 2801 rediguntur
1492 2748 1536 2788 in
1562 2746 1721 2787 simili-

223 2809 428 2851 tudinem
459 2816 507 2851 et
539 2811 1009 2864 correspondentiam,
1043 2817 1148 2863 post
1181 2824 1316 2864 quam
1353 2809 1616 2862 affectiones
1649 2810 1720 2849 in-

223 2878 383 2913 ternae
401 2872 579 2914 illorum
602 2886 682 2926 per
703 2880 922 2914 externas
946 2873 1205 2926 effigiantur
1228 2875 1271 2914 in
1294 2873 1506 2921 faciebus,
1527 2872 1720 2925 percipi-

224 2940 360 2975 untur
394 2935 440 2975 in
471 2936 595 2976 sonis
632 2935 856 2989 loquelae,
890 2942 937 2977 et
969 2950 1148 2989 quoque
1180 2942 1404 2989 apparent
1437 2936 1480 2976 in
1512 2935 1720 2988 gestibus

224 3008 414 3039 morum.
475 2997 610 3051 Quod
637 2998 815 3052 angelis
841 3004 888 3040 et
914 2999 1144 3052 spiritibus
1167 2999 1258 3040 sint
1290 2997 1551 3040 affectiones
1576 2999 1717 3039 inter-
