2014 3386
344 335 424 379 332
803 333 1132 369 voLUPTATEs
1163 333 1421 367 INSANIAE.

426 446 524 489 *At
543 447 778 491 sciendum
797 453 882 498 est,
902 447 1023 503 quod
1047 447 1165 491 tales
1182 448 1274 490 sint
1293 447 1489 492 adulteri
1514 461 1574 489 ex
1601 447 1838 503 proposito

342 510 646 562 confirmato;
683 524 775 552 non
807 517 962 552 autem
988 510 1186 553 adulteri
1216 525 1277 553 ex
1309 524 1400 552 non
1427 510 1656 554 consulto.
1717 511 1838 559 Nam

341 582 448 616 sunt
475 582 671 629 quatuor
696 588 866 628 genera
891 574 1218 624 adulterorum,
1246 574 1302 616 de
1329 575 1490 631 quibus
1521 576 1566 617 in
1598 577 1750 632 capite
1781 577 1839 620 de

341 639 577 681 adulteriis
599 645 646 683 et
671 638 766 692 ejus
783 639 1025 692 gradibus:
1060 638 1257 680 adulteri
1278 653 1338 680 ex
1365 640 1616 693 proposito,
1635 646 1742 683 sunt
1765 641 1840 696 qui

341 717 402 744 ex
435 702 621 744 libidine
652 702 939 753 voluntatis;
980 702 1177 744 adulteri
1208 716 1269 744 ex
1300 701 1585 753 confirmato,
1618 710 1724 746 sunt
1764 703 1840 760 qui

340 781 400 808 ex
417 767 710 820 persuasione
724 764 987 808 intellectus
1005 781 1015 817 ;
1041 766 1236 808 adulteri
1249 780 1309 807 ex
1323 766 1551 816 consulto,
1567 774 1674 810 sunt
1688 768 1762 822 qui
1779 782 1841 811 ex

340 831 569 872 illecebris
595 843 839 881 sensuum;
872 837 920 872 et
946 829 1142 871 adulteri
1169 844 1229 871 ex
1255 843 1348 871 non
1374 830 1602 880 consulto,
1631 838 1739 874 sunt
1765 831 1840 886 qui

341 908 434 935 non
461 895 505 935 in
531 893 769 943 facultate,
788 900 866 937 aut
894 907 985 935 non
1012 894 1056 935 in
1084 893 1315 943 libertate,
1340 894 1607 936 consulendi
1629 895 1839 939 intellec-

342 965 439 999 tum
466 964 587 1001 sunt.
650 957 754 998 Duo
780 958 929 1011 priora
953 956 1267 999 adulterorum
1293 971 1465 1013 genera
1489 965 1612 1008 sunt,
1639 959 1713 1014 qui
1739 957 1841 1012 plus

341 1029 389 1063 et
416 1021 517 1076 plus
545 1035 636 1063 non
659 1022 868 1063 homines
894 1021 1007 1064 fiunt
1028 1035 1037 1073 ;
1070 1028 1119 1063 at
1146 1022 1237 1063 duo
1259 1022 1514 1076 posteriora
1535 1035 1705 1076 genera
1726 1021 1841 1064 fiunt

341 1085 564 1135 homines,
593 1087 710 1127 sicut
736 1086 958 1127 recedunt
984 1085 1043 1127 ab
1068 1085 1293 1126 erroribus
1318 1085 1423 1135 illis,
1451 1092 1499 1127 et
1531 1092 1696 1140 postea
1720 1085 1840 1142 sapi-

342 1156 440 1191 unt.
835 1188 839 1192 .

426 1222 561 1267 433.
605 1212 740 1266 Quod
791 1226 919 1254 amor
963 1211 1234 1266 conjugialis
1277 1212 1415 1254 faciat
1459 1212 1693 1254 hominem
1738 1212 1840 1268 plus

341 1276 501 1326 virum,
531 1277 670 1318 etiarn
698 1276 931 1319 illustrant
957 1276 1035 1318 illa
1062 1291 1177 1331 quae
1209 1277 1254 1318 in
1281 1277 1589 1330 praecedente
1615 1277 1752 1318 Parte
1783 1276 1840 1319 de

341 1339 517 1381 Amore
545 1340 789 1394 conjugiali
821 1347 869 1383 et
900 1340 995 1394 ejus
1026 1340 1201 1382 deliciis
1227 1340 1369 1382 allata
1400 1348 1535 1392 sunt;
1573 1355 1690 1396 quae
1721 1346 1840 1392 sunt,

345 1403 427 1458 (1.)
462 1403 599 1457 Quod
625 1404 820 1446 facultas
846 1411 893 1449 et
919 1405 1077 1454 virtus,
1106 1418 1222 1458 quae
1247 1410 1436 1446 vocatur
1466 1404 1620 1454 virilis,
1647 1405 1840 1446 comite·

342 1474 417 1509 tur
444 1468 719 1522 sapientiam
738 1469 855 1510 sicut
881 1468 995 1511 haec
1022 1469 1252 1510 animatur
1278 1482 1338 1510 ex
1364 1468 1673 1522 spiritualibus
1689 1466 1842 1511 eccle·

342 1532 450 1580 siae,
471 1538 518 1574 et
544 1532 666 1585 quod
689 1532 794 1574 inde
820 1533 929 1575 insit
947 1533 1089 1575 amori
1108 1532 1382 1586 conjugiali;
1410 1538 1457 1573 et
1480 1532 1601 1586 quod
1618 1531 1843 1585 sapientia

340 1594 471 1648 hujus
498 1596 667 1637 amoris
691 1609 857 1638 venam
889 1610 915 1637 a
945 1596 1073 1638 fonte
1100 1595 1194 1650 ejus
1225 1597 1269 1637 in
1301 1596 1454 1637 anima
1479 1596 1671 1649 aperiat,
1698 1602 1746 1638 et
1776 1595 1840 1637 sic

340 1659 484 1700 vitam
510 1658 890 1709 intellectualem,
910 1674 1025 1714 quae
1052 1666 1124 1702 est
1149 1661 1249 1714 ipsa
1274 1660 1370 1701 vita
1397 1659 1663 1708 masculina,
1681 1659 1840 1712 evigo-

341 1729 410 1764 ret
436 1729 483 1764 et
511 1737 690 1778 quoque
716 1724 824 1766 beet
851 1724 1156 1779 perennitate.
1219 1723 1300 1778 (2)
1335 1722 1471 1776 Quod
1497 1723 1602 1765 inde
1625 1724 1699 1771 sit,
1718 1722 1841 1777 quod

340 1786 494 1839 angeli
521 1787 637 1828 caeli
663 1788 707 1828 in
733 1787 818 1828 hac
847 1788 939 1828 sint
966 1788 1010 1829 in
1037 1794 1290 1837 aeternum,
1310 1787 1560 1829 secundum
1588 1785 1727 1829 effata
1751 1787 1840 1828 oris

340 1849 536 1899 illorum,
555 1851 599 1891 in
618 1850 906 1894 Memorabili
935 1849 997 1905 (n.
1020 1860 1114 1904 355,
1136 1851 1265 1903 356):
1298 1851 1419 1904 quod
1438 1851 1577 1893 etiam
1603 1850 1647 1891 in
1674 1849 1839 1904 perdu-

340 1920 473 1954 rante
505 1913 710 1956 efficacia
752 1914 917 1956 fuerint
957 1915 1262 1969 antiquissimi
1302 1915 1347 1956 in
1388 1913 1581 1955 saeculis
1613 1926 1752 1955 aureo
1791 1918 1840 1954 et

340 1983 580 2029 argenteo,
619 1978 723 2030 quia
762 1977 1025 2020 dilexerunt
1067 1978 1291 2019 amatoria
1330 1990 1525 2019 uxorum
1565 1989 1761 2025 suarum,
1794 1981 1841 2017 et

341 2039 694 2093 perhorruerunt
723 2042 949 2082 amatoria
981 2047 1248 2090 scortorum,
1277 2041 1427 2083 audivi
1459 2054 1518 2083 ex
1551 2054 1628 2081 ore
1658 2039 1839 2081 illorum

343 2101 606 2156 (videantur
638 2103 970 2153 Memorabilia,
998 2118 1040 2146 n.
1072 2113 1142 2158 75,
1169 2104 1259 2158 76).
1322 2103 1456 2157 Quod
1484 2103 1730 2157 spiritualis
1760 2102 1840 2146 illa

339 2165 626 2216 sufficientia,
646 2167 784 2208 etiam
808 2168 852 2209 in
871 2167 1082 2217 naturali,
1103 2181 1185 2209 nec
1204 2167 1413 2209 defutura
1428 2168 1486 2209 sit
1505 2167 1641 2208 hodie
1659 2166 1747 2207 illis
1765 2165 1839 2220 qui

340 2229 590 2271 Dominum
617 2231 803 2280 adeunt,
832 2235 879 2274 et
906 2231 1133 2273 adulteria
1164 2237 1212 2272 ut
1242 2231 1480 2272 infernalia
1501 2231 1839 2279 abominantur,

340 2307 366 2338 e
382 2294 512 2337 caelo
531 2294 639 2336 mihi
657 2293 828 2336 dietum
845 2302 930 2337 est.
981 2295 1269 2338 Contrarium
1288 2301 1443 2336 autem
1461 2295 1692 2347 contingit
1709 2291 1839 2334 adul-

340 2357 450 2399 teris
482 2372 541 2399 ex
575 2359 827 2412 proposito,
855 2365 901 2400 et
932 2359 1151 2402 adulteris
1183 2373 1243 2400 ex
1269 2357 1540 2400 confirmato
1569 2356 1646 2412 (de
1677 2356 1839 2411 quibus

341 2433 452 2462 mox
478 2435 627 2475 supra,
656 2435 697 2463 n.
721 2433 804 2474 432
831 2421 955 2477 fin.);
987 2423 1108 2477 quod
1135 2422 1254 2476 apud
1281 2422 1365 2463 hos
1387 2421 1582 2463 facultas
1607 2427 1654 2463 et
1679 2421 1840 2471 virtus,

341 2497 456 2538 quae
483 2492 676 2526 vocatur
697 2486 850 2535 virilis,
879 2487 1171 2540 devigoretur
1197 2500 1337 2539 usque
1363 2486 1420 2526 ad
1448 2485 1635 2534 nullam,
1659 2490 1706 2526 et
1732 2489 1839 2538 post

340 2547 467 2588 illam
498 2549 703 2602 inceptet
735 2550 874 2604 frigus
905 2551 1045 2593 etiam
1071 2550 1129 2591 ad
1161 2563 1340 2598 sexum,
1374 2556 1421 2592 et
1457 2549 1579 2604 quod
1611 2554 1718 2603 post
1749 2548 1837 2591 hoc

340 2619 558 2665 sequatur
576 2612 865 2655 fastidiosum
882 2614 988 2668 quid
1006 2613 1126 2668 quod
1145 2611 1325 2667 spectat
1348 2613 1405 2654 ad
1429 2626 1660 2661 nauseam,
1677 2618 1838 2656 notum

340 2682 412 2717 est
434 2677 620 2717 tametsi
642 2691 800 2731 parum
824 2678 1117 2731 evulgatum:
1152 2677 1273 2731 quod
1301 2677 1420 2719 tales
1442 2678 1534 2719 sint
1556 2676 1621 2717 illi
1643 2675 1838 2719 adulteri

339 2739 384 2780 in
403 2740 591 2789 inferno,
608 2755 634 2782 a
651 2741 887 2791 sirenibus,
903 2755 1018 2796 quae
1036 2748 1141 2784 sunt
1159 2741 1398 2782 obsoletae
1416 2741 1593 2782 veneris
1611 2740 1837 2790 libidines,

339 2809 386 2847 et
410 2817 588 2857 quoque
613 2817 640 2844 a
662 2803 845 2857 lupariis
867 2805 942 2854 ibi,
967 2819 992 2847 e
1018 2804 1268 2858 longinquo
1290 2805 1456 2846 audivi.
1519 2803 1594 2845 Ex
1617 2803 1686 2845 his
1709 2802 1836 2852 cluit,

339 2867 461 2921 quod
487 2880 614 2909 amor
640 2869 940 2910 scortatorius
966 2869 1104 2913 faciat
1135 2868 1367 2910 hominem
1399 2868 1501 2922 plus
1532 2874 1580 2910 et
1612 2867 1714 2922 plus
1744 2881 1836 2911 non

378 3010 399 3032 *
424 3011 531 3042 NOTA
553 3013 834 3043 ED1TOR18.-—Ab
849 3013 993 3043 Audtore
1006 3013 1058 3044 hic
1072 3013 1291 3052 paragraphus
1306 3014 1403 3052 signis
1416 3013 1573 3044 citationis
1587 3013 1727 3046 inclusus
1741 3016 1799 3044 ost.
