2014 3386
362 361 446 404 340
805 361 1136 395 VOLUPTATES
1168 362 1414 396 INSANIAE

359 474 525 516 falsum3
559 474 679 521 hujus
706 474 761 510 rei
787 475 926 510 eadem
952 482 1014 511 est
1043 486 1174 516 causa,
1202 475 1402 517 nimirum,
1428 476 1521 523 quia
1543 487 1685 513 omnes
1714 476 1782 524 qui
1817 477 1856 513 in

360 527 518 564 inferno
535 534 640 567 sunt,
658 535 845 564 avertunt
863 539 906 564 se
923 539 947 563 a
966 528 1178 564 Domino.'’
1231 552 1233 554 -

433 580 508 617 His
529 581 688 622 auditis,
710 581 792 616 duo
815 581 870 616 illi
892 582 1022 628 angeli
1043 582 1192 628 gratias
1211 587 1391 628 egerunt,
1412 588 1454 618 et
1474 582 1672 623 dixerunt,
1723 581 1860 630 “Quia

360 645 468 669 nunc
482 634 686 669 meditaris
701 641 741 670 et
759 634 899 670 scribis
918 635 968 669 de
986 645 1121 669 amore
1135 634 1260 670 amori
1277 641 1415 670 nostro
1428 634 1643 681 conjugiali
1658 635 1858 681 opposito,

359 697 406 723 ac
424 687 655 732 oppositum
675 687 731 722 illi
752 687 878 722 amori
900 687 1114 723 contristat
1133 694 1287 723 mentes
1305 695 1473 727 nostras,
1491 688 1726 723 abibimus.”

434 739 484 774 Et
501 750 592 775 curn
611 740 810 781 dixerunt,
829 745 849 758 ¹‘
864 740 947 775 Pax
964 740 1074 781 tibi,’'
1093 740 1190 786 petii
1209 751 1259 776 ne
1279 740 1429 786 aliquid
1448 741 1498 776 de
1519 740 1597 776 hoc
1617 751 1753 776 amore
1771 751 1860 776 nar-

359 799 449 828 rent
462 792 649 829 fratribus
663 800 703 829 et
717 793 920 829 sororibus
932 793 1013 829 suis
1032 793 1071 829 in
1090 793 1212 834 caelo,
1226 793 1321 840 quia
1337 793 1470 829 laedet
1485 793 1755 829 innocentiam
1774 793 1861 829 illo-

362 857 462 881 rum.

432 897 552 945 Quod
580 898 647 939 illi,
675 899 743 945 qui
772 899 997 934 moriuntur
1022 898 1208 939 infantes,
1233 899 1467 934 adolescant
1493 898 1531 934 in
1560 898 1683 939 caelo,
1701 904 1743 934 et
1769 909 1860 934 cum

361 952 567 998 attingunt
592 952 642 987 ad
676 959 871 987 staturam
911 952 950 987 in
977 963 1057 998 qua
1083 952 1122 986 in
1149 952 1301 988 mundo
1326 958 1419 987 sunt
1442 952 1608 998 juvenes
1633 950 1858 987 oftodecim

360 1015 568 1045 annorum,
587 1015 633 1040 ac
649 1005 824 1051 virgines
842 1004 1070 1051 quindecim
1085 1015 1293 1044 annorum.
1308 1004 1347 1040 in
1367 1004 1433 1040 illa
1447 1004 1678 1044 subsistant,
1692 1010 1734 1039 et
1751 1004 1859 1050 quod

360 1068 384 1093 a
403 1057 580 1093 Domino
596 1064 695 1093 tunc
713 1058 789 1093 illis
808 1058 1103 1104 prospiciantur
1119 1058 1328 1104 conjugia;
1353 1064 1440 1092 tum
1455 1057 1563 1103 quod
1583 1057 1648 1098 illi,
1667 1063 1749 1092 tam
1767 1063 1862 1092 ante

360 1111 593 1157 conjugium
617 1121 734 1157 quam
758 1118 850 1157 post
872 1111 980 1151 illud,
1004 1111 1120 1156 plane
1143 1111 1323 1146 nesciant
1343 1110 1440 1157 quid
1462 1109 1664 1151 scortatio,
1686 1115 1728 1146 et
1751 1109 1860 1157 quod

362 1164 506 1199 dabilis
525 1163 589 1205 sit,
607 1174 679 1210 pro
698 1171 809 1199 certo
827 1175 1053 1200 asseverare
1071 1174 1248 1210 possum.

1015 1487 1182 1545 [ΧΙΧ.]

851 1616 928 1658 DE
961 1616 1376 1658 FORNJCA‘rloNE.

446 1750 752 1796 444[secund0].
783 1739 868 1781 Per
897 1739 1247 1781 fornicationem
1278 1737 1552 1792 intelligitur
1577 1736 1717 1779 libido
1748 1737 1860 1779 ado-

362 1803 581 1846 lescentis
608 1819 686 1846 seu
708 1804 885 1857 juvenis
911 1816 1013 1844 cum
1039 1803 1207 1844 femina
1224 1801 1418 1843 moecha
1442 1808 1550 1842 ante
1573 1799 1858 1854 conjugium;

363 1868 505 1909 libido
531 1875 687 1909 autem
719 1880 820 1908 cum
852 1866 1019 1908 femina
1050 1879 1142 1908 non
1169 1864 1376 1913 moecha,
1404 1864 1491 1905 hoc
1523 1870 1609 1912 est,
1639 1876 1740 1905 cum
1771 1864 1859 1905 vir-

363 1933 470 1986 gine
497 1938 575 1973 aut
608 1944 709 1972 cum
742 1945 886 1971 uxore
913 1930 1116 1979 alterius,
1141 1942 1233 1970 non
1264 1934 1337 1970 est
1367 1928 1620 1976 fornicatio,
1649 1927 1730 1968 sed
1756 1939 1859 1969 cum
1884 1924 1886 1927 ’

363 1996 539 2049 virgine
562 2001 633 2036 est
657 2001 877 2048 stuprum,
903 2000 949 2034 et
976 2006 1079 2035 curn
1102 2006 1245 2034 uxore
1267 1991 1453 2034 alterius
1476 1997 1547 2032 est
1570 1990 1859 2031 adulterium.

365 2058 612 2113 Quomodo
638 2057 752 2099 haec
780 2058 870 2098 duo
896 2057 1071 2097 distant
1098 2070 1124 2097 a
1149 2055 1467 2103 fornicatione,
1496 2067 1587 2094 non
1614 2059 1770 2107 potest
1801 2053 1861 2095 ab

364 2121 459 2163 ullo
484 2121 697 2163 rationali
723 2120 879 2169 videri,
908 2120 992 2160 nisi
1019 2119 1264 2173 perspiciat
1291 2129 1498 2159 amorem
1525 2130 1665 2158 sexus
1695 2116 1741 2158 in
1771 2116 1863 2158 suis

364 2187 580 2241 gradibus
613 2192 660 2227 et
691 2184 1049 2232 diversitatibus,
1078 2190 1125 2224 et
1157 2183 1216 2224 ab
1246 2196 1334 2223 una
1365 2188 1495 2236 parte
1527 2180 1621 2234 ejus
1653 2186 1782 2222 casta
1811 2186 1860 2221 et

364 2252 423 2292 ab
454 2250 602 2291 altera
633 2248 726 2302 ejus
758 2249 950 2296 incasta,
984 2260 1036 2288 ac
1070 2247 1302 2300 dispescat
1335 2251 1572 2299 utramque
1604 2250 1784 2298 partem
1815 2243 1861 2284 in

364 2328 536 2369 genera
559 2320 605 2355 et
629 2314 673 2354 in
697 2313 885 2366 species,
905 2317 950 2352 et
972 2311 1034 2352 sic
1058 2310 1339 2363 distinguat:
1374 2308 1540 2362 alioqui
1563 2308 1607 2349 in
1630 2306 1862 2360 cu‘jusdam

365 2380 468 2421 idea
499 2391 590 2419 non
623 2383 807 2418 exstare
840 2381 998 2429 potest
1031 2374 1271 2414 discrimen
1304 2373 1424 2414 inter
1454 2378 1630 2413 castum
1673 2370 1774 2426 plus
1815 2375 1863 2411 et

366 2443 527 2491 minus,
552 2449 600 2483 et
627 2441 746 2482 inter
768 2440 994 2480 incastum
1018 2437 1119 2492 plus
1141 2443 1188 2478 et
1211 2436 1383 2487 minus;
1416 2442 1464 2477 et
1487 2436 1658 2490 absque
1680 2434 1748 2476 his
1771 2433 1862 2475 dis-

365 2505 661 2549 tinctionibus
688 2504 804 2558 perit
827 2503 977 2544 omnis
999 2500 1177 2549 relatio,
1198 2506 1244 2541 et
1272 2512 1373 2540 cum
1399 2498 1484 2540 hac
1509 2496 1790 2551 perspicacia
1815 2496 1860 2537 in

365 2571 499 2612 rebus
521 2568 688 2622 judicii,
717 2581 769 2608 ac
797 2565 1044 2607 involvitur
1069 2561 1331 2605 intelleffiffi
1358 2561 1440 2603 tali
1467 2561 1666 2609 umbrae,
1694 2565 1744 2600 ut
1770 2571 1862 2599 non

366 2634 481 2674 sciat
511 2633 823 2673 discriminare
862 2628 1212 2670 fornicationem
1253 2626 1311 2667 ab
1351 2624 1591 2673 adulterio,
1623 2629 1671 2664 et
1713 2622 1863 2663 minus

366 2696 513 2738 adhuc
528 2694 841 2736 fornicationis
860 2693 987 2733 mitia
1005 2705 1030 2732 a
1048 2690 1259 2744 gravibus
1278 2687 1385 2741 ejus,
1403 2687 1611 2728 similiter
1625 2684 1835 2727 adulterii
1851 2698 1862 2736 ;

367 2760 430 2802 sic
470 2760 633 2800 miscet
665 2757 799 2806 mala,
832 2762 880 2797 et
918 2769 978 2797 ex
1016 2752 1206 2795 diversis
1243 2752 1350 2793 facit
1388 2763 1526 2792 unum
1558 2748 1859 2804 pulmentum,

367 2830 415 2866 et
456 2837 516 2864 ex
553 2821 744 2863 diversis
776 2820 909 2861 bonis
940 2830 1075 2859 unam
1107 2822 1299 2870 pastam.
1359 2814 1427 2856 Ut
1468 2827 1580 2867 ergo
1610 2809 1862 2853 distinctim

367 2893 584 2929 noscatur
615 2898 741 2926 amor
766 2897 905 2924 sexus
932 2881 1080 2936 quoad
1112 2879 1237 2921 illam
1264 2884 1442 2932 partem
1468 2890 1556 2931 qua
1586 2874 1776 2917 inclinat
1812 2879 1861 2915 et

367 2949 659 3004 progreditur
698 2947 755 2988 ad
797 2940 999 2988 amorem
1032 2942 1353 2985 scortatorium
1386 2953 1569 2994 prorsus
1600 2937 1859 2992 oppositum

370 3014 513 3056 amori
554 3010 813 3066 conjugiali,
853 3008 1057 3064 expedit,
1096 3013 1145 3048 ut
1181 3004 1448 3060 principium
1489 3001 1597 3056 ejus,
1630 3000 1750 3056 quod
1788 3005 1861 3041 est
