2014 3386
296 335 354 390 64
438 332 447 340 ‘
551 379 555 382 ,
763 343 1006 377 DELICIAE
1037 343 1340 380 SAPIENTIAE

295 458 445 514 quoad
460 458 655 513 aliquam
675 463 852 512 partem
871 457 1026 511 colligi
1044 463 1196 511 potest
1214 464 1275 499 ex'
1295 457 1521 500 historicis
1539 458 1661 500 vitae
1678 471 1791 513 quo-

293 523 485 564 rundam
526 535 699 575 regum,
729 521 942 575 judicum,
981 528 1028 563 et
1069 523 1339 575 sapientum,
1378 523 1452 576 qui
1491 523 1644 563 vocati
1683 531 1789 566 sunt

293 585 439 639 sophi,
468 586 511 626 in
539 584 729 626 Graecia
755 591 802 625 et
829 584 961 625 alibi:
1009 585 1129 638 quod
1152 591 1305 626 autem
1331 584 1418 626 hoc
1445 585 1674 626 saeculum
1697 598 1790 626 non

293 650 581 698 consisteret,
615 649 732 689 sicut
762 648 927 688 ferrum
964 648 1008 689 in
1051 662 1099 688 se
1140 649 1364 698 consistit,
1398 648 1478 689 sed
1510 648 1631 702 quod
1663 647 1791 690 fieret

293 714 409 754 sicut
432 712 595 753 ferrum
618 712 920 752 commixtum
944 724 1046 752 cum
1068 711 1243 764 argilla,
1268 725 1381 765 quae
1408 725 1500 752 non
1526 711 1788 760 cohaerent,

291 776 566 830 praedicitur
604 789 630 816 a
668 774 855 816 Daniele
887 774 1004 829 (cap.
1037 776 1079 816 ii.
1111 773 1236 829 1¹¹43).
1297 775 1427 816 Nunc
1460 776 1563 829 quia
1593 775 1788 824 saecula,

292 853 406 893 quae
429 840 664 880 nominata
686 845 791 880 sunt
813 839 871 879 ab
893 852 1015 887 auro,
1036 845 1245 892 argento,
1270 845 1317 880 et
1339 852 1492 892 cupro,
1517 845 1625 880 ante
1647 839 1789 892 scrip-

292 909 492 944 turarum
516 909 727 955 tempora
749 902 927 943 fuerunt
950 900 1196 951 transacta,
1220 908 1266 943 et
1289 902 1350 943 sic
1374 903 1578 955 cognitio
1600 902 1656 943 de
1679 915 1788 943 con-

287 966 422 1020 jugiis
453 966 633 1007 illorum
671 979 761 1006 non
802 964 964 1006 dabilis
1005 971 1076 1006 est
1117 966 1161 1005 in
1202 966 1347 1014 terris,
1381 965 1550 1018 placuit
1591 965 1789 1006 Domino

290 1044 371 1083 per
397 1028 675 1083 spiritualem
698 1030 816 1069 viam
843 1028 951 1069 mihi
973 1029 1145 1081 aperire
1167 1027 1258 1077 illa,
1284 1028 1574 1081 perducendo
1599 1028 1657 1069 ad
1684 1041 1788 1070 cae-

291 1093 360 1135 los
386 1094 461 1134 ubi
487 1092 715 1133 domicilia
739 1092 917 1133 illorum
940 1099 1060 1141 sunt,
1084 1098 1134 1133 ut
1160 1106 1219 1132 ex
1246 1091 1333 1132 illis
1356 1098 1568 1132 oretenus
1591 1092 1649 1132 ibi
1675 1091 1787 1133 hau-

289 1157 438 1206 rirem,
467 1156 617 1210 qualia
642 1155 820 1196 fuerant
847 1155 967 1208 apud
993 1155 1097 1196 illos
1123 1154 1347 1208 conjugia,
1377 1168 1479 1196 cum
1502 1155 1716 1197 vixerunt
1741 1155 1787 1196 in

289 1221 379 1261 suis
412 1221 564 1262 aevis:
599 1232 758 1260 omnes
786 1219 920 1267 enim,
948 1219 1201 1272 quicunque
1234 1232 1260 1258 a
1291 1219 1522 1259 creatione
1548 1218 1787 1260 obiverant

289 1298 315 1325 e
338 1283 508 1324 mundo
527 1283 736 1332 naturali,
756 1283 801 1323 in
820 1282 990 1323 mundo
1013 1281 1234 1335 spirituali
1257 1287 1376 1331 sunt,
1397 1288 1443 1322 et
1461 1294 1619 1322 omnes
1637 1281 1786 1335 quoad

289 1360 467 1388 amores
489 1347 554 1387 sui
578 1346 746 1387 similes
769 1351 888 1394 sunt,
913 1351 960 1386 et
983 1351 1252 1398 permanent
1277 1345 1322 1385 in
1345 1351 1594 1386 aeternum.
1656 1344 1786 1386 Haec

290 1411 393 1465 quia
415 1411 532 1451 scitu
554 1415 601 1451 et
624 1409 770 1450 relatu
793 1409 933 1461 digna
955 1414 1074 1456 sunt,
1095 1414 1141 1449 et
1164 1406 1458 1448 sanctitatem
1477 1407 1786 1461 conjugiorum

290 1473 577 1522 confirmant,
605 1472 742 1513 velim
768 1471 859 1520 illa,
889 1471 1038 1525 qualia
1063 1471 1108 1512 in
1130 1470 1256 1524 vigili
1283 1471 1442 1524 spiritu
1468 1470 1576 1511 mihi
1602 1476 1787 1512 ostensa

290 1545 409 1587 sunt,
434 1544 481 1578 et
508 1543 670 1591 postea
695 1537 739 1577 in
765 1535 1030 1576 memoriam
1057 1548 1136 1588 per
1159 1534 1372 1587 angelum
1395 1541 1625 1583 revocata,
1648 1540 1695 1575 et
1721 1534 1784 1576 sic

290 1601 532 1654 descripta,
560 1600 694 1641 edere
721 1600 764 1640 in
792 1598 1047 1652 publicum:
1079 1604 1127 1639 et
1153 1598 1256 1651 quia
1281 1603 1385 1638 sunt
1412 1611 1436 1638 e
1462 1597 1633 1638 mundo
1657 1597 1785 1650 spiri·

288 1665 413 1707 tuali.
438 1665 553 1706 sicut
579 1663 750 1717 reliqua
771 1669 876 1717 post
898 1660 1256 1704 transactionum
1279 1661 1443 1714 capita,
1467 1660 1588 1702 volui
1610 1660 1783 1712 dispes-

289 1742 391 1770 cere
436 1728 514 1768 illa
561 1728 606 1768 in
656 1741 740 1768 sex
786 1725 1103 1768 Memorabilia
1147 1724 1397 1766 secundum
1441 1723 1783 1778 progressiones

288 1798 505 1834 aetatum.

372 1938 463 1985 74.
503 1928 662 1970 *Haec
686 1943 769 1970 sex
792 1926 1121 1976 Memorabilia,
1146 1939 1260 1980 quae
1282 1930 1387 1965 sunt
1413 1938 1437 1965 e
1463 1922 1632 1964 mundo
1654 1922 1781 1976 spiri-
1842 1954 1849 1961 .

287 1994 399 2036 tuali
431 1994 486 2034 de
518 2006 672 2033 amore
699 1991 956 2045 conjugiali,
983 1989 1190 2032 revelant
1216 1987 1361 2042 qualis
1387 1987 1461 2028 ille
1487 2000 1614 2027 amor
1637 1985 1782 2028 fuerat

286 2059 331 2100 in
359 2057 512 2110 primis
534 2057 668 2105 aevis,
697 2063 744 2097 et
770 2055 913 2109 qualis
941 2060 1045 2108 post
1071 2053 1162 2102 illa,
1186 2059 1232 2093 et
1258 2051 1401 2105 qualis
1427 2050 1562 2091 hodie
1589 2056 1686 2101 est;
1720 2063 1780 2091 ex

287 2121 448 2176 quibus
475 2125 659 2161 constat
686 2119 806 2172 quod
833 2118 910 2159 ille
932 2131 1058 2159 amor
1084 2130 1110 2157 a
1135 2113 1383 2157 sanctitate
1409 2119 1454 2154 et
1480 2114 1675 2166 puritate
1701 2126 1782 2154 sua

287 2183 540 2225 successive
572 2183 825 2231 recesserit,
859 2195 998 2235 usque
1030 2181 1136 2221 dum
1167 2176 1309 2220 fafitus
1345 2183 1416 2218 est
1457 2176 1779 2227 scortatorius;

286 2248 368 2288 sed
391 2247 511 2301 quod
538 2253 692 2288 tamen
719 2247 776 2287 sit
799 2259 903 2298 spes
924 2242 1197 2286 redmffimis
1219 2241 1311 2295 ejus
1335 2241 1380 2281 in
1402 2240 1678 2294 primaevam
1701 2253 1779 2280 seu

285 2311 519 2364 antiquam
544 2323 671 2350 suam
694 2307 1000 2349 sanctitatem.

370 2383 461 2428 75.
503 2373 697 2413 Primum
726 2370 1047 2413 Memorabile:
1051 2392 1109 2400 -

357 2461 570 2508 Quondam
600 2471 691 2496 cum
723 2460 938 2495 meditatus
971 2470 1059 2494 sum
1097 2457 1147 2493 de
1182 2467 1317 2493 amore
1349 2454 1574 2501 conjugiali,
1601 2454 1779 2501 captavit

286 2521 461 2550 mentem
480 2513 719 2549 desiderium
738 2512 888 2548 sciendi
909 2511 1036 2558 qualis
1059 2511 1123 2546 ille
1141 2520 1254 2545 amor
1270 2508 1397 2544 fuerat
1417 2508 1522 2553 apud
1545 2507 1633 2543 illos
1650 2507 1717 2553 qui
1737 2507 1778 2542 in

284 2568 431 2602 saeculo
457 2578 575 2602 aureo
599 2566 794 2606 vixerunt,
813 2572 854 2600 et
881 2571 1021 2610 postea
1045 2563 1172 2610 qualis
1199 2562 1304 2607 apud
1334 2561 1422 2596 illos
1446 2560 1514 2606 qui
1543 2560 1582 2595 in
1609 2560 1777 2596 saeculis

285 2620 554 2666 sequentibus,
569 2630 669 2665 quae
683 2630 731 2654 ex
745 2624 922 2664 argento,
936 2627 1071 2663 cupro,
1085 2622 1126 2651 et
1143 2615 1258 2655 ferro,
1272 2620 1487 2650 vocantur:
1512 2619 1552 2648 et
1566 2612 1658 2658 quia
1671 2612 1777 2653 novi,

285 2674 392 2720 quod
415 2683 565 2713 omnes,
584 2672 651 2717 qui
674 2671 713 2705 in
736 2671 811 2706 illis
833 2669 999 2706 saeculis
1019 2670 1120 2704 bene
1139 2668 1334 2707 vixerunt,
1357 2666 1395 2701 in
1417 2665 1536 2701 caelis
1557 2665 1648 2705 sint,
1666 2664 1776 2700 oravi

285 2727 335 2764 ad
356 2725 573 2762 Dominum
592 2731 636 2759 ut
656 2724 792 2759 liceret
811 2723 907 2757 mihi
926 2733 1016 2758 cum
1036 2722 1112 2757 illis
1129 2720 1238 2766 loqui
1256 2726 1297 2755 et
1315 2718 1468 2754 instrui.

358 2779 408 2814 Et
425 2789 516 2814 ecce
533 2777 688 2813 adstitit
707 2776 803 2810 mihi
821 2775 995 2822 angelus,
1014 2781 1055 2810 et
1072 2773 1203 2814 dixit,
1208 2772 1373 2807 ‘Missus
1391 2782 1478 2806 sum
1497 2781 1520 2806 a
1539 2769 1714 2806 Domino
1732 2775 1778 2806 ut

285 2833 359 2868 sim
379 2830 521 2867 ductor
538 2836 578 2866 et
595 2840 748 2870 comes:
774 2839 819 2863 ac
838 2828 1008 2874 primum
1027 2834 1067 2862 te
1081 2827 1225 2861 ducam
1243 2831 1284 2860 et
1301 2824 1523 2860 comitabor
1535 2823 1584 2858 ad
1604 2823 1692 2858 illos
1706 2822 1775 2869 qui

284 2885 469 2921 vixerunt
486 2883 615 2930 primo
632 2892 732 2917 aevo
749 2892 819 2917 seu
841 2880 1010 2921 saeculo,
1028 2879 1135 2926 quod
1157 2884 1324 2914 vocatur
1343 2876 1541 2912 aureum.”
1593 2875 1643 2911 Et
1663 2875 1775 2916 dixit,

284 2951 1778 2970 —,—,———..——-—.—-—.—-——-—-
