2014 3386
579 332 646 364 DE
677 331 855 364 AMORE
886 330 1308 374 CONJUGIAL1.—N.
1337 333 1429 376 392.
1659 333 1735 377 305

250 446 492 501 sphaeram
515 446 690 488 tutelae
713 452 760 488 et
782 445 1134 488 sustentationis
1156 445 1351 495 illorum,
1372 446 1445 500 qui
1467 448 1738 501 semetipsos

250 508 390 552 tutari
412 515 458 551 et
482 516 742 550 sustentare
766 515 1021 563 nequeunt:
1054 522 1081 550 a
1106 510 1338 550 creatione
1361 510 1480 551 enim
1507 517 1593 560 est,
1609 504 1738 565 'quod

249 577 417 614 creata‘
433 572 760 621 conservanda,
789 572 1103 621 custodienda,
1131 572 1338 621 tutanda,
1367 578 1414 613 et
1440 575 1740 620 sustentanda

248 637 356 686 sint,
390 636 557 690 alioqui
588 636 847 676 universum
873 642 1054 686 rueret;
1097 635 1177 676 sed
1209 635 1312 688 quia
1342 635 1386 676 id
1418 636 1682 678 immediate
1713 652 1740 678 a

250 699 451 740 Domino
477 698 598 752 apud
625 699 844 746 viventia,
872 699 1031 752 quibus
1057 698 1303 739 arbitratus
1329 697 1510 740 relictus
1537 706 1621 748 est,
1646 700 1738 742 fieri

249 775 342 803 non
368 768 540 816 potest,
565 761 614 802 fit
641 761 686 802 id
713 762 912 803 mediate
939 775 1018 815 per
1042 774 1242 802 amorem
1266 775 1392 802 suum
1415 762 1738 816 implantatum

248 825 468 879 patribus,
497 824 729 872 matribus,
757 824 977 875 alumnis;
1010 824 1130 878 quod
1157 836 1284 864 amor
1314 824 1493 865 illorum
1524 827 1582 866 sit
1612 840 1740 867 amor

247 901 275 929 a
301 888 500 929 Domino
526 887 647 940 apud
673 887 790 935 illos,
820 900 910 927 non
942 888 1107 936 sciunt,
1135 887 1238 941 quia
1265 900 1356 928 non
1383 888 1637 942 percipiunt
1669 890 1737 930 in-

248 950 434 999 fluxum,
464 957 510 991 et
537 951 683 990 minus
710 951 1141 1003 omnipraesentiam
1169 949 1366 990 Domini.
1429 950 1496 991 At
1523 952 1620 1004 quis
1646 966 1737 993 non

247 1013 387 1063 videt,
411 1013 532 1067 quod
559 1013 645 1053 hoc
670 1026 760 1053 non
787 1020 976 1054 naturae
999 1014 1072 1062 sit,
1097 1013 1177 1054 sed
1204 1013 1397 1054 Divinae
1420 1013 1737 1056 Providentiae

248 1077 482 1131 operantis
508 1077 552 1116 in
580 1082 743 1116 natura
770 1090 849 1129 per
875 1081 1110 1126 naturam;
1144 1082 1191 1117 et
1217 1077 1337 1129 quod
1363 1075 1455 1117 tale
1482 1077 1737 1119 universale

248 1153 339 1181 non
356 1140 452 1180 dari
479 1140 639 1192 possit,
660 1139 744 1179 nisi
769 1152 795 1179 a
818 1138 919 1179 Deo
937 1152 1015 1192 per
1033 1139 1312 1192 spiritualem
1331 1139 1556 1192 quendam
1575 1140 1734 1189 solem,

247 1203 322 1257 qui
353 1203 397 1243 in
429 1208 589 1243 centro
616 1202 810 1242 universi
842 1209 928 1251 est,
957 1208 1003 1243 et
1036 1201 1158 1254 cujus
1190 1203 1409 1256 operatio,
1437 1203 1540 1256 quia
1565 1203 1736 1257 absque

247 1266 398 1319 spatio
421 1271 467 1306 et
492 1271 714 1318 tempore,
739 1264 916 1305 instans
938 1271 984 1306 et
1007 1277 1222 1317 praesens
1246 1271 1316 1306 est
1339 1278 1365 1305 a
1387 1266 1541 1318 primis
1563 1266 1607 1306 in
1630 1267 1735 1308 ulti-

249 1329 363 1370 mis?
436 1327 680 1380 Quomodo
721 1334 875 1368 autem
917 1327 1082 1368 Divina
1122 1327 1200 1368 illa
1239 1329 1459 1381 operatio,
1502 1342 1616 1383 quae
1665 1337 1735 1372 est

249 1392 414 1433 Divina
446 1391 629 1432 Domini
663 1391 969 1439 Providentia,
996 1391 1054 1431 ab
1085 1391 1296 1431 animatis
1326 1391 1555 1445 recipitur,
1587 1393 1632 1433 in
1664 1406 1735 1434 se-

248 1455 490 1509 quentibus
531 1454 719 1495 dicetur.
782 1453 917 1506 Quod
950 1460 1120 1494 matres
1161 1460 1207 1495 et
1248 1461 1401 1506 patres
1442 1460 1650 1497 tutentur
1689 1464 1736 1498 et

248 1523 520 1559 sustentent
538 1517 749 1566 infantes,
770 1517 872 1570 quia
890 1517 934 1557 hi
958 1517 1233 1569 semetipsos
1251 1518 1390 1558 tutari
1408 1523 1455 1558 et
1478 1524 1735 1561 sustentare

248 1587 493 1634 nequeunt,
517 1593 607 1620 non
634 1587 704 1621 est
731 1593 867 1620 causa
892 1579 1009 1620 illius
1032 1580 1211 1627 amoris,
1235 1581 1315 1621 sed
1342 1586 1412 1622 est
1439 1594 1574 1622 causa
1595 1584 1735 1624 ratio-

249 1642 364 1684 nalis
391 1657 451 1683 ex
484 1656 637 1683 amore
663 1642 742 1683 illo
768 1643 1000 1683 incidente
1032 1642 1076 1682 in
1108 1641 1418 1694 intelle&um;
1450 1644 1589 1686 homo
1615 1647 1734 1687 enim

248 1719 309 1747 ex
340 1706 439 1746 sola
471 1705 555 1747 hac
589 1718 738 1754 causa,
772 1706 943 1759 absque
969 1718 1122 1746 amore
1153 1706 1373 1759 inspirato
1405 1713 1452 1748 et
1482 1708 1734 1760 inspirante

248 1768 388 1817 illam,
416 1776 494 1810 aut
526 1769 695 1822 absque
728 1769 830 1822 lege
863 1774 908 1809 et
939 1782 1086 1822 poena
1118 1775 1316 1822 cogente
1342 1769 1482 1820 illum,
1511 1784 1602 1812 non
1634 1771 1734 1848 plus

248 1832 494 1873 infantibus
521 1833 802 1886 prospiceret
829 1844 963 1885 quam
990 1838 1156 1873 statua.

331 1905 464 1948 392·
498 1893 581 1948 (ν.)
619 1894 747 1945 Quod
771 1894 876 1935 lzaec
905 1893 1099 1964 splzaejra
1124 1893 1290 1948 afficzat
1318 1900 1411 1936 tam
1441 1895 1582 1937 malos
1603 1910 1736 1950 quam

249 1956 393 2006 bonos,
422 1971 472 1997 ac
495 1957 706 2010 dzsponat
726 1956 1056 2010 unumquemvz's
1079 1957 1143 1998 ad
1163 1957 1414 2007 amandum,
1440 1959 1672 2000 tutandum
1693 1967 1736 2001 et

248 2019 584 2061 sustentandum
614 2033 742 2060 suum
765 2026 875 2072 pro<3
861 2019 1034 2068 sentem,
1067 2033 1123 2060 ex
1155 2019 1344 2072 pr0p7zo
1374 2034 1534 2061 amore.
1539 2020 1733 2075 —Quod

247 2095 375 2124 amor
406 2082 626 2123 infantum
667 2097 746 2123 seu
782 2089 939 2136 storge
980 2083 1039 2123 sit
1081 2096 1223 2136 aeque
1269 2083 1388 2136 apud
1420 2083 1567 2124 malos
1598 2098 1733 2138 quam

247 2145 366 2199 apud
397 2146 557 2194 bonos,
591 2151 789 2186 testatur
820 2146 1130 2199 experientia;
1171 2145 1379 2186 similiter
1408 2148 1527 2199 apud
1560 2147 1733 2189 bestias

248 2209 383 2249 mites
409 2214 455 2248 et
482 2209 710 2259 immites;
743 2208 882 2249 immo
908 2209 1028 2262 quod
1055 2208 1173 2262 apud
1199 2207 1406 2249 homines
1433 2209 1591 2259 malos,
1615 2211 1732 2253 sicut

247 2271 366 2325 apud
393 2271 564 2311 bestias
589 2271 800 2319 immites,
829 2271 1101 2325 quandoque
1127 2271 1186 2312 sit
1211 2270 1370 2312 fortior
1395 2277 1442 2312 et
1473 2273 1730 2316 ardentior:

247 2347 384 2375 causa
409 2340 493 2381 est,
521 2334 623 2387 quia
649 2334 795 2374 omnis
820 2347 947 2374 amor
972 2333 1225 2387 procedens
1251 2347 1277 2374 a
1303 2333 1502 2374 Domino
1528 2348 1578 2375 ac
1605 2336 1732 2377 influ-

248 2409 328 2438 ens
350 2397 541 2436 vertitur
566 2396 609 2436 in
633 2394 835 2447 subjecto
857 2397 900 2437 in
924 2409 1124 2438 amorem
1147 2396 1240 2449 ejus
1263 2396 1415 2447 vitae;
1448 2399 1732 2451 unumquod-

247 2459 315 2499 vis
337 2459 456 2499 enim
480 2457 728 2510 subjectum
751 2460 1001 2500 animatum
1025 2472 1115 2500 non
1139 2459 1279 2499 sentit
1302 2459 1434 2500 aliter
1456 2473 1588 2513 quam
1612 2461 1732 2514 quod

249 2534 309 2562 ex
349 2534 397 2561 se
438 2527 576 2569 amet,
606 2534 694 2561 non
727 2522 845 2562 enim
873 2522 1065 2575 percipit
1097 2521 1342 2572 influxum;
1381 2528 1428 2564 et
1460 2522 1565 2562 dum
1592 2524 1731 2565 etiam

249 2582 487 2624 actualiter
518 2597 566 2623 se
598 2589 736 2631 amat,
763 2583 872 2625 facit
903 2596 1103 2625 amorem
1136 2584 1358 2624 infantum
1390 2584 1456 2624 sui
1487 2586 1729 2638 proprium,

250 2659 355 2687 nam
378 2653 596 2699 tanquam
619 2646 745 2687 videt
768 2660 816 2687 se
842 2646 886 2687 in
909 2646 997 2687 illis
1020 2653 1066 2688 et
1093 2646 1196 2687 illos
1222 2647 1267 2687 in
1290 2660 1353 2695 se,
1377 2652 1423 2687 et
1450 2661 1499 2688 se
1522 2661 1622 2688 cum
1645 2648 1732 2689 illis

251 2709 315 2750 ita
346 2710 532 2749 unitum.
595 2709 706 2750 Inde
732 2709 870 2750 etiam
902 2716 972 2751 est
1005 2710 1125 2763 quod
1157 2709 1234 2751 ille
1265 2722 1392 2750 amor
1416 2710 1535 2762 apud
1562 2710 1732 2752 bestias

251 2771 448 2813 immites
479 2772 538 2813 sit
569 2772 778 2820 atrocior,
806 2778 855 2813 ut
887 2773 1005 2826 apud
1037 2772 1193 2813 leones
1224 2778 1271 2814 et
1303 2771 1499 2820 leaenas,
1528 2786 1653 2813 ursos
1684 2780 1733 2815 et

253 2848 393 2884 ursas,
427 2834 668 2888 leopardos
700 2841 746 2875 et
778 2834 1032 2888 leopardas,
1066 2834 1196 2888 lupos
1228 2840 1275 2876 et
1307 2834 1450 2888 lupas,
1483 2840 1530 2875 et
1562 2835 1733 2877 similes

253 2896 377 2945 alias,
394 2910 526 2950 quam
542 2896 659 2950 apud
674 2910 827 2950 equOS,
846 2910 1019 2946 cervos,
1036 2897 1200 2947 hircos,
1220 2911 1328 2938 oves
1345 2911 1354 2948 ;
1382 2910 1516 2937 causa
1530 2893 1615 2946 est,
1632 2899 1735 2951 quia

255 2958 502 3000 immitibus
534 2959 621 3000 illis
652 2959 811 3000 bestiis
843 2965 912 3001 est
943 2960 1189 3001 dominium
1217 2973 1350 3013 super
1380 2959 1528 3009 mites,
1553 2966 1598 3000 et
1631 2960 1735 3002 inde
