2014 3386
527 361 594 392 DE
626 358 806 392 AMORE
839 359 1265 402 CONJUGIAL1.—N.
1298 351 1388 392 180.
1625 362 1702 404 147

204 471 347 524 mens,
389 488 504 528 quae
543 480 614 515 est
655 474 804 515 media
836 474 969 515 ‘inter
1009 473 1207 515 animam
1252 479 1300 515 et
1346 484 1538 526 corpus;
1585 488 1701 528 quae

203 538 391 579 tametsi
422 544 611 591 apparet
649 539 693 578 in
726 538 892 591 capite,
925 551 1066 591 usque
1098 543 1169 578 est
1210 538 1350 578 etiam
1386 532 1626 578 aetualiter
1657 538 1701 578 in

202 608 307 642 toto
330 614 546 655 corpore3
579 607 626 642 et
645 602 875 649 dixerunt,
901 601 1022 655 quod
1045 601 1148 641 inde
1171 601 1245 649 sit,
1266 600 1386 654 quod
1410 598 1537 641 aetus
1559 600 1701 641 fluant

201 665 246 705 in
271 665 462 706 instanti
487 679 512 706 e
538 678 742 718 corpore,
767 679 879 718 quos
903 665 1052 705 anima
1078 670 1124 705 et
1147 678 1275 704 mens
1297 664 1568 715 intendunt;
1603 671 1698 705 tum

201 729 323 782 quod
349 729 454 769 inde
477 728 551 777 sit,
575 728 696 782 quod
723 729 806 781 ipsi
832 734 938 782 post
960 726 1252 781 rejeetionem
1275 728 1476 781 corporis
1498 728 1542 768 in
1566 728 1700 780 priori

201 787 386 840 mundo,
414 792 506 832 sint
539 790 726 845 perfeeti
757 791 991 832 homines:
1026 804 1143 832 nunc
1176 791 1280 845 quia
1311 791 1463 832 anima
1494 797 1541 832 et
1570 804 1699 832 mens

200 869 250 897 se
275 854 398 897 arfte
425 855 679 909 adjungunt
703 855 826 896 carni
852 855 1068 909 corporis,
1089 861 1138 896 ut
1161 860 1405 908 operentur
1426 860 1475 896 et
1497 854 1698 896 efficiant

199 918 385 960 effeetus
410 934 531 968 suos,
561 920 763 973 sequitur
789 919 912 973 quod
945 919 1088 960 unitio
1118 919 1296 959 animae
1322 924 1369 959 et
1396 919 1563 959 mentis
1595 931 1698 959 cum

199 983 393 1037 conjuge
420 985 643 1024 sentiatur
669 983 807 1024 etiam
839 983 884 1023 in
917 995 1106 1036 corpore
1138 983 1255 1023 sicut
1287 995 1376 1022 una
1401 995 1520 1023 caro.
1584 981 1697 1023 Cum

199 1047 313 1088 haec
341 1045 463 1088 dieta
489 1053 594 1087 sunt
620 1047 678 1087 ab
703 1046 895 1099 angelis,
924 1046 1074 1086 audivi
1096 1059 1156 1086 ex
1184 1045 1414 1098 spiritibus
1439 1046 1511 1099 qui
1539 1045 1698 1086 adsta-

198 1111 327 1159 bant,
355 1110 476 1164 quod
508 1110 586 1150 illa
617 1111 708 1150 sint
741 1109 993 1163 sapientiae
1025 1108 1277 1162 angelicae,
1311 1122 1426 1162 quae
1458 1115 1697 1149 transcen-

199 1174 340 1225 dunt;
374 1174 454 1214 sed
486 1174 668 1226 spiritus
705 1172 769 1213 illi
800 1171 1044 1214 rationales
1077 1171 1324 1221 naturales,
1353 1177 1400 1213 et
1433 1185 1524 1212 non
1554 1172 1697 1213 ratio-

199 1237 327 1278 nales
353 1236 625 1290 spirituales,
654 1242 798 1277 erant.

283 1308 410 1353 1¹79.
443 1299 568 1354 (xx.)
605 1299 733 1351 Quod
749 1314 876 1341 amor
901 1313 1002 1341 vere
1021 1299 1282 1355 conjugialis
1313 1298 1358 1340 in
1383 1313 1430 1340 se
1454 1299 1692 1352 spec‘latus,

198 1364 262 1405 sit
281 1364 382 1405 unio
403 1363 672 1413 animarum,
695 1363 933 1418 conjunctio
954 1364 1175 1413 mentium,
1201 1363 1327 1404 nisus
1349 1363 1414 1404 ad
1424 1363 1695 1419 'conjunctio-

198 1441 295 1468 nem
324 1427 370 1468 in
394 1427 659 1480 pectoribus,
683 1434 726 1468 et
756 1427 858 1468 inde
885 1427 931 1468 in
966 1426 1355 1480 corpora—Quod
1382 1427 1441 1467 sit
1466 1427 1572 1467 unio
1598 1426 1695 1466 ani-

198 1503 387 1540 marum,
421 1496 468 1531 et
505 1489 763 1543 conjunffio
801 1491 1038 1540 mentium,
1071 1490 1281 1531 videatur
1316 1503 1450 1543 supra
1485 1489 1547 1543 (n.
1580 1488 1694 1543 158).

199 1553 334 1607 Quod
365 1554 425 1595 sit
457 1554 580 1594 nisus
612 1554 670 1594 ad
707 1552 1072 1607 conjumffionem
1104 1554 1149 1594 in
1181 1551 1453 1607 petitoribus,
1488 1559 1559 1594 est
1591 1553 1695 1606 quia

196 1616 355 1671 peetus
382 1623 453 1658 est
479 1618 622 1658 sorum
646 1623 914 1666 conventus,
940 1623 985 1658 et
1011 1618 1127 1658 sicut
1150 1618 1271 1657 curia
1293 1617 1432 1669 regia,
1457 1622 1504 1657 et
1531 1629 1693 1668 corpus

196 1682 313 1722 sicut
346 1681 451 1721 urbs
483 1680 705 1734 populosa
736 1681 903 1721 circum
935 1680 1059 1721 illud.
1121 1679 1255 1733 Quod
1291 1679 1450 1733 peetus
1483 1680 1540 1720 sit
1573 1680 1690 1720 sicut

195 1744 339 1785 forum
366 1751 634 1792 conventus,
662 1750 733 1785 est
761 1745 863 1798 quia
889 1744 1041 1784 omnia
1063 1757 1177 1797 quae
1204 1744 1262 1783 ab
1284 1744 1434 1784 anima
1460 1750 1506 1784 et
1533 1750 1689 1784 mente

195 1809 560 1849 determinantur
582 1809 626 1849 in
650 1822 826 1862 corpus,
847 1809 1038 1861 primum
1064 1808 1109 1848 in
1137 1805 1293 1860 peetus
1318 1807 1535 1858 influunt;
1570 1808 1690 1861 quod

193 1872 254 1912 sit
276 1872 392 1912 sicut
414 1873 535 1912 curia
556 1873 694 1924 regia,
719 1878 791 1912 est
814 1871 917 1925 quia
938 1871 997 1911 ibi
1019 1877 1091 1912 est
1114 1870 1361 1911 dominium
1385 1883 1518 1923 super
1539 1869 1692 1910 omnia

195 1936 410 1988 corporis,
444 1942 550 1976 sunt
581 1936 702 1976 enim
739 1935 800 1975 ibi
832 1948 910 1975 cor
941 1941 987 1975 et
1024 1934 1193 1988 pulmo,
1227 1940 1274 1975 et
1307 1947 1385 1974 cor
1415 1938 1580 1986 regnat
1613 1945 1693 1985 per

196 2000 477 2053 sanguinem,
506 2005 552 2039 et
579 1999 734 2052 pulmo
761 2012 839 2051 per
865 1999 1210 2051 respirationem
1239 1997 1407 2038 ubivis:
1442 1996 1562 2050 quod
1589 2009 1690 2051 ¹cor-

194 2078 277 2118 pus
300 2065 358 2105 sit
382 2064 498 2104 sicut
520 2063 624 2103 urbs
646 2062 868 2116 populosa
890 2063 1057 2102 circum
1080 2062 1171 2111 illa,
1197 2068 1339 2115 patet.
1401 2060 1514 2102 Cum
1536 2061 1689 2114 itaque

194 2129 370 2168 animae
405 2132 452 2168 et
492 2132 673 2167 mentes
714 2125 958 2179 conjugum
997 2126 1151 2167 unitae
1191 2132 1312 2173 sunt,
1346 2131 1393 2166 et
1425 2138 1552 2165 amor
1582 2138 1688 2165 vere

194 2190 460 2244 conjugialis
487 2191 584 2231 unit
611 2189 728 2239 illas,
756 2191 958 2244 sequitur
983 2190 1103 2243 quod
1136 2189 1342 2230 amabilis
1374 2188 1452 2229 illa
1483 2188 1588 2229 unio
1619 2188 1687 2228 in-

148 2280 151 2283 ·
192 2252 300 2295 fluat
323 2255 366 2294 in
393 2253 572 2308 illorum
594 2251 794 2307 peetora,
819 2259 865 2295 et
893 2267 972 2307 per
994 2252 1105 2294 haec
1133 2253 1177 2293 in
1204 2252 1384 2293 illorum
1411 2265 1615 2305 corpora,
1640 2257 1687 2292 et

193 2323 404 2358 causetur
434 2318 580 2357 nisum
613 2316 669 2357 ad
702 2315 1095 2370 conjunetionem;
1128 2322 1175 2357 et
1207 2329 1263 2357 eo
1294 2315 1394 2369 plus
1426 2316 1529 2369 quia
1559 2327 1688 2355 amor

192 2379 458 2433 conjugialis
486 2381 760 2421 determinat
787 2381 934 2420 nisum
960 2380 1018 2420 ad
1051 2379 1212 2421 ultima
1244 2393 1337 2428 sua,
1365 2378 1422 2419 ad
1448 2377 1686 2431 complen-

192 2443 299 2484 dum
324 2444 496 2484 faustas
519 2445 823 2484 amoenitates
850 2457 979 2494 suas;
1012 2449 1059 2484 et
1082 2443 1184 2496 quia
1210 2441 1368 2496 peetus
1389 2448 1460 2482 est
1482 2442 1526 2482 in
1549 2442 1684 2490 bivio,

191 2512 319 2560 patet
345 2507 464 2548 unde
490 2513 561 2548 est
587 2507 707 2561 quod
739 2519 867 2547 amor
898 2505 1164 2560 conjugialis
1196 2506 1352 2547 sedem
1380 2518 1539 2546 sensus
1570 2504 1684 2545 deli·

192 2570 284 2611 cati
309 2571 374 2611 sui
400 2570 459 2611 ibi
485 2568 644 2611 naecus
671 2571 742 2611 sit.

275 2632 409 2675 180.
443 2633 582 2687 (xxi.)
619 2633 748 2684 Quod
772 2640 919 2674 status
949 2632 1082 2689 hujus
1112 2633 1279 2674 amoris
1304 2632 1397 2674 sint
1420 2631 1679 2680 innocentia,

186 2702 297 2748 pax,
321 2697 643 2750 tranquillitas,
663 2697 858 2738 amicitia
879 2697 1050 2746 intima,
1070 2697 1329 2751 confidentia
1344 2695 1492 2749 plena,
1512 2695 1681 2736 deside-

192 2758 308 2799 rium
333 2759 475 2800 animi
495 2766 537 2800 et
564 2761 709 2801 cordis
735 2767 932 2801 mutuum
950 2760 1157 2813 faciendi
1183 2759 1318 2800 alteri
1344 2773 1466 2799 omne
1496 2758 1681 2805 bonum,-

190 2827 232 2862 et
249 2835 306 2862 ex
327 2823 525 2865 omnibus
548 2824 640 2864 illis
663 2823 896 2872 beatitudo,
909 2823 1149 2876 faustitas,
1158 2822 1435 2875 jucunditas,
1459 2821 1679 2873 voluptas,

190 2890 233 2925 et
260 2897 317 2925 ex
354 2879 516 2927 haruin
537 2887 758 2938 fruitione
796 2893 976 2928 aeterna
1010 2887 1210 2927 caelestis
1239 2884 1678 2938 felz'citas.—Causa,

191 2948 312 3000 quod
337 2948 449 2990 haec
476 2956 522 2990 et
549 2950 626 2991 illa
648 2951 739 2991 sint
764 2951 807 2991 in
834 2963 989 2991 amore
1015 2950 1274 3003 conjugiali,
1299 2956 1345 2991 et
1371 2949 1476 2989 inde
1499 2962 1558 2989 ex
1584 2947 1677 2997 illo,

192 3017 263 3052 est
292 3013 395 3066 quia
426 3014 554 3067 origo
586 3013 678 3068 ejus
715 3020 785 3056 est
821 3028 880 3055 ex
918 3013 1130 3067 conjugio
1162 3014 1268 3054 boni
1304 3020 1351 3055 et
1384 3013 1491 3061 veri,
1519 3017 1567 3054 et
1592 3011 1678 3053 hoc
