<?xml version="1.0" encoding="UTF-8"?>
<!DOCTYPE html PUBLIC "-//W3C//DTD XHTML 1.0 Transitional//EN"
    "http://www.w3.org/TR/xhtml1/DTD/xhtml1-transitional.dtd">
<html xmlns="http://www.w3.org/1999/xhtml" xml:lang="en" lang="en">
 <head>
  <title>
</title>
<meta http-equiv="Content-Type" content="text/html;charset=utf-8" />
  <meta name='ocr-system' content='tesseract 3.04.00' />
  <meta name='ocr-capabilities' content='ocr_page ocr_carea ocr_par ocr_line ocrx_word'/>
</head>
<body>
  <div class='ocr_page' id='page_1' title='image "./deliciaesapienti00sweduoft_0405.png"; bbox 0 0 2014 3386; ppageno 0'>
   <div class='ocr_carea' id='block_1_1' title="bbox 529 330 1733 379">
    <p class='ocr_par' dir='ltr' id='par_1_1' title="bbox 529 330 1733 379">
     <span class='ocr_line' id='line_1_1' title="bbox 529 330 1733 379; baseline 0.002 -15"><span class='ocrx_word' id='word_1_1' title='bbox 529 330 597 365; x_wconf 82' lang='lat' dir='ltr'><strong>DE</strong></span> <span class='ocrx_word' id='word_1_2' title='bbox 628 330 809 364; x_wconf 81' lang='lat' dir='ltr'>AMORE</span> <span class='ocrx_word' id='word_1_3' title='bbox 840 330 1322 366; x_wconf 77' lang='lat' dir='ltr'><strong>sc0RTAT0R1o.—N.</strong></span> <span class='ocrx_word' id='word_1_4' title='bbox 1351 333 1446 378; x_wconf 87' lang='lat'>523.</span> <span class='ocrx_word' id='word_1_5' title='bbox 1651 337 1733 379; x_wconf 91' lang='lat'><strong>399</strong></span> 
     </span>
    </p>
   </div>
   <div class='ocr_carea' id='block_1_2' title="bbox 877 573 1122 631">
    <p class='ocr_par' dir='ltr' id='par_1_2' title="bbox 877 573 1122 631">
     <span class='ocr_line' id='line_1_2' title="bbox 877 573 1122 631; baseline -0.004 -14"><span class='ocrx_word' id='word_1_6' title='bbox 877 573 1122 631; x_wconf 62' lang='lat' dir='ltr'><strong>[xxva]</strong></span> 
     </span>
    </p>
   </div>
   <div class='ocr_carea' id='block_1_3' title="bbox 234 714 1734 832">
    <p class='ocr_par' dir='ltr' id='par_1_3' title="bbox 234 714 1734 832">
     <span class='ocr_line' id='line_1_3' title="bbox 234 714 1734 768; baseline 0.003 -12"><span class='ocrx_word' id='word_1_7' title='bbox 234 714 311 756; x_wconf 82' lang='lat' dir='ltr'><strong>DE</strong></span> <span class='ocrx_word' id='word_1_8' title='bbox 343 715 706 759; x_wconf 85' lang='lat' dir='ltr'><strong>IMPUTATIONE</strong></span> <span class='ocrx_word' id='word_1_9' title='bbox 735 725 1024 767; x_wconf 84' lang='lat' dir='ltr'>UTRIUSQUE</span> <span class='ocrx_word' id='word_1_10' title='bbox 1056 725 1265 768; x_wconf 81' lang='lat' dir='ltr'>AMORIS,</span> <span class='ocrx_word' id='word_1_11' title='bbox 1294 725 1638 760; x_wconf 81' lang='lat' dir='ltr'>SCORTATORII</span> <span class='ocrx_word' id='word_1_12' title='bbox 1669 727 1734 760; x_wconf 82' lang='lat' dir='ltr'><strong>ET</strong></span> 
     </span>
     <span class='ocr_line' id='line_1_4' title="bbox 807 789 1156 832; baseline 0 -10"><span class='ocrx_word' id='word_1_13' title='bbox 807 789 1156 832; x_wconf 84' lang='lat' dir='ltr'><strong>CONJUGIALIS.</strong></span> 
     </span>
    </p>
   </div>
   <div class='ocr_carea' id='block_1_4' title="bbox 230 903 792 957">
    <p class='ocr_par' dir='ltr' id='par_1_4' title="bbox 230 903 792 957">
     <span class='ocr_line' id='line_1_5' title="bbox 230 903 792 957; baseline 0 -12"><span class='ocrx_word' id='word_1_14' title='bbox 230 912 359 957; x_wconf 77' lang='lat'><strong>523.</strong></span> <span class='ocrx_word' id='word_1_15' title='bbox 400 903 525 945; x_wconf 91' lang='lat' dir='ltr'>Dicit</span> <span class='ocrx_word' id='word_1_16' title='bbox 551 903 792 954; x_wconf 88' lang='lat' dir='ltr'>Dominus,</span> 
     </span>
    </p>
   </div>
   <div class='ocr_carea' id='block_1_5' title="bbox 469 993 1490 1037">
    <p class='ocr_par' dir='ltr' id='par_1_5' title="bbox 469 993 1490 1037">
     <span class='ocr_line' id='line_1_6' title="bbox 469 993 1490 1037; baseline 0.003 -12"><span class='ocrx_word' id='word_1_17' title='bbox 469 994 488 1008; x_wconf 91' lang='grc'><strong>“</strong></span> <span class='ocrx_word' id='word_1_18' title='bbox 500 993 582 1026; x_wconf 91' lang='lat' dir='ltr'><strong>Non</strong></span> <span class='ocrx_word' id='word_1_19' title='bbox 599 993 768 1035; x_wconf 89' lang='lat' dir='ltr'><strong>judicate,</strong></span> <span class='ocrx_word' id='word_1_20' title='bbox 790 1004 836 1026; x_wconf 88' lang='lat' dir='ltr'><strong>ne</strong></span> <span class='ocrx_word' id='word_1_21' title='bbox 853 994 1148 1027; x_wconf 87' lang='lat' dir='ltr'><strong>condemnemini</strong></span> <span class='ocrx_word' id='word_1_22' title='bbox 1159 994 1178 1008; x_wconf 84' lang='lat'><strong>’&#39;</strong></span> <span class='ocrx_word' id='word_1_23' title='bbox 1195 995 1339 1036; x_wconf 78' lang='lat' dir='ltr'><strong>(Matth.</strong></span> <span class='ocrx_word' id='word_1_24' title='bbox 1356 996 1415 1028; x_wconf 89' lang='lat' dir='ltr'><strong>vii.</strong></span> <span class='ocrx_word' id='word_1_25' title='bbox 1436 995 1467 1037; x_wconf 91' lang='lat'><strong>1)</strong></span> <span class='ocrx_word' id='word_1_26' title='bbox 1482 1005 1490 1036; x_wconf 85' lang='lat'><em>;</em></span> 
     </span>
    </p>
   </div>
   <div class='ocr_carea' id='block_1_6' title="bbox 221 1082 1734 2148">
    <p class='ocr_par' dir='ltr' id='par_1_6' title="bbox 221 1082 1734 2148">
     <span class='ocr_line' id='line_1_7' title="bbox 226 1082 1734 1139; baseline 0.003 -16"><span class='ocrx_word' id='word_1_27' title='bbox 226 1094 311 1135; x_wconf 86' lang='lat' dir='ltr'><strong>per</strong></span> <span class='ocrx_word' id='word_1_28' title='bbox 340 1082 466 1137; x_wconf 92' lang='lat' dir='ltr'><strong>quod</strong></span> <span class='ocrx_word' id='word_1_29' title='bbox 498 1082 762 1124; x_wconf 90' lang='lat' dir='ltr'><strong>nullatenus</strong></span> <span class='ocrx_word' id='word_1_30' title='bbox 789 1089 945 1137; x_wconf 91' lang='lat' dir='ltr'><strong>potest</strong></span> <span class='ocrx_word' id='word_1_31' title='bbox 977 1083 1176 1138; x_wconf 86' lang='lat' dir='ltr'><strong>intelligi</strong></span> <span class='ocrx_word' id='word_1_32' title='bbox 1204 1083 1426 1138; x_wconf 89' lang='lat' dir='ltr'><strong>judicatio</strong></span> <span class='ocrx_word' id='word_1_33' title='bbox 1459 1085 1516 1126; x_wconf 90' lang='lat' dir='ltr'><strong>de</strong></span> <span class='ocrx_word' id='word_1_34' title='bbox 1548 1083 1734 1139; x_wconf 86' lang='lat' dir='ltr'><strong>alicujus</strong></span> 
     </span>
     <span class='ocr_line' id='line_1_8' title="bbox 228 1146 1732 1202; baseline 0.003 -16"><span class='ocrx_word' id='word_1_35' title='bbox 228 1146 326 1186; x_wconf 86' lang='lat' dir='ltr'><strong>vita</strong></span> <span class='ocrx_word' id='word_1_36' title='bbox 351 1146 511 1187; x_wconf 87' lang='lat' dir='ltr'><strong>morali</strong></span> <span class='ocrx_word' id='word_1_37' title='bbox 541 1153 589 1188; x_wconf 91' lang='lat' dir='ltr'><strong>et</strong></span> <span class='ocrx_word' id='word_1_38' title='bbox 621 1146 741 1188; x_wconf 90' lang='lat' dir='ltr'><strong>civili</strong></span> <span class='ocrx_word' id='word_1_39' title='bbox 773 1147 818 1188; x_wconf 91' lang='lat' dir='ltr'><strong>in</strong></span> <span class='ocrx_word' id='word_1_40' title='bbox 851 1148 1057 1199; x_wconf 88' lang='lat' dir='ltr'><strong>mundo;</strong></span> <span class='ocrx_word' id='word_1_41' title='bbox 1098 1148 1179 1188; x_wconf 90' lang='lat' dir='ltr'><strong>sed</strong></span> <span class='ocrx_word' id='word_1_42' title='bbox 1205 1148 1426 1202; x_wconf 87' lang='lat' dir='ltr'><strong>judicatio</strong></span> <span class='ocrx_word' id='word_1_43' title='bbox 1454 1149 1510 1189; x_wconf 89' lang='lat' dir='ltr'><strong>de</strong></span> <span class='ocrx_word' id='word_1_44' title='bbox 1544 1148 1732 1200; x_wconf 85' lang='lat' dir='ltr'><strong>alicujus</strong></span> 
     </span>
     <span class='ocr_line' id='line_1_9' title="bbox 231 1210 1732 1266; baseline 0.002 -16"><span class='ocrx_word' id='word_1_45' title='bbox 231 1210 329 1251; x_wconf 90' lang='lat' dir='ltr'><strong>vita</strong></span> <span class='ocrx_word' id='word_1_46' title='bbox 359 1210 580 1264; x_wconf 85' lang='lat' dir='ltr'><strong>spirituali</strong></span> <span class='ocrx_word' id='word_1_47' title='bbox 617 1216 664 1252; x_wconf 87' lang='lat' dir='ltr'><strong>et</strong></span> <span class='ocrx_word' id='word_1_48' title='bbox 702 1210 903 1252; x_wconf 88' lang='lat' dir='ltr'><strong>caelesti.</strong></span> <span class='ocrx_word' id='word_1_49' title='bbox 969 1210 1082 1264; x_wconf 81' lang='lat' dir='ltr'><strong>Quis</strong></span> <span class='ocrx_word' id='word_1_50' title='bbox 1123 1225 1213 1254; x_wconf 91' lang='lat' dir='ltr'><strong>non</strong></span> <span class='ocrx_word' id='word_1_51' title='bbox 1247 1212 1387 1261; x_wconf 87' lang='lat' dir='ltr'><strong>videt,</strong></span> <span class='ocrx_word' id='word_1_52' title='bbox 1421 1212 1542 1266; x_wconf 93' lang='lat' dir='ltr'><strong>quod</strong></span> <span class='ocrx_word' id='word_1_53' title='bbox 1574 1213 1610 1253; x_wconf 90' lang='lat' dir='ltr'><strong>si</strong></span> <span class='ocrx_word' id='word_1_54' title='bbox 1642 1227 1732 1254; x_wconf 86' lang='lat' dir='ltr'><strong>non</strong></span> 
     </span>
     <span class='ocr_line' id='line_1_10' title="bbox 231 1268 1732 1327; baseline 0.001 -13"><span class='ocrx_word' id='word_1_55' title='bbox 231 1272 391 1314; x_wconf 90' lang='lat' dir='ltr'><strong>liceret</strong></span> <span class='ocrx_word' id='word_1_56' title='bbox 426 1273 630 1327; x_wconf 89' lang='lat' dir='ltr'><strong>judicare</strong></span> <span class='ocrx_word' id='word_1_57' title='bbox 672 1274 729 1315; x_wconf 92' lang='lat' dir='ltr'><strong>de</strong></span> <span class='ocrx_word' id='word_1_58' title='bbox 769 1275 864 1315; x_wconf 91' lang='lat' dir='ltr'><strong>vita</strong></span> <span class='ocrx_word' id='word_1_59' title='bbox 905 1268 1065 1316; x_wconf 87' lang='lat' dir='ltr'><strong>morali</strong></span> <span class='ocrx_word' id='word_1_60' title='bbox 1097 1274 1460 1316; x_wconf 84' lang='lat' dir='ltr'><strong>cohabitantium</strong></span> <span class='ocrx_word' id='word_1_61' title='bbox 1492 1289 1646 1317; x_wconf 92' lang='lat' dir='ltr'><strong>secum</strong></span> <span class='ocrx_word' id='word_1_62' title='bbox 1687 1276 1732 1316; x_wconf 85' lang='lat' dir='ltr'><strong>in</strong></span> 
     </span>
     <span class='ocr_line' id='line_1_11' title="bbox 227 1336 1732 1393; baseline 0.002 -16"><span class='ocrx_word' id='word_1_63' title='bbox 227 1336 413 1386; x_wconf 85' lang='lat' dir='ltr'><strong>mundo,</strong></span> <span class='ocrx_word' id='word_1_64' title='bbox 433 1338 619 1379; x_wconf 89' lang='lat' dir='ltr'><strong>caderet</strong></span> <span class='ocrx_word' id='word_1_65' title='bbox 642 1338 871 1379; x_wconf 88' lang='lat' dir='ltr'><strong>societas?</strong></span> <span class='ocrx_word' id='word_1_66' title='bbox 932 1337 1052 1391; x_wconf 77' lang='lat' dir='ltr'><strong>Quid</strong></span> <span class='ocrx_word' id='word_1_67' title='bbox 1074 1338 1192 1380; x_wconf 89' lang='lat' dir='ltr'><strong>foret</strong></span> <span class='ocrx_word' id='word_1_68' title='bbox 1215 1340 1426 1388; x_wconf 91' lang='lat' dir='ltr'><strong>societas,</strong></span> <span class='ocrx_word' id='word_1_69' title='bbox 1447 1340 1482 1379; x_wconf 91' lang='lat' dir='ltr'><strong>si</strong></span> <span class='ocrx_word' id='word_1_70' title='bbox 1505 1353 1595 1380; x_wconf 91' lang='lat' dir='ltr'><strong>non</strong></span> <span class='ocrx_word' id='word_1_71' title='bbox 1614 1338 1732 1393; x_wconf 87' lang='lat' dir='ltr'><strong>judi-</strong></span> 
     </span>
     <span class='ocr_line' id='line_1_12' title="bbox 226 1400 1732 1455; baseline 0.003 -15"><span class='ocrx_word' id='word_1_72' title='bbox 226 1400 297 1441; x_wconf 88' lang='lat' dir='ltr'><strong>cia</strong></span> <span class='ocrx_word' id='word_1_73' title='bbox 322 1400 515 1454; x_wconf 89' lang='lat' dir='ltr'><strong>publica,</strong></span> <span class='ocrx_word' id='word_1_74' title='bbox 540 1406 587 1443; x_wconf 90' lang='lat' dir='ltr'><strong>et</strong></span> <span class='ocrx_word' id='word_1_75' title='bbox 612 1401 650 1442; x_wconf 90' lang='lat' dir='ltr'><strong>si</strong></span> <span class='ocrx_word' id='word_1_76' title='bbox 675 1414 766 1442; x_wconf 92' lang='lat' dir='ltr'><strong>non</strong></span> <span class='ocrx_word' id='word_1_77' title='bbox 793 1402 931 1443; x_wconf 91' lang='lat' dir='ltr'><strong>cuivis</strong></span> <span class='ocrx_word' id='word_1_78' title='bbox 953 1415 1082 1442; x_wconf 90' lang='lat' dir='ltr'><strong>suum</strong></span> <span class='ocrx_word' id='word_1_79' title='bbox 1103 1401 1320 1455; x_wconf 89' lang='lat' dir='ltr'><strong>judicium</strong></span> <span class='ocrx_word' id='word_1_80' title='bbox 1346 1402 1402 1442; x_wconf 86' lang='lat' dir='ltr'><strong>de</strong></span> <span class='ocrx_word' id='word_1_81' title='bbox 1429 1402 1604 1443; x_wconf 87' lang='lat' dir='ltr'><strong>altero?</strong></span> <span class='ocrx_word' id='word_1_82' title='bbox 1664 1402 1732 1444; x_wconf 91' lang='lat' dir='ltr'><strong>At</strong></span> 
     </span>
     <span class='ocr_line' id='line_1_13' title="bbox 221 1462 1731 1519; baseline 0.002 -16"><span class='ocrx_word' id='word_1_83' title='bbox 221 1462 425 1516; x_wconf 88' lang='lat' dir='ltr'><strong>judicare</strong></span> <span class='ocrx_word' id='word_1_84' title='bbox 451 1463 595 1517; x_wconf 91' lang='lat' dir='ltr'><strong>qualis</strong></span> <span class='ocrx_word' id='word_1_85' title='bbox 621 1464 808 1506; x_wconf 88' lang='lat' dir='ltr'><strong>interior</strong></span> <span class='ocrx_word' id='word_1_86' title='bbox 830 1477 960 1505; x_wconf 90' lang='lat' dir='ltr'><strong>mens</strong></span> <span class='ocrx_word' id='word_1_87' title='bbox 986 1471 1064 1506; x_wconf 88' lang='lat' dir='ltr'><strong>aut</strong></span> <span class='ocrx_word' id='word_1_88' title='bbox 1087 1465 1238 1506; x_wconf 89' lang='lat' dir='ltr'><strong>anima</strong></span> <span class='ocrx_word' id='word_1_89' title='bbox 1264 1466 1398 1515; x_wconf 88' lang='lat' dir='ltr'><strong>inest,</strong></span> <span class='ocrx_word' id='word_1_90' title='bbox 1427 1466 1491 1506; x_wconf 90' lang='lat' dir='ltr'><strong>ita</strong></span> <span class='ocrx_word' id='word_1_91' title='bbox 1518 1465 1664 1519; x_wconf 89' lang='lat' dir='ltr'><strong>qualis</strong></span> <span class='ocrx_word' id='word_1_92' title='bbox 1690 1467 1731 1507; x_wconf 91' lang='lat' dir='ltr'><strong>ei</strong></span> 
     </span>
     <span class='ocr_line' id='line_1_14' title="bbox 226 1526 1732 1583; baseline 0.003 -17"><span class='ocrx_word' id='word_1_93' title='bbox 226 1532 376 1567; x_wconf 88' lang='lat' dir='ltr'><strong>status</strong></span> <span class='ocrx_word' id='word_1_94' title='bbox 403 1526 663 1579; x_wconf 85' lang='lat' dir='ltr'><strong>spiritualis,</strong></span> <span class='ocrx_word' id='word_1_95' title='bbox 691 1533 739 1568; x_wconf 91' lang='lat' dir='ltr'><strong>et</strong></span> <span class='ocrx_word' id='word_1_96' title='bbox 770 1527 875 1569; x_wconf 90' lang='lat' dir='ltr'><strong>inde</strong></span> <span class='ocrx_word' id='word_1_97' title='bbox 907 1541 1004 1569; x_wconf 91' lang='lat' dir='ltr'><strong>sors</strong></span> <span class='ocrx_word' id='word_1_98' title='bbox 1036 1534 1142 1581; x_wconf 88' lang='lat' dir='ltr'><strong>post</strong></span> <span class='ocrx_word' id='word_1_99' title='bbox 1168 1534 1380 1578; x_wconf 90' lang='lat' dir='ltr'><strong>mortem,</strong></span> <span class='ocrx_word' id='word_1_100' title='bbox 1410 1529 1465 1569; x_wconf 90' lang='lat' dir='ltr'><strong>de</strong></span> <span class='ocrx_word' id='word_1_101' title='bbox 1497 1528 1600 1578; x_wconf 85' lang='lat' dir='ltr'><strong>hoc,</strong></span> <span class='ocrx_word' id='word_1_102' title='bbox 1629 1530 1732 1583; x_wconf 90' lang='lat' dir='ltr'><strong>quia</strong></span> 
     </span>
     <span class='ocr_line' id='line_1_15' title="bbox 225 1589 1729 1645; baseline 0.003 -15"><span class='ocrx_word' id='word_1_103' title='bbox 225 1589 312 1630; x_wconf 90' lang='lat' dir='ltr'><strong>soli</strong></span> <span class='ocrx_word' id='word_1_104' title='bbox 336 1589 536 1631; x_wconf 90' lang='lat' dir='ltr'><strong>Domino</strong></span> <span class='ocrx_word' id='word_1_105' title='bbox 559 1597 719 1632; x_wconf 90' lang='lat' dir='ltr'><strong>notum</strong></span> <span class='ocrx_word' id='word_1_106' title='bbox 741 1597 828 1640; x_wconf 88' lang='lat' dir='ltr'><strong>est,</strong></span> <span class='ocrx_word' id='word_1_107' title='bbox 849 1604 940 1632; x_wconf 91' lang='lat' dir='ltr'><strong>non</strong></span> <span class='ocrx_word' id='word_1_108' title='bbox 964 1591 1072 1632; x_wconf 89' lang='lat' dir='ltr'><strong>licet</strong></span> <span class='ocrx_word' id='word_1_109' title='bbox 1090 1590 1319 1645; x_wconf 88' lang='lat' dir='ltr'><strong>judicare;</strong></span> <span class='ocrx_word' id='word_1_110' title='bbox 1351 1592 1437 1633; x_wconf 89' lang='lat' dir='ltr'><strong>hoe</strong></span> <span class='ocrx_word' id='word_1_111' title='bbox 1461 1605 1543 1634; x_wconf 88' lang='lat' dir='ltr'><strong>nec</strong></span> <span class='ocrx_word' id='word_1_112' title='bbox 1569 1593 1729 1634; x_wconf 93' lang='lat' dir='ltr'><strong>Domi-</strong></span> 
     </span>
     <span class='ocr_line' id='line_1_16' title="bbox 225 1653 1729 1710; baseline 0.002 -16"><span class='ocrx_word' id='word_1_113' title='bbox 225 1665 309 1694; x_wconf 86' lang='lat' dir='ltr'><strong>nus</strong></span> <span class='ocrx_word' id='word_1_114' title='bbox 334 1653 511 1694; x_wconf 86' lang='lat' dir='ltr'><strong>revelat</strong></span> <span class='ocrx_word' id='word_1_115' title='bbox 538 1654 622 1694; x_wconf 89' lang='lat' dir='ltr'><strong>nisi</strong></span> <span class='ocrx_word' id='word_1_116' title='bbox 647 1667 783 1707; x_wconf 92' lang='lat' dir='ltr'><strong>quam</strong></span> <span class='ocrx_word' id='word_1_117' title='bbox 809 1660 915 1708; x_wconf 90' lang='lat' dir='ltr'><strong>post</strong></span> <span class='ocrx_word' id='word_1_118' title='bbox 942 1655 1133 1704; x_wconf 88' lang='lat' dir='ltr'><strong>obitum,</strong></span> <span class='ocrx_word' id='word_1_119' title='bbox 1162 1654 1221 1695; x_wconf 95' lang='lat' dir='ltr'><strong>ob</strong></span> <span class='ocrx_word' id='word_1_120' title='bbox 1247 1668 1431 1696; x_wconf 90' lang='lat' dir='ltr'><strong>causam</strong></span> <span class='ocrx_word' id='word_1_121' title='bbox 1458 1661 1507 1697; x_wconf 91' lang='lat' dir='ltr'><strong>ut</strong></span> <span class='ocrx_word' id='word_1_122' title='bbox 1540 1657 1729 1710; x_wconf 89' lang='lat' dir='ltr'><strong>quisque</strong></span> 
     </span>
     <span class='ocr_line' id='line_1_17' title="bbox 224 1715 1726 1771; baseline 0.003 -15"><span class='ocrx_word' id='word_1_123' title='bbox 224 1729 285 1756; x_wconf 87' lang='lat' dir='ltr'><strong>ex</strong></span> <span class='ocrx_word' id='word_1_124' title='bbox 310 1715 452 1757; x_wconf 88' lang='lat' dir='ltr'><strong>libero</strong></span> <span class='ocrx_word' id='word_1_125' title='bbox 475 1723 585 1770; x_wconf 82' lang='lat' dir='ltr'><strong>agat</strong></span> <span class='ocrx_word' id='word_1_126' title='bbox 607 1717 730 1771; x_wconf 91' lang='lat' dir='ltr'><strong>quod</strong></span> <span class='ocrx_word' id='word_1_127' title='bbox 755 1718 868 1771; x_wconf 84' lang='lat' dir='ltr'><strong>agit,</strong></span> <span class='ocrx_word' id='word_1_128' title='bbox 889 1723 936 1759; x_wconf 87' lang='lat' dir='ltr'><strong>et</strong></span> <span class='ocrx_word' id='word_1_129' title='bbox 963 1731 1043 1771; x_wconf 90' lang='lat' dir='ltr'><strong>per</strong></span> <span class='ocrx_word' id='word_1_130' title='bbox 1067 1718 1156 1759; x_wconf 92' lang='lat' dir='ltr'><strong>hoc</strong></span> <span class='ocrx_word' id='word_1_131' title='bbox 1184 1724 1233 1759; x_wconf 92' lang='lat' dir='ltr'><strong>ut</strong></span> <span class='ocrx_word' id='word_1_132' title='bbox 1259 1718 1430 1759; x_wconf 92' lang='lat' dir='ltr'><strong>bonum</strong></span> <span class='ocrx_word' id='word_1_133' title='bbox 1454 1725 1530 1760; x_wconf 86' lang='lat' dir='ltr'><strong>aut</strong></span> <span class='ocrx_word' id='word_1_134' title='bbox 1558 1719 1726 1761; x_wconf 89' lang='lat' dir='ltr'><strong>malum</strong></span> 
     </span>
     <span class='ocr_line' id='line_1_18' title="bbox 222 1779 1727 1830; baseline 0.003 -10"><span class='ocrx_word' id='word_1_135' title='bbox 222 1780 282 1820; x_wconf 91' lang='lat' dir='ltr'><strong>sit</strong></span> <span class='ocrx_word' id='word_1_136' title='bbox 308 1780 366 1820; x_wconf 90' lang='lat' dir='ltr'><strong>ab</strong></span> <span class='ocrx_word' id='word_1_137' title='bbox 386 1779 467 1821; x_wconf 91' lang='lat' dir='ltr'><strong>illo</strong></span> <span class='ocrx_word' id='word_1_138' title='bbox 492 1787 540 1821; x_wconf 89' lang='lat' dir='ltr'><strong>et</strong></span> <span class='ocrx_word' id='word_1_139' title='bbox 566 1780 629 1821; x_wconf 88' lang='lat' dir='ltr'><strong>sic</strong></span> <span class='ocrx_word' id='word_1_140' title='bbox 654 1781 699 1821; x_wconf 91' lang='lat' dir='ltr'><strong>in</strong></span> <span class='ocrx_word' id='word_1_141' title='bbox 725 1780 820 1830; x_wconf 89' lang='lat' dir='ltr'><strong>illo,</strong></span> <span class='ocrx_word' id='word_1_142' title='bbox 845 1787 893 1822; x_wconf 89' lang='lat' dir='ltr'><strong>et</strong></span> <span class='ocrx_word' id='word_1_143' title='bbox 919 1781 1024 1821; x_wconf 89' lang='lat' dir='ltr'><strong>inde</strong></span> <span class='ocrx_word' id='word_1_144' title='bbox 1047 1781 1172 1822; x_wconf 92' lang='lat' dir='ltr'><strong>vivat</strong></span> <span class='ocrx_word' id='word_1_145' title='bbox 1195 1781 1279 1822; x_wconf 87' lang='lat' dir='ltr'><strong>sibi</strong></span> <span class='ocrx_word' id='word_1_146' title='bbox 1305 1788 1351 1823; x_wconf 92' lang='lat' dir='ltr'><strong>et</strong></span> <span class='ocrx_word' id='word_1_147' title='bbox 1378 1795 1483 1822; x_wconf 91' lang='lat' dir='ltr'><strong>suus</strong></span> <span class='ocrx_word' id='word_1_148' title='bbox 1510 1783 1554 1822; x_wconf 92' lang='lat' dir='ltr'><strong>in</strong></span> <span class='ocrx_word' id='word_1_149' title='bbox 1577 1790 1727 1824; x_wconf 88' lang='lat' dir='ltr'><strong>aeter-</strong></span> 
     </span>
     <span class='ocr_line' id='line_1_19' title="bbox 223 1842 1726 1897; baseline 0.003 -14"><span class='ocrx_word' id='word_1_150' title='bbox 223 1855 344 1884; x_wconf 91' lang='lat' dir='ltr'><strong>num.</strong></span> <span class='ocrx_word' id='word_1_151' title='bbox 406 1842 542 1897; x_wconf 81' lang='lat' dir='ltr'><strong>Quod</strong></span> <span class='ocrx_word' id='word_1_152' title='bbox 565 1844 781 1885; x_wconf 87' lang='lat' dir='ltr'><strong>interiora</strong></span> <span class='ocrx_word' id='word_1_153' title='bbox 803 1845 971 1886; x_wconf 86' lang='lat' dir='ltr'><strong>mentis</strong></span> <span class='ocrx_word' id='word_1_154' title='bbox 992 1845 1036 1885; x_wconf 91' lang='lat' dir='ltr'><strong>in</strong></span> <span class='ocrx_word' id='word_1_155' title='bbox 1061 1845 1235 1886; x_wconf 91' lang='lat' dir='ltr'><strong>mundo</strong></span> <span class='ocrx_word' id='word_1_156' title='bbox 1258 1845 1498 1886; x_wconf 86' lang='lat' dir='ltr'><strong>recondita</strong></span> <span class='ocrx_word' id='word_1_157' title='bbox 1520 1846 1726 1888; x_wconf 88' lang='lat' dir='ltr'><strong>revelen-</strong></span> 
     </span>
     <span class='ocr_line' id='line_1_20' title="bbox 222 1908 1725 1963; baseline 0.003 -15"><span class='ocrx_word' id='word_1_158' title='bbox 222 1913 296 1948; x_wconf 87' lang='lat' dir='ltr'><strong>tur</strong></span> <span class='ocrx_word' id='word_1_159' title='bbox 321 1914 427 1960; x_wconf 88' lang='lat' dir='ltr'><strong>post</strong></span> <span class='ocrx_word' id='word_1_160' title='bbox 454 1914 665 1958; x_wconf 87' lang='lat' dir='ltr'><strong>mortem,</strong></span> <span class='ocrx_word' id='word_1_161' title='bbox 694 1915 765 1950; x_wconf 91' lang='lat' dir='ltr'><strong>est</strong></span> <span class='ocrx_word' id='word_1_162' title='bbox 792 1909 896 1963; x_wconf 89' lang='lat' dir='ltr'><strong>quia</strong></span> <span class='ocrx_word' id='word_1_163' title='bbox 920 1908 1008 1950; x_wconf 92' lang='lat' dir='ltr'><strong>hoc</strong></span> <span class='ocrx_word' id='word_1_164' title='bbox 1035 1908 1228 1951; x_wconf 85' lang='lat' dir='ltr'><strong>interest</strong></span> <span class='ocrx_word' id='word_1_165' title='bbox 1260 1915 1307 1950; x_wconf 88' lang='lat' dir='ltr'><strong>et</strong></span> <span class='ocrx_word' id='word_1_166' title='bbox 1339 1910 1555 1951; x_wconf 84' lang='lat' dir='ltr'><strong>conducit</strong></span> <span class='ocrx_word' id='word_1_167' title='bbox 1578 1912 1725 1952; x_wconf 91' lang='lat' dir='ltr'><strong>socie-</strong></span> 
     </span>
     <span class='ocr_line' id='line_1_21' title="bbox 222 1970 1727 2026; baseline 0.003 -14"><span class='ocrx_word' id='word_1_168' title='bbox 222 1970 396 2012; x_wconf 85' lang='lat' dir='ltr'><strong>tatibus</strong></span> <span class='ocrx_word' id='word_1_169' title='bbox 437 1972 481 2012; x_wconf 93' lang='lat' dir='ltr'><strong>in</strong></span> <span class='ocrx_word' id='word_1_170' title='bbox 523 1985 635 2026; x_wconf 88' lang='lat' dir='ltr'><strong>quas</strong></span> <span class='ocrx_word' id='word_1_171' title='bbox 676 1979 784 2014; x_wconf 91' lang='lat' dir='ltr'><strong>tunc</strong></span> <span class='ocrx_word' id='word_1_172' title='bbox 817 1972 957 2013; x_wconf 92' lang='lat' dir='ltr'><strong>homo</strong></span> <span class='ocrx_word' id='word_1_173' title='bbox 988 1973 1130 2021; x_wconf 89' lang='lat' dir='ltr'><strong>venit,</strong></span> <span class='ocrx_word' id='word_1_174' title='bbox 1164 1979 1270 2014; x_wconf 91' lang='lat' dir='ltr'><strong>sunt</strong></span> <span class='ocrx_word' id='word_1_175' title='bbox 1313 1974 1433 2013; x_wconf 90' lang='lat' dir='ltr'><strong>enim</strong></span> <span class='ocrx_word' id='word_1_176' title='bbox 1466 1986 1625 2015; x_wconf 90' lang='lat' dir='ltr'><strong>omnes</strong></span> <span class='ocrx_word' id='word_1_177' title='bbox 1667 1975 1727 2016; x_wconf 92' lang='lat' dir='ltr'><strong>ibi</strong></span> 
     </span>
     <span class='ocr_line' id='line_1_22' title="bbox 221 2034 1725 2098; baseline 0.002 -22"><span class='ocrx_word' id='word_1_178' title='bbox 221 2035 495 2087; x_wconf 87' lang='lat' dir='ltr'><strong>spirituales.</strong></span> <span class='ocrx_word' id='word_1_179' title='bbox 557 2034 692 2089; x_wconf 84' lang='lat' dir='ltr'><strong>Quod</strong></span> <span class='ocrx_word' id='word_1_180' title='bbox 710 2042 819 2077; x_wconf 90' lang='lat' dir='ltr'><strong>tunc</strong></span> <span class='ocrx_word' id='word_1_181' title='bbox 837 2035 914 2076; x_wconf 87' lang='lat' dir='ltr'><strong>illa</strong></span> <span class='ocrx_word' id='word_1_182' title='bbox 931 2035 1207 2086; x_wconf 84' lang='lat' dir='ltr'><strong>revelentur,</strong></span> <span class='ocrx_word' id='word_1_183' title='bbox 1226 2042 1357 2098; x_wconf 83' lang='lat' dir='ltr'><strong>patet</strong></span> <span class='ocrx_word' id='word_1_184' title='bbox 1375 2051 1435 2077; x_wconf 87' lang='lat' dir='ltr'><strong>ex</strong></span> <span class='ocrx_word' id='word_1_185' title='bbox 1453 2036 1521 2077; x_wconf 88' lang='lat' dir='ltr'><strong>his</strong></span> <span class='ocrx_word' id='word_1_186' title='bbox 1541 2037 1725 2079; x_wconf 90' lang='lat' dir='ltr'><strong>Domini</strong></span> 
     </span>
     <span class='ocr_line' id='line_1_23' title="bbox 222 2098 389 2148; baseline 0 -9"><span class='ocrx_word' id='word_1_187' title='bbox 222 2098 389 2148; x_wconf 88' lang='lat' dir='ltr'><strong>verbis,</strong></span> 
     </span>
    </p>
   </div>
   <div class='ocr_carea' id='block_1_7' title="bbox 290 2188 1725 2363">
    <p class='ocr_par' dir='ltr' id='par_1_7' title="bbox 290 2188 1725 2363">
     <span class='ocr_line' id='line_1_24' title="bbox 290 2188 1724 2233; baseline 0.003 -13"><span class='ocrx_word' id='word_1_188' title='bbox 290 2188 419 2221; x_wconf 88' lang='lat' dir='ltr'><strong>“Nihil</strong></span> <span class='ocrx_word' id='word_1_189' title='bbox 435 2189 652 2222; x_wconf 87' lang='lat' dir='ltr'><strong>occultatum</strong></span> <span class='ocrx_word' id='word_1_190' title='bbox 667 2195 732 2228; x_wconf 91' lang='lat' dir='ltr'><strong>est,</strong></span> <span class='ocrx_word' id='word_1_191' title='bbox 747 2190 842 2232; x_wconf 92' lang='lat' dir='ltr'><strong>quod</strong></span> <span class='ocrx_word' id='word_1_192' title='bbox 860 2200 933 2222; x_wconf 91' lang='lat' dir='ltr'><strong>non</strong></span> <span class='ocrx_word' id='word_1_193' title='bbox 951 2190 1180 2229; x_wconf 83' lang='lat' dir='ltr'><strong>revelabitur,</strong></span> <span class='ocrx_word' id='word_1_194' title='bbox 1194 2196 1256 2223; x_wconf 91' lang='lat' dir='ltr'><strong>aut</strong></span> <span class='ocrx_word' id='word_1_195' title='bbox 1273 2191 1523 2223; x_wconf 87' lang='lat' dir='ltr'><strong>absconditum</strong></span> <span class='ocrx_word' id='word_1_196' title='bbox 1539 2192 1632 2233; x_wconf 87' lang='lat' dir='ltr'><strong>quod</strong></span> <span class='ocrx_word' id='word_1_197' title='bbox 1651 2202 1724 2224; x_wconf 90' lang='lat' dir='ltr'><strong>non</strong></span> 
     </span>
     <span class='ocr_line' id='line_1_25' title="bbox 398 2234 1725 2276; baseline 0.002 -12"><span class='ocrx_word' id='word_1_198' title='bbox 398 2240 636 2274; x_wconf 87' lang='lat' dir='ltr'><strong>cognoscetur</strong></span> <span class='ocrx_word' id='word_1_199' title='bbox 650 2243 657 2271; x_wconf 72' lang='grc' dir='ltr'><strong><em>ς</em></strong></span> <span class='ocrx_word' id='word_1_200' title='bbox 678 2234 759 2266; x_wconf 92' lang='lat' dir='ltr'><strong>ideo</strong></span> <span class='ocrx_word' id='word_1_201' title='bbox 772 2244 1005 2276; x_wconf 90' lang='lat' dir='ltr'><strong>quaecunque</strong></span> <span class='ocrx_word' id='word_1_202' title='bbox 1022 2235 1058 2266; x_wconf 88' lang='lat' dir='ltr'><strong>in</strong></span> <span class='ocrx_word' id='word_1_203' title='bbox 1076 2236 1233 2267; x_wconf 88' lang='lat' dir='ltr'><strong>tenebris</strong></span> <span class='ocrx_word' id='word_1_204' title='bbox 1248 2236 1419 2272; x_wconf 84' lang='lat' dir='ltr'><strong>dixeritis,</strong></span> <span class='ocrx_word' id='word_1_205' title='bbox 1434 2236 1469 2266; x_wconf 90' lang='lat' dir='ltr'><strong>in</strong></span> <span class='ocrx_word' id='word_1_206' title='bbox 1489 2236 1565 2267; x_wconf 90' lang='lat' dir='ltr'><strong>luce</strong></span> <span class='ocrx_word' id='word_1_207' title='bbox 1579 2237 1725 2267; x_wconf 88' lang='lat' dir='ltr'><strong>audien·</strong></span> 
     </span>
     <span class='ocr_line' id='line_1_26' title="bbox 397 2278 1724 2320; baseline 0.002 -12"><span class='ocrx_word' id='word_1_208' title='bbox 397 2282 475 2315; x_wconf 89' lang='lat' dir='ltr'><strong>tur;</strong></span> <span class='ocrx_word' id='word_1_209' title='bbox 506 2283 543 2309; x_wconf 90' lang='lat' dir='ltr'><strong>et</strong></span> <span class='ocrx_word' id='word_1_210' title='bbox 566 2278 661 2318; x_wconf 92' lang='lat' dir='ltr'><strong>quod</strong></span> <span class='ocrx_word' id='word_1_211' title='bbox 693 2278 730 2309; x_wconf 92' lang='lat' dir='ltr'><strong>in</strong></span> <span class='ocrx_word' id='word_1_212' title='bbox 754 2288 878 2310; x_wconf 84' lang='lat' dir='ltr'><strong>aurem</strong></span> <span class='ocrx_word' id='word_1_213' title='bbox 899 2278 1008 2310; x_wconf 88' lang='lat' dir='ltr'><strong>locuti</strong></span> <span class='ocrx_word' id='word_1_214' title='bbox 1028 2279 1168 2310; x_wconf 85' lang='lat' dir='ltr'><strong>fueritis</strong></span> <span class='ocrx_word' id='word_1_215' title='bbox 1193 2280 1229 2311; x_wconf 93' lang='lat' dir='ltr'><strong>in</strong></span> <span class='ocrx_word' id='word_1_216' title='bbox 1254 2279 1436 2317; x_wconf 87' lang='lat' dir='ltr'><strong>cubiculis,</strong></span> <span class='ocrx_word' id='word_1_217' title='bbox 1461 2279 1724 2320; x_wconf 83' lang='lat' dir='ltr'><strong>praedicabitur</strong></span> 
     </span>
     <span class='ocr_line' id='line_1_27' title="bbox 397 2319 954 2363; baseline 0.007 -12"><span class='ocrx_word' id='word_1_218' title='bbox 397 2330 505 2361; x_wconf 88' lang='lat' dir='ltr'><strong>super</strong></span> <span class='ocrx_word' id='word_1_219' title='bbox 521 2319 624 2353; x_wconf 60' lang='lat' dir='ltr'><strong>tediis</strong></span> <span class='ocrx_word' id='word_1_220' title='bbox 635 2320 654 2334; x_wconf 83' lang='lat'><strong>&#39;&#39;</strong></span> <span class='ocrx_word' id='word_1_221' title='bbox 670 2320 768 2362; x_wconf 88' lang='lat' dir='ltr'><strong>(Luc.</strong></span> <span class='ocrx_word' id='word_1_222' title='bbox 785 2323 844 2354; x_wconf 88' lang='lat' dir='ltr'><strong>xii.</strong></span> <span class='ocrx_word' id='word_1_223' title='bbox 863 2330 893 2361; x_wconf 88' lang='lat'><strong>2,</strong></span> <span class='ocrx_word' id='word_1_224' title='bbox 911 2323 954 2363; x_wconf 88' lang='lat'><strong>3).</strong></span> 
     </span>
    </p>
   </div>
   <div class='ocr_carea' id='block_1_8' title="bbox 218 2409 1723 3034">
    <p class='ocr_par' dir='ltr' id='par_1_8' title="bbox 218 2409 1723 3034">
     <span class='ocr_line' id='line_1_28' title="bbox 223 2409 1723 2467; baseline 0.001 -15"><span class='ocrx_word' id='word_1_225' title='bbox 223 2409 478 2452; x_wconf 88' lang='lat' dir='ltr'><strong>Commune</strong></span> <span class='ocrx_word' id='word_1_226' title='bbox 505 2409 736 2463; x_wconf 87' lang='lat' dir='ltr'><strong>judicium,</strong></span> <span class='ocrx_word' id='word_1_227' title='bbox 770 2418 819 2454; x_wconf 91' lang='lat' dir='ltr'><strong>ut</strong></span> <span class='ocrx_word' id='word_1_228' title='bbox 850 2411 953 2462; x_wconf 90' lang='lat' dir='ltr'><strong>hoc,</strong></span> <span class='ocrx_word' id='word_1_229' title='bbox 983 2411 1029 2454; x_wconf 86' lang='lat' dir='ltr'><strong>Si</strong></span> <span class='ocrx_word' id='word_1_230' title='bbox 1060 2412 1167 2454; x_wconf 90' lang='lat' dir='ltr'><strong>talis</strong></span> <span class='ocrx_word' id='word_1_231' title='bbox 1199 2426 1247 2453; x_wconf 91' lang='lat' dir='ltr'><strong>es</strong></span> <span class='ocrx_word' id='word_1_232' title='bbox 1279 2413 1323 2454; x_wconf 91' lang='lat' dir='ltr'><strong>in</strong></span> <span class='ocrx_word' id='word_1_233' title='bbox 1355 2412 1546 2454; x_wconf 86' lang='lat' dir='ltr'><strong>internis</strong></span> <span class='ocrx_word' id='word_1_234' title='bbox 1578 2412 1723 2467; x_wconf 89' lang='lat' dir='ltr'><strong>qualis</strong></span> 
     </span>
     <span class='ocr_line' id='line_1_29' title="bbox 220 2473 1722 2526; baseline 0.003 -13"><span class='ocrx_word' id='word_1_235' title='bbox 220 2486 414 2526; x_wconf 86' lang='lat' dir='ltr'><strong>appares</strong></span> <span class='ocrx_word' id='word_1_236' title='bbox 453 2473 498 2513; x_wconf 91' lang='lat' dir='ltr'><strong>in</strong></span> <span class='ocrx_word' id='word_1_237' title='bbox 530 2475 753 2524; x_wconf 87' lang='lat' dir='ltr'><strong>externis,</strong></span> <span class='ocrx_word' id='word_1_238' title='bbox 787 2475 1036 2517; x_wconf 89' lang='lat' dir='ltr'><strong>salvaberis</strong></span> <span class='ocrx_word' id='word_1_239' title='bbox 1069 2475 1143 2517; x_wconf 88' lang='lat' dir='ltr'><strong>vel</strong></span> <span class='ocrx_word' id='word_1_240' title='bbox 1184 2476 1579 2525; x_wconf 88' lang='lat' dir='ltr'><strong>condemnaberis,</strong></span> <span class='ocrx_word' id='word_1_241' title='bbox 1612 2489 1722 2517; x_wconf 86' lang='lat' dir='ltr'><strong>con-</strong></span> 
     </span>
     <span class='ocr_line' id='line_1_30' title="bbox 221 2535 1722 2592; baseline 0.001 -14"><span class='ocrx_word' id='word_1_242' title='bbox 221 2549 398 2578; x_wconf 88' lang='lat' dir='ltr'><strong>cessum</strong></span> <span class='ocrx_word' id='word_1_243' title='bbox 426 2541 522 2587; x_wconf 89' lang='lat' dir='ltr'><strong>est;</strong></span> <span class='ocrx_word' id='word_1_244' title='bbox 554 2542 602 2578; x_wconf 90' lang='lat' dir='ltr'><strong>at</strong></span> <span class='ocrx_word' id='word_1_245' title='bbox 624 2535 843 2589; x_wconf 88' lang='lat' dir='ltr'><strong>judicium</strong></span> <span class='ocrx_word' id='word_1_246' title='bbox 870 2538 1118 2592; x_wconf 88' lang='lat' dir='ltr'><strong>singulare,</strong></span> <span class='ocrx_word' id='word_1_247' title='bbox 1147 2545 1196 2579; x_wconf 91' lang='lat' dir='ltr'><strong>ut</strong></span> <span class='ocrx_word' id='word_1_248' title='bbox 1223 2538 1325 2587; x_wconf 87' lang='lat' dir='ltr'><strong>hoc,</strong></span> <span class='ocrx_word' id='word_1_249' title='bbox 1355 2539 1425 2580; x_wconf 93' lang='lat' dir='ltr'><strong>Tu</strong></span> <span class='ocrx_word' id='word_1_250' title='bbox 1457 2553 1506 2580; x_wconf 89' lang='lat' dir='ltr'><strong>es</strong></span> <span class='ocrx_word' id='word_1_251' title='bbox 1538 2539 1644 2580; x_wconf 88' lang='lat' dir='ltr'><strong>talis</strong></span> <span class='ocrx_word' id='word_1_252' title='bbox 1676 2540 1722 2580; x_wconf 90' lang='lat' dir='ltr'><strong>in</strong></span> 
     </span>
     <span class='ocr_line' id='line_1_31' title="bbox 219 2598 1722 2652; baseline 0.003 -13"><span class='ocrx_word' id='word_1_253' title='bbox 219 2598 427 2648; x_wconf 85' lang='lat' dir='ltr'><strong>internis,</strong></span> <span class='ocrx_word' id='word_1_254' title='bbox 460 2612 571 2652; x_wconf 88' lang='lat' dir='ltr'><strong>ergo</strong></span> <span class='ocrx_word' id='word_1_255' title='bbox 602 2599 851 2642; x_wconf 86' lang='lat' dir='ltr'><strong>salvaberis</strong></span> <span class='ocrx_word' id='word_1_256' title='bbox 885 2602 961 2643; x_wconf 90' lang='lat' dir='ltr'><strong>vel</strong></span> <span class='ocrx_word' id='word_1_257' title='bbox 1002 2601 1396 2651; x_wconf 88' lang='lat' dir='ltr'><strong>condemnaberis,</strong></span> <span class='ocrx_word' id='word_1_258' title='bbox 1429 2615 1519 2643; x_wconf 91' lang='lat' dir='ltr'><strong>non</strong></span> <span class='ocrx_word' id='word_1_259' title='bbox 1557 2615 1722 2643; x_wconf 90' lang='lat' dir='ltr'><strong>conce-</strong></span> 
     </span>
     <span class='ocr_line' id='line_1_32' title="bbox 219 2661 1722 2718; baseline 0.001 -14"><span class='ocrx_word' id='word_1_260' title='bbox 219 2663 356 2704; x_wconf 90' lang='lat' dir='ltr'><strong>ditur.</strong></span> <span class='ocrx_word' id='word_1_261' title='bbox 422 2661 651 2715; x_wconf 91' lang='lat' dir='ltr'><strong>Judicatio</strong></span> <span class='ocrx_word' id='word_1_262' title='bbox 697 2663 754 2706; x_wconf 91' lang='lat' dir='ltr'><strong>de</strong></span> <span class='ocrx_word' id='word_1_263' title='bbox 792 2665 888 2706; x_wconf 89' lang='lat' dir='ltr'><strong>vita</strong></span> <span class='ocrx_word' id='word_1_264' title='bbox 931 2665 1128 2706; x_wconf 89' lang='lat' dir='ltr'><strong>hominis</strong></span> <span class='ocrx_word' id='word_1_265' title='bbox 1160 2664 1397 2718; x_wconf 85' lang='lat' dir='ltr'><strong>spirituali,</strong></span> <span class='ocrx_word' id='word_1_266' title='bbox 1431 2679 1509 2706; x_wconf 88' lang='lat' dir='ltr'><strong>seu</strong></span> <span class='ocrx_word' id='word_1_267' title='bbox 1541 2665 1722 2706; x_wconf 90' lang='lat' dir='ltr'><strong>interna</strong></span> 
     </span>
     <span class='ocr_line' id='line_1_33' title="bbox 218 2725 1721 2782; baseline 0.001 -14"><span class='ocrx_word' id='word_1_268' title='bbox 218 2727 413 2775; x_wconf 87' lang='lat' dir='ltr'><strong>animae,</strong></span> <span class='ocrx_word' id='word_1_269' title='bbox 439 2725 714 2779; x_wconf 88' lang='lat' dir='ltr'><strong>intelligitur</strong></span> <span class='ocrx_word' id='word_1_270' title='bbox 744 2741 824 2781; x_wconf 89' lang='lat' dir='ltr'><strong>per</strong></span> <span class='ocrx_word' id='word_1_271' title='bbox 854 2728 1222 2781; x_wconf 87' lang='lat' dir='ltr'><strong>imputationem,</strong></span> <span class='ocrx_word' id='word_1_272' title='bbox 1250 2728 1307 2769; x_wconf 91' lang='lat' dir='ltr'><strong>de</strong></span> <span class='ocrx_word' id='word_1_273' title='bbox 1339 2742 1428 2782; x_wconf 89' lang='lat' dir='ltr'><strong>qua</strong></span> <span class='ocrx_word' id='word_1_274' title='bbox 1459 2728 1531 2769; x_wconf 89' lang='lat' dir='ltr'><strong>hic</strong></span> <span class='ocrx_word' id='word_1_275' title='bbox 1558 2729 1721 2782; x_wconf 86' lang='lat' dir='ltr'><strong>agitur.</strong></span> 
     </span>
     <span class='ocr_line' id='line_1_34' title="bbox 220 2788 1720 2847; baseline 0.003 -18"><span class='ocrx_word' id='word_1_276' title='bbox 220 2788 334 2842; x_wconf 85' lang='lat' dir='ltr'><strong>Quis</strong></span> <span class='ocrx_word' id='word_1_277' title='bbox 359 2789 593 2830; x_wconf 88' lang='lat' dir='ltr'><strong>hominum</strong></span> <span class='ocrx_word' id='word_1_278' title='bbox 620 2790 764 2840; x_wconf 90' lang='lat' dir='ltr'><strong>novit,</strong></span> <span class='ocrx_word' id='word_1_279' title='bbox 792 2792 975 2845; x_wconf 88' lang='lat' dir='ltr'><strong>quinam</strong></span> <span class='ocrx_word' id='word_1_280' title='bbox 1002 2797 1233 2833; x_wconf 86' lang='lat' dir='ltr'><strong>scortator</strong></span> <span class='ocrx_word' id='word_1_281' title='bbox 1258 2792 1395 2833; x_wconf 91' lang='lat' dir='ltr'><strong>corde</strong></span> <span class='ocrx_word' id='word_1_282' title='bbox 1427 2797 1514 2841; x_wconf 89' lang='lat' dir='ltr'><strong>est,</strong></span> <span class='ocrx_word' id='word_1_283' title='bbox 1542 2798 1589 2834; x_wconf 89' lang='lat' dir='ltr'><strong>et</strong></span> <span class='ocrx_word' id='word_1_284' title='bbox 1620 2793 1720 2847; x_wconf 88' lang='lat' dir='ltr'><strong>qui-</strong></span> 
     </span>
     <span class='ocr_line' id='line_1_35' title="bbox 219 2849 1718 2910; baseline 0.003 -17"><span class='ocrx_word' id='word_1_285' title='bbox 219 2865 325 2893; x_wconf 88' lang='lat' dir='ltr'><strong>nam</strong></span> <span class='ocrx_word' id='word_1_286' title='bbox 357 2851 527 2906; x_wconf 85' lang='lat' dir='ltr'><strong>conjux</strong></span> <span class='ocrx_word' id='word_1_287' title='bbox 559 2852 697 2894; x_wconf 88' lang='lat' dir='ltr'><strong>corde</strong></span> <span class='ocrx_word' id='word_1_288' title='bbox 728 2853 830 2895; x_wconf 90' lang='lat' dir='ltr'><strong>est?</strong></span> <span class='ocrx_word' id='word_1_289' title='bbox 876 2861 923 2896; x_wconf 92' lang='lat' dir='ltr'><strong>et</strong></span> <span class='ocrx_word' id='word_1_290' title='bbox 969 2861 1126 2896; x_wconf 87' lang='lat' dir='ltr'><strong>tamen</strong></span> <span class='ocrx_word' id='word_1_291' title='bbox 1164 2849 1313 2897; x_wconf 87' lang='lat' dir='ltr'><strong>cordis</strong></span> <span class='ocrx_word' id='word_1_292' title='bbox 1345 2856 1569 2908; x_wconf 85' lang='lat' dir='ltr'><strong>cogitata,</strong></span> <span class='ocrx_word' id='word_1_293' title='bbox 1602 2869 1718 2910; x_wconf 89' lang='lat' dir='ltr'><strong>quae</strong></span> 
     </span>
     <span class='ocr_line' id='line_1_36' title="bbox 219 2915 1717 2974; baseline 0.004 -18"><span class='ocrx_word' id='word_1_294' title='bbox 219 2921 326 2957; x_wconf 92' lang='lat' dir='ltr'><strong>sunt</strong></span> <span class='ocrx_word' id='word_1_295' title='bbox 375 2915 628 2958; x_wconf 90' lang='lat' dir='ltr'><strong>voluntatis</strong></span> <span class='ocrx_word' id='word_1_296' title='bbox 677 2918 926 2971; x_wconf 89' lang='lat' dir='ltr'><strong>proposita,</strong></span> <span class='ocrx_word' id='word_1_297' title='bbox 969 2917 1177 2972; x_wconf 89' lang='lat' dir='ltr'><strong>judicant</strong></span> <span class='ocrx_word' id='word_1_298' title='bbox 1222 2931 1551 2974; x_wconf 88' lang='lat' dir='ltr'><strong>quemcunque.</strong></span> <span class='ocrx_word' id='word_1_299' title='bbox 1627 2919 1717 2962; x_wconf 88' lang='lat' dir='ltr'><strong>Sed</strong></span> 
     </span>
     <span class='ocr_line' id='line_1_37' title="bbox 218 2979 1016 3034; baseline 0.003 -13"><span class='ocrx_word' id='word_1_300' title='bbox 218 2979 332 3021; x_wconf 86' lang='lat' dir='ltr'><strong>haec</strong></span> <span class='ocrx_word' id='word_1_301' title='bbox 359 2980 620 3034; x_wconf 88' lang='lat' dir='ltr'><strong>aperientur</strong></span> <span class='ocrx_word' id='word_1_302' title='bbox 644 2979 689 3021; x_wconf 90' lang='lat' dir='ltr'><strong>in</strong></span> <span class='ocrx_word' id='word_1_303' title='bbox 715 2979 803 3023; x_wconf 92' lang='lat' dir='ltr'><strong>hoc</strong></span> <span class='ocrx_word' id='word_1_304' title='bbox 830 2981 1016 3023; x_wconf 89' lang='lat' dir='ltr'><strong>ordine:</strong></span> 
     </span>
    </p>
   </div>
  </div>
 </body>
</html>
