2014 3386
538 324 606 357 DE
637 323 818 356 AMORE
850 294 1339 356 SCORTATOR10.—N.'
1362 323 1455 368 500.
1658 316 1739 368 383

244 435 349 474 esset
365 436 456 472 eum
473 436 582 472 bono
600 435 772 482 publico,
789 441 831 471 et
850 441 984 471 tamen
1006 434 1080 481 ipsi
1101 434 1249 470 latores
1270 441 1310 482 et
1330 434 1484 481 judices
1502 435 1743 482 quandoque

244 490 519 530 moechantur,
541 495 582 525 et
604 489 709 524 inter
728 500 770 524 se
793 489 945 529 dicunt,
964 487 1060 523 ‘Ille
1081 488 1148 534 qui
1167 489 1317 534 absque
1336 494 1501 533 peccato
1518 494 1589 529 est,
1602 488 1744 524 mittat

244 543 416 589 primum
435 542 608 589 lapidem
620 542 640 578 :'
666 541 775 588 quod
794 542 923 577 solum
943 541 1143 587 simplices
1160 548 1200 576 et
1219 540 1393 587 religiosi
1408 541 1575 576 credant
1588 542 1743 577 adulte-

243 596 302 632 ria
319 607 406 631 esse
423 601 597 641 peccata,
617 605 698 630 non
717 595 773 630 ita
791 594 1072 641 intelligentes,
1087 594 1155 640 qui
1173 594 1275 629 sicut
1294 605 1367 629 nos
1386 593 1592 629 intuentur
1611 594 1678 630 illa
1694 605 1743 630 ex

242 649 393 684 lumine
418 655 595 684 naturae.
647 647 808 683 Numne
833 659 882 683 ex
907 647 1113 683 adulteriis
1139 657 1265 693 aeque
1286 653 1506 682 nascuntur
1531 647 1675 693 proles,
1697 654 1743 683 ut

241 713 291 738 ex
310 700 534 748 conjugiis?
584 700 743 736 Numne
764 701 886 747 spurii
907 711 1034 747 aeque
1055 699 1207 735 habiles
1230 706 1271 735 et
1291 699 1410 735 utiles
1428 706 1520 735 sunt
1540 700 1590 735 ad
1612 700 1743 736 officia

241 762 283 791 et
308 754 537 795 ministeria,
563 754 904 800 quemadmodum
930 753 1126 800 legitimi?
1171 753 1232 788 Ac
1258 753 1420 798 insuper
1444 753 1743 799 prospiciuntur

241 808 413 844 familiae
431 807 580 854 alioqui
600 807 776 843 steriles:
801 814 916 843 estne
934 806 1011 842 hoc
1028 806 1343 842 emolumentum
1362 813 1403 841 et
1421 817 1501 841 non
1520 807 1710 841 damnum
1723 805 1741 842 ?

241 860 350 908 Quid
373 867 493 896 nocet
518 861 632 896 uxori
657 860 691 896 si
717 860 906 896 admittat
931 859 1062 906 plures
1090 858 1258 894 rivales?
1292 865 1333 894 et
1359 859 1454 905 quid
1481 865 1600 894 nocet
1626 859 1742 895 viro?

239 914 349 961 quod
364 914 538 949 dedecus
551 913 639 949 viro
656 913 719 954 sit,
734 920 796 949 est
809 913 946 959 opinio
960 912 1103 947 frivola
1119 923 1168 947 ex
1186 912 1407 958 phantasia.
1451 911 1570 958 Quod
1585 912 1741 948 adulte-

240 967 343 1002 rium
361 967 413 1002 sit
426 974 568 1002 contra
585 967 776 1002 ecclesiae
794 967 903 1012 leges
921 972 963 1001 et
981 972 1144 1006 statuta,
1164 971 1226 1000 est
1243 976 1292 1000 ex
1308 965 1452 1000 ordine
1469 965 1741 1001 ecclesiastico

240 1027 405 1067 propter
422 1026 684 1066 potestatem;
710 1020 780 1055 sed
800 1019 897 1065 quid
912 1018 1186 1065 theologicum
1205 1024 1245 1054 et
1263 1018 1469 1064 spirituale
1486 1029 1577 1053 cum
1596 1018 1741 1055 delicio

190 1094 199 1103 ·
240 1084 347 1109 mere
367 1083 561 1119 corporeo
582 1079 623 1108 et
647 1072 822 1108 carnali?
873 1072 1080 1107 Danturne
1101 1071 1319 1117 presbyteri
1341 1078 1382 1108 et
1407 1071 1592 1107 monachi
1613 1071 1741 1108 tales?

240 1137 336 1161 num
364 1126 419 1161 illi
446 1132 659 1172 propterea
683 1137 764 1161 non
791 1132 962 1171 possunt
986 1135 1203 1171 agnoscere
1229 1131 1271 1160 et
1293 1125 1425 1160 colere
1453 1124 1610 1161 Deum?
1659 1124 1742 1160 Cur

241 1179 375 1225 itaque
393 1186 475 1215 tres
494 1179 550 1214 illi
569 1179 810 1225 praedicant,
822 1178 931 1225 quod
946 1178 1138 1213 adulteris
1152 1188 1232 1213 non
1251 1178 1303 1213 sit
1316 1178 1468 1224 agnitio
1483 1177 1583 1214 Dei?
1621 1178 1740 1213 Tales

239 1232 510 1278 blasphemias
528 1242 609 1267 non
627 1232 846 1267 toleramus
861 1243 869 1273 ς
895 1242 1017 1277 quare
1034 1230 1268 1276 judicentur
1284 1237 1325 1266 et
1347 1230 1598 1276 puniantur.”

313 1285 511 1321 Posthaec
524 1285 618 1325 vidi,
630 1285 739 1330 quod
758 1291 950 1320 vocarent
966 1284 1132 1330 judices,
1146 1295 1247 1330 quos
1262 1290 1513 1330 rogaverunt,
1529 1290 1574 1319 ut
1592 1294 1741 1330 poenas

241 1337 318 1374 illis
332 1338 562 1384 irrogarent.
613 1337 692 1373 Sed
709 1337 864 1384 judices
877 1337 1076 1378 dicebant,
1092 1342 1112 1356 “
1128 1336 1220 1372 Hoc
1238 1337 1365 1372 nostri
1383 1337 1558 1372 muneris
1573 1348 1653 1372 non
1666 1344 1739 1378 est.

239 1402 332 1427 nam
353 1391 486 1437 agitur
505 1391 556 1426 de
577 1391 784 1437 agnitione
808 1390 893 1430 Dei,
912 1397 953 1426 et
974 1390 1024 1426 de
1046 1397 1223 1436 peccato,
1242 1396 1284 1425 et
1304 1390 1362 1425 sic
1383 1390 1432 1425 de
1454 1390 1677 1426 salvatione
1699 1397 1741 1426 et

239 1444 521 1485 damnatione:
556 1444 607 1479 de
633 1444 694 1479 his
714 1443 959 1490 judicabitur
983 1454 1004 1478 e
1030 1443 1164 1478 caelo:
1194 1443 1273 1478 'sed
1304 1443 1515 1478 consilium
1543 1444 1738 1484 dabimus,

239 1498 445 1544 quomodo
463 1497 563 1533 scire
581 1497 762 1543 potestis,
776 1508 870 1531 num
888 1503 970 1532 tres
990 1495 1045 1531 illi
1063 1496 1293 1531 sacerdotes
1305 1496 1620 1542 praedicaverint
1637 1497 1741 1532 veri-

239 1558 364 1587 tates:
397 1558 491 1587 sunt
511 1550 587 1586 tria
608 1551 706 1591 loca,
726 1561 828 1597 quae
854 1561 928 1586 nos
949 1550 1103 1596 judices
1125 1549 1321 1590 novimus,
1343 1550 1410 1584 ubi
1431 1550 1527 1585 talia
1548 1550 1738 1596 singulari

240 1605 362 1640 modo
388 1604 646 1650 explorantur
669 1611 710 1639 et
735 1604 984 1644 revelantur;
1019 1614 1119 1638 unus
1144 1609 1217 1644 est,
1239 1603 1306 1637 ubi
1332 1603 1518 1638 omnibus
1540 1610 1651 1649 patet
1674 1603 1740 1640 via

241 1658 280 1693 in
318 1657 486 1698 caelum,
519 1657 589 1692 sed
623 1657 719 1692 dum
757 1656 797 1691 in
835 1656 989 1691 caelum
1023 1655 1202 1696 veniunt,
1235 1655 1460 1702 percipiunt
1494 1656 1568 1702 ipsi
1602 1657 1740 1702 quales

239 1716 334 1746 sunt
361 1710 491 1756 quoad
521 1709 769 1756 agnitionem
798 1709 895 1749 Dei:
936 1709 1121 1744 secundus
1147 1709 1260 1744 locus
1288 1715 1360 1749 est,
1386 1709 1453 1743 ubi
1480 1709 1600 1744 etiam
1628 1715 1739 1755 patet

238 1763 304 1799 via
337 1763 376 1798 in
402 1763 567 1803 caelum,
594 1763 665 1798 sed
693 1762 797 1797 viam
826 1762 931 1797 illam
959 1762 1106 1797 intrare
1133 1773 1253 1797 nemo
1280 1768 1426 1808 potest,
1453 1762 1527 1797 nisi
1554 1762 1623 1808 qui
1648 1772 1739 1798 cae-

239 1816 320 1851 lum
343 1816 382 1851 in
404 1827 446 1851 se
468 1816 610 1857 habet;
643 1822 684 1851 et
705 1817 846 1850 tertius
874 1815 985 1851 locus
1011 1821 1083 1855 est,
1106 1815 1173 1850 ubi
1200 1815 1266 1851 via
1293 1821 1355 1850 est
1383 1815 1433 1850 ad
1465 1814 1675 1857 infernum,
1698 1822 1739 1852 et

237 1869 344 1905 viam
371 1869 477 1904 illam
505 1868 657 1904 intrant
682 1879 730 1904 ex
756 1874 990 1914 spontaneo,
1017 1867 1114 1914 quia
1142 1879 1192 1903 ex
1219 1868 1408 1914 jucundo,
1435 1868 1502 1914 qui
1530 1868 1739 1904 infernalia

237 1928 394 1958 amant:
420 1932 493 1957 nos
513 1921 668 1968 judices
689 1921 739 1957 ad
763 1921 829 1956 illa
845 1921 935 1956 loca
950 1922 1212 1956 amandamus
1230 1931 1382 1961 omnes,
1400 1921 1469 1967 qui
1492 1921 1542 1956 de
1563 1921 1676 1957 caelo
1697 1928 1738 1957 et

239 1974 395 2011 inferno
411 1975 604 2021 judicium
623 1985 647 2010 a
664 1974 780 2010 nobis
799 1973 1039 2020 postulant.''
1485 2010 1490 2011 ⁷

312 2028 387 2065 His
404 2028 552 2064 auditis
570 2027 759 2063 dixerunt
777 2026 1021 2073 congregati,
1041 2031 1062 2045 “
1074 2026 1220 2062 Eamus
1239 2026 1288 2062 ad
1309 2026 1376 2062 illa
1392 2026 1517 2062 loca.”

311 2081 362 2117 Et
386 2092 475 2116 cum
503 2081 660 2117 iverunt
686 2081 736 2116 ad
754 2082 946 2126 primum,
969 2079 1035 2114 ubi
1062 2080 1248 2115 omnibus
1268 2086 1380 2125 patet
1405 2079 1471 2115 via
1505 2079 1544 2114 in
1570 2079 1736 2121 caelum,

238 2135 373 2171 subito
394 2133 496 2169 faCta
516 2140 577 2170 est
598 2134 748 2181 caligo;
781 2144 903 2180 quare
928 2132 1050 2179 aliqui
1080 2143 1130 2168 ex
1158 2132 1234 2167 illis
1263 2133 1537 2168 accendebant
1559 2132 1666 2168 faces
1696 2139 1738 2168 et

239 2187 521 2234 praetulerunt.
569 2186 731 2234 Judices
751 2197 843 2222 cum
867 2186 942 2222 illis
964 2186 1161 2226 dicebant,
1178 2191 1198 2204 “
1215 2185 1305 2221 Hoc
1328 2185 1373 2220 fit
1391 2186 1576 2221 omnibus
1598 2186 1664 2232 qui
1686 2186 1735 2221 ad

240 2240 410 2286 primum
432 2240 564 2275 locum
586 2240 750 2280 vadunt,
772 2246 813 2275 at
839 2239 942 2275 sicut
962 2238 1296 2285 appropinquant,
1320 2238 1422 2284 ignis
1445 2238 1663 2273 facularum
1691 2238 1736 2274 fit

239 2293 434 2333 hebetior,
455 2299 496 2328 et
522 2292 561 2327 in
589 2293 656 2329 illo
682 2293 771 2328 loco
797 2304 846 2328 ex
872 2293 960 2327 luce
982 2292 1081 2327 caeli
1105 2291 1299 2326 influente
1326 2291 1604 2337 exstinguitur,
1626 2292 1734 2337 quod

239 2347 396 2392 signum
422 2352 484 2381 est
509 2346 616 2392 quod
645 2345 697 2380 ibi
726 2346 825 2386 sint:
859 2356 978 2381 causa
1002 2352 1074 2385 est,
1096 2344 1190 2390 quia
1216 2345 1387 2390 primum
1410 2344 1635 2380 occluditur
1660 2344 1737 2381 illis

238 2399 404 2439 caelum,
423 2405 463 2434 et
482 2405 619 2444 postea
637 2398 849 2444 aperitur.'’

313 2452 362 2487 Et
379 2457 575 2487 venerunt
597 2451 635 2486 in
654 2452 785 2486 locum
809 2451 931 2491 illum,
949 2457 990 2486 et
1008 2449 1214 2486 exstinctis
1233 2449 1371 2484 faculis
1393 2460 1416 2484 a
1437 2460 1478 2484 se
1502 2449 1607 2494 ipsis,
1626 2449 1736 2484 vide-

241 2506 335 2540 bant
361 2504 465 2540 viam
491 2505 724 2540 tendentem
746 2504 908 2550 oblique
933 2514 1090 2539 sursum
1118 2503 1157 2537 in
1185 2502 1359 2537 caelum:
1398 2501 1504 2536 illam
1533 2502 1736 2537 intrabant

240 2558 295 2593 illi
314 2558 381 2604 qui
401 2557 439 2592 in
458 2556 815 2593 excandescentia
807 2568 885 2592 lrae
903 2563 1044 2592 contra
1058 2556 1286 2591 sacerdotes
1304 2561 1437 2596 erant:
1467 2555 1569 2590 inter
1587 2555 1735 2601 primos

241 2611 296 2647 illi
308 2611 385 2657 qui
406 2610 575 2646 adulteri
601 2621 650 2646 ex
676 2610 884 2656 proposito
905 2616 1029 2650 erant,
1052 2615 1144 2670 post
1172 2608 1260 2644 illos
1282 2608 1350 2654 qui
1372 2608 1540 2643 adulteri
1567 2619 1615 2643 ex
1640 2618 1735 2644 con-

240 2665 399 2700 firmato
416 2670 550 2699 erant:
575 2670 616 2698 et
637 2663 676 2698 in
698 2663 954 2699 ascendendo
972 2662 1087 2709 primi
1105 2662 1370 2702 clamabantst
1375 2651 1639 2707 ‘Sequimini;
1644 2661 1664 2674 ’¹
1694 2668 1735 2697 et

239 2724 452 2765 sequentes
470 2716 733 2756 clamabant‚⁸
737 2716 1001 2756 ‘Festinatel'
1019 2722 1060 2751 et
1079 2715 1286 2761 urgebant.

313 2771 412 2806 Post
429 2770 622 2808 horulam.
637 2779 728 2804 cum
746 2780 885 2805 omnes
903 2769 1010 2804 intus
1030 2769 1068 2803 in
1087 2767 1248 2803 caelesti
1267 2767 1459 2803 societate
1477 2773 1600 2807 erant,
1615 2777 1734 2813 appa-

241 2824 320 2860 ruit
340 2824 473 2859 hiatus
495 2822 598 2858 inter
615 2822 704 2857 illos
723 2828 765 2857 et
786 2822 889 2858 inter
905 2822 1080 2868 angelos.
1099 2827 1140 2856 et
1160 2820 1229 2855 lux
1246 2821 1343 2856 caeli
1366 2830 1486 2865 super
1504 2819 1656 2855 hiatum
1676 2820 1734 2855 in-

241 2878 367 2913 fluens
382 2877 421 2912 in
435 2875 574 2912 oculos
583 2875 786 2921 aperiebat
801 2875 989 2911 interiora
1004 2874 1148 2909 mentis
1163 2873 1330 2914 illorum,
1343 2884 1391 2908 ex
1405 2884 1485 2919 quo
1496 2873 1735 2908 tenebantur

242 2930 352 2977 loqui
378 2930 482 2965 sicut
506 2928 671 2964 interius
696 2928 948 2974 cogitabant:
981 2934 1022 2963 et
1046 2934 1144 2963 tunc
1169 2926 1473 2963 sciscitabantur
1497 2926 1546 2962 ab
1571 2925 1732 2977 angelis,

243 2994 336 3020 num
355 2988 574 3030 agnoscant
591 2980 698 3028 quod
719 2980 828 3017 Deus
845 2980 908 3018 sit.
