2014 3386
321 314 376 371 56
781 327 1025 361 DELICIAE
1056 328 1361 363 sAP1ENT1AE

317 450 440 488 num,
468 444 515 480 et
542 438 840 482 divortiorum
865 441 910 482 in
936 455 1018 483 suo
1049 442 1206 484 ordine
1232 443 1535 498 detegentur;
1566 457 1627 486 ex
1651 443 1812 498 quibus

317 501 558 551 videbitur,
587 503 708 556 quod
730 504 849 557 apud
875 504 1116 559 plerosque
1147 505 1283 548 hodie
1308 507 1374 548 ita
1394 506 1633 548 aboleatur
1657 508 1812 561 imago

317 564 396 606 illa
421 566 587 606 amoris
613 566 894 620 conjugialis,
921 574 970 610 et
996 581 1099 610 cum
1130 568 1209 610 illa
1234 570 1453 623 cognitio,
1481 584 1620 624 usque
1642 576 1692 612 ut
1719 583 1811 622 npn

316 628 486 669 sciatur
508 629 652 682 qualis
674 635 757 679 est,
782 636 830 671 et
852 631 930 671 vix
952 632 1074 686 quod
1100 633 1173 673 sit.
1235 631 1409 673 Notum
1431 639 1502 675 est
1521 633 1641 687 quod
1664 634 1811 674 omnis

316 691 472 742 homo,
500 692 608 733 dum
639 694 855 743 nascitur,
889 695 948 735 sit
980 707 1103 736 mere
1135 708 1392 748 corporeus,
1420 701 1468 737 et
1499 696 1620 750 quod
1652 710 1679 737 a
1710 710 1811 738 cor—

316 769 457 810 poreo
482 755 562 797 fiat
589 756 808 798 naturalis
830 758 1018 799 interior
1038 764 1084 799 et
1110 759 1310 807 interior,
1334 766 1382 800 et
1403 759 1467 800 sic
1489 759 1739 809 rationalis,
1764 767 1811 801 et

317 819 501 860 demum
524 820 798 873 spiritualis:
831 821 952 875 quod
985 822 1052 862 ita
1081 823 1384 875 progressive,
1412 829 1483 864 est
1514 824 1618 877 quia
1648 836 1810 876 corpo·

315 896 441 925 reum
468 889 539 924 est
565 884 681 925 sicut
707 884 884 933 humus,
913 884 982 925 cui
1005 885 1244 934 naturalia,
1272 886 1527 935 rationalia,
1555 893 1602 927 et
1628 887 1810 939 spiritu·

317 946 407 988 alia
445 946 490 987 in
522 960 603 987 suo
635 947 792 988 ordine
823 948 1105 999 inseruntur3
1146 948 1211 989 ita
1242 948 1292 990 fit
1331 949 1469 990 homo
1500 949 1600 1002 plus
1631 955 1678 990 et
1710 948 1810 1002 plus

315 1009 469 1051 homo.
530 1010 678 1051 Paene
695 1009 840 1051 simile
858 1010 908 1051 fit
931 1023 1032 1051 cum
1050 1011 1133 1052 init
1152 1010 1435 1065 conjugium:
1468 1018 1576 1053 tunc
1599 1011 1649 1052 fit
1670 1011 1810 1053 homo

315 1073 493 1127 plenior
527 1073 682 1122 homo,
721 1074 825 1127 quia
855 1073 1147 1126 conjungitur
1177 1087 1279 1115 cum
1319 1081 1548 1124 consorte,
1583 1087 1684 1115 cum
1721 1087 1811 1128 qua

318 1150 456 1177 unum
477 1136 708 1177 hominem
725 1141 836 1189 agat
854 1149 863 1187 ;
897 1137 977 1177 sed
999 1136 1084 1187 hoc
1103 1136 1153 1177 fit
1176 1137 1221 1177 in
1243 1137 1387 1190 primo
1404 1143 1528 1179 statu
1551 1138 1595 1178 in
1613 1137 1810 1191 quadam

315 1199 527 1253 imagine,
555 1199 612 1240 de
639 1213 727 1253 quo
754 1200 899 1253 prius;
932 1199 1140 1241 similiter
1161 1205 1268 1241 tunc
1300 1200 1488 1241 inchoat
1517 1214 1544 1241 a
1575 1213 1808 1254 corporee,

316 1269 364 1304 et
390 1263 598 1316 procedit
629 1263 674 1303 in
706 1262 927 1311 naturale,
955 1262 1036 1303 sed
1062 1263 1212 1316 quoad
1244 1262 1546 1316 conjugialem
1578 1263 1735 1312 vitam,
1761 1269 1810 1304 et

315 1326 420 1367 inde
447 1324 814 1379 conjunctionem
836 1326 881 1367 in
904 1338 1067 1377 unum;
1099 1325 1164 1367 illi
1186 1326 1260 1379 qui
1282 1331 1389 1366 tunc
1412 1331 1811 1379 amantcorporea

317 1389 554 1438 naturalia,
588 1395 636 1429 et
667 1388 815 1429 solum
847 1388 1087 1429 rationalia
1117 1403 1178 1429 ex
1209 1387 1312 1438 illis,
1345 1401 1437 1429 non
1477 1394 1668 1442 possunt
1700 1401 1810 1430 con-

311 1451 439 1506 jungi
466 1452 669 1493 consorti
700 1452 818 1492 sicut
850 1452 895 1492 in
927 1465 1079 1500 unum,
1109 1452 1193 1492 nisi
1218 1451 1368 1506 quoad
1400 1458 1595 1492 externa
1625 1450 1730 1503 illa;
1762 1458 1810 1493 et

316 1527 419 1555 cum
445 1521 640 1555 externa
662 1514 893 1564 deficiunt,
918 1515 1094 1556 invadit
1119 1516 1298 1556 interna
1321 1515 1474 1568 frigus,
1498 1514 1619 1568 quod
1644 1515 1811 1556 amoris

315 1577 432 1618 illius
454 1577 653 1630 jucunda
678 1579 795 1619 sicut
821 1591 848 1618 a
873 1584 1028 1619 mente
1053 1579 1118 1619 ita
1143 1592 1170 1619 a
1195 1591 1398 1632 corpore,
1426 1591 1479 1618 ac
1505 1584 1668 1630 postea
1694 1578 1810 1619 sicut

315 1654 342 1681 a
367 1654 556 1694 corpore
579 1641 644 1682 ita
670 1655 696 1681 a
721 1646 892 1690 mente,
917 1641 1132 1692 discutit;
1165 1647 1212 1682 et
1239 1641 1326 1682 hoc
1349 1654 1405 1682 eo
1426 1655 1566 1694 usque
1589 1641 1695 1681 dum
1718 1653 1810 1681 non

316 1711 523 1757 superest
555 1704 725 1758 aliquid
761 1718 821 1745 ex
857 1704 1196 1746 reminiscentia
1227 1704 1284 1745 de
1321 1710 1446 1745 statu
1480 1704 1713 1758 primaevo
1742 1703 1810 1744 sui

315 1766 526 1820 conjugii,
560 1773 897 1821 consequenter
927 1780 1010 1808 nec
1043 1767 1249 1820 cognitio
1280 1766 1337 1807 de
1374 1766 1466 1807 illo.
1542 1765 1674 1807 Nunc
1706 1766 1810 1820 quia

315 1832 380 1872 ita
405 1831 455 1872 fit
481 1831 617 1872 hodie
642 1831 762 1884 apud
788 1830 1041 1884 plerosque,
1069 1836 1197 1884 patet
1224 1830 1344 1884 quod
1369 1843 1497 1870 amor
1521 1843 1626 1870 vere
1652 1828 1808 1883 conju-

315 1894 446 1948 gialis
478 1908 569 1935 non
602 1895 771 1935 sciatur
801 1893 946 1948 qualis
971 1899 1057 1942 est,
1092 1899 1138 1934 et
1164 1893 1245 1934 vix
1276 1892 1397 1946 quod
1428 1893 1501 1933 sit.
1573 1891 1727 1933 Aliter
1757 1891 1808 1934 fit

315 1957 403 1998 illis
431 1958 504 2011 qui
530 1957 786 2010 spirituales
813 1963 948 2008 sunt;
981 1956 1050 1997 his
1076 1961 1147 1997 est
1179 1956 1347 2009 primus
1373 1961 1523 1996 status
1547 1955 1807 1996 initiamen-

315 2026 413 2062 tum
453 2020 511 2060 ad
551 2020 811 2061 faustitates
848 2025 1106 2073 perpetuas,
1145 2032 1261 2072 quae
1291 2017 1484 2071 gradum
1520 2024 1806 2071 promovent,

315 2084 430 2124 sicut
457 2083 691 2136 spirituale
719 2082 944 2124 rationale
976 2082 1158 2131 mentis,
1187 2087 1233 2122 et
1260 2095 1319 2122 ex
1351 2080 1438 2122 hoc
1470 2079 1678 2121 naturale
1703 2093 1807 2122 sen-

314 2146 440 2187 suale
463 2147 675 2199 corporis,
696 2147 824 2187 unius
846 2158 948 2187 cum
970 2145 1157 2187 alterius
1179 2158 1228 2186 se
1249 2143 1532 2197 conjungunt
1550 2150 1597 2185 et
1619 2143 1807 2195 uniunt;

314 2210 395 2251 sed
421 2209 466 2250 hi
492 2210 577 2250 rari
604 2216 722 2250 sunt.

399 2275 501 2316 60.
545 2271 626 2325 (ii.)
663 2272 791 2323 Quod
811 2271 933 2313 illius
959 2270 1131 2313 amoris
1156 2269 1286 2324 orzssgv
1316 2269 1378 2311 sit
1405 2283 1462 2310 ex
1480 2267 1678 2323 conjugio
1708 2266 1808 2309 boni

312 2342 356 2378 et
374 2334 679 2387 verz'.—Quod
707 2336 859 2375 omnia
884 2335 928 2376 in
951 2335 1160 2376 universo
1186 2347 1234 2375 se
1260 2333 1457 2374 referant
1480 2332 1537 2373 ad
1564 2332 1732 2372 bonum
1757 2339 1805 2372 et

313 2411 485 2447 verum,
518 2398 575 2438 ab
606 2398 729 2438 omni
760 2398 945 2439 homine
977 2397 1267 2451 intelligente
1299 2395 1576 2450 agnoscitur,
1600 2394 1703 2447 quia
1733 2401 1805 2434 est

314 2460 568 2503 universale
594 2474 748 2501 verum
769 2474 778 2511 3
811 2461 932 2514 quod
958 2461 1097 2501 etiam
1122 2462 1167 2501 in
1193 2460 1401 2501 omnibus
1423 2464 1470 2499 et
1495 2456 1683 2510 singulis
1707 2456 1803 2496 uni-

314 2525 432 2566 versi
472 2524 639 2565 bonum
677 2524 734 2564 sit
774 2522 1066 2576 conjunctum
1107 2537 1228 2571 vero,
1262 2535 1314 2563 ac
1354 2533 1508 2562 verum
1540 2520 1675 2568 bono,
1712 2531 1803 2559 non

315 2593 471 2643 potest
494 2600 585 2627 non
612 2587 815 2639 agnosci,
844 2587 947 2639 quia
978 2586 1064 2627 hoc
1092 2587 1229 2626 etiam
1255 2590 1327 2625 est
1353 2581 1606 2624 universale
1632 2593 1803 2629 verum,

315 2651 436 2706 quod
454 2650 669 2691 cohaeret
690 2662 789 2690 curn
812 2649 972 2690 altero.
1034 2648 1194 2697 Causa,
1214 2647 1334 2701 quod
1357 2646 1508 2687 omnia
1529 2645 1573 2685 in
1596 2644 1804 2684 universo

315 2728 364 2756 se
389 2714 585 2755 referant
610 2712 668 2753 ad
700 2712 868 2753 bonum
894 2718 942 2752 et
974 2724 1144 2759 verum,
1173 2717 1220 2751 et
1247 2709 1367 2763 quod
1399 2708 1568 2749 bonum
1600 2707 1660 2748 sit
1693 2720 1802 2747 con-

311 2775 514 2831 junctum
539 2789 662 2824 vero,
690 2781 737 2816 et
763 2775 1008 2827 reciproce,
1036 2780 1106 2815 est
1138 2773 1240 2826 quia
1271 2779 1508 2824 utrumque
1541 2769 1747 2823 procedit
1777 2782 1804 2810 a

316 2840 530 2888 Domino,
557 2852 610 2879 ac
636 2838 889 2892 procedunt
912 2838 969 2878 ab
995 2838 1095 2890 ipso
1117 2842 1166 2877 ut
1193 2847 1327 2875 unum
1348 2847 1356 2874 :
1390 2833 1479 2874 duo
1506 2847 1620 2887 quae
1643 2846 1804 2888 proce-

315 2903 430 2944 dunt
461 2916 488 2943 a
518 2902 729 2950 Domino,
763 2906 868 2941 sunt
899 2913 1027 2944 amor
1057 2905 1104 2940 et
1137 2897 1375 2950 sapientia,
1409 2897 1512 2950 quia
1546 2896 1659 2938 haec
1697 2902 1803 2937 sunt

317 2965 436 3019 lpse,
469 2965 536 3007 ita
565 2966 624 3007 ab
659 2964 792 3018 Ipso;
832 2969 879 3005 et
910 2962 1063 3004 omnia
1102 2974 1215 3015 quae
1247 2966 1353 3001 sunt
1385 2959 1550 3000 amoris
1580 2964 1802 3000 vocantur
