2014 3386
313 345 397 397 384
758 350 1086 384 VOLUPTATES
1117 349 1360 383 INSANIAE

385 464 698 511 Responderunt
719 463 847 510 primi,
866 463 934 510 qui
956 474 1005 499 ex
1026 463 1235 509 proposito
1251 463 1471 499 voluntatis
1491 469 1604 499 erant
1624 463 1806 506 adulteri,

313 522 335 537 ‘⁴
346 517 453 565 Quid
474 517 582 553 Deus
592 516 632 552 ?’'
653 523 694 552 et
711 524 952 562 aspexerunt
972 527 1014 552 se
1032 523 1183 556 mutuo,
1203 522 1244 551 et
1261 516 1458 557 dixerunt,
1477 521 1498 535 “
1513 516 1612 563 Quis
1628 524 1806 553 vestrum

310 571 414 607 vidit
427 570 542 606 Illum
557 570 597 606 ?''
616 569 801 610 Secundi,
813 569 880 616 qui
894 580 942 605 ex
954 569 1256 604 confirmatione
1270 568 1493 605 intellectus
1503 576 1615 605 erant
1626 570 1808 612 adulteri,

311 624 508 664 dixerunt,
528 627 548 641 ‘⁴
561 622 715 658 Suntne
736 629 901 657 naturae
922 622 1084 657 omnia?
1111 621 1218 668 Quid
1239 633 1359 668 supra
1379 623 1485 658 illam
1507 623 1582 659 nisi
1603 623 1663 659 sol
1675 621 1715 659 ?”
1757 623 1808 659 Et

310 683 407 712 tunc
428 675 558 722 angeli
580 676 766 711 dixerunt
787 675 876 715 illis,
899 680 918 694 ‘⁴
934 675 1140 710 Discedite
1165 686 1189 710 a
1213 675 1348 716 nobis;
1381 686 1487 710 nunc
1507 676 1582 722 ipsi
1604 676 1807 722 percipitis

311 729 419 775 quod
445 728 559 764 vobis
585 739 666 763 non
693 729 745 764 sit
779 728 932 775 agnitio
965 728 1059 768 Dei;
1096 728 1258 773 quando
1291 728 1545 769 descenditis,
1571 729 1808 764 claudentur

312 782 503 817 interiora
520 781 666 816 mentis
683 788 852 822 vestrae,
871 788 912 816 et
929 781 1160 826 aperientur
1176 780 1372 816 exteriora
1389 781 1486 827 ejus,
1503 788 1542 816 et
1560 788 1656 817 tunc
1674 788 1807 827 potes·

311 835 364 870 tis
382 834 490 880 loqui
510 841 651 869 contra
669 834 869 875 interiora,
888 834 1082 870 ‹eu-dicere
1099 834 1206 879 quod
1230 833 1338 869 Deus
1359 834 1428 874 sit:
1453 834 1614 874 credite,
1633 834 1741 880 quod
1762 841 1808 870 ut

312 888 484 935 primum
513 888 635 923 homo
665 887 873 923 actualiter
906 888 951 923 fit
984 888 1153 927 adulter,
1175 888 1408 922 occludatur
1433 888 1488 923 illi
1514 888 1689 928 caelum:
1726 898 1807 934 quo

311 941 475 977 occluso
503 940 612 976 Deus
646 952 727 976 non
753 941 1007 987 agnoscitur:
1043 940 1180 975 audite
1204 951 1387 981 causam:
1424 951 1473 976 ex
1505 941 1710 977 adulteriis
1743 948 1807 976 est

311 1005 431 1030 omne
453 995 705 1029 immundum
727 993 882 1034 inferni,
900 1001 941 1029 et
967 993 1044 1029 hoc
1063 999 1177 1039 putet
1200 993 1239 1028 in
1257 994 1368 1029 caelo
1386 993 1489 1029 sicut
1507 1001 1621 1040 putre
1638 1005 1805 1030 caenum

312 1047 570 1093 platearum.''

384 1099 460 1135 His
481 1100 639 1140 auditis,
661 1105 947 1135 converterunt
972 1109 1027 1140 se,
1049 1105 1090 1134 et
1115 1099 1408 1134 descenderunt
1433 1109 1505 1144 per
1527 1105 1608 1135 tres
1628 1099 1735 1136 vias:
1766 1106 1808 1136 et

310 1164 402 1189 cum
422 1152 524 1188 infra
540 1159 665 1193 erant,
681 1152 796 1198 primi
815 1159 856 1187 et
874 1151 1038 1187 secundi
1058 1152 1163 1187 inter
1179 1163 1222 1187 se
1239 1152 1426 1187 collocuti
1446 1152 1642 1193 dicebant,
1657 1157 1677 1171 ‘¹
1691 1152 1809 1189 Vice-

311 1213 404 1242 runt
431 1206 484 1241 ibi
510 1206 760 1246 sacerdotes;
794 1205 864 1240 sed
891 1205 1038 1240 scimus
1063 1205 1171 1251 quod
1198 1216 1271 1240 nos
1297 1215 1422 1251 aeque
1447 1215 1493 1240 ac
1527 1205 1582 1240 illi
1608 1205 1808 1251 possimus

311 1259 419 1305 loqui
438 1260 488 1294 de
508 1259 617 1299 Deo;
643 1265 684 1293 et
705 1269 794 1293 curn
814 1258 1017 1304 loquimur
1033 1257 1141 1304 quod
1159 1258 1223 1298 sit,
1241 1269 1375 1293 annon
1390 1258 1643 1304 agnoscimus
1663 1257 1806 1294 Illum?

309 1311 509 1348 Interiora
541 1318 582 1347 et
620 1311 818 1347 exteriora
849 1311 1006 1352 mentis,
1038 1312 1088 1346 de
1125 1311 1271 1357 quibus
1301 1311 1433 1357 angeli
1464 1312 1684 1352 narrabant,
1713 1317 1807 1347 sunt

308 1365 486 1401 inventa.
537 1364 616 1400 Sed
638 1365 688 1399 ad
711 1365 931 1400 secundum
954 1364 1087 1399 locum
1109 1375 1132 1400 a
1151 1363 1351 1410 judicibus
1371 1363 1636 1410 designatum,
1655 1364 1721 1399 ubi
1742 1364 1807 1400 via

307 1424 421 1464 patet
443 1417 481 1452 in
501 1418 652 1453 caelum
673 1418 749 1453 illis
767 1417 834 1463 qui
853 1417 1006 1453 caelum
1025 1417 1065 1452 in
1091 1428 1133 1453 se
1151 1418 1310 1457 habent,
1331 1417 1387 1452 ita
1408 1417 1484 1452 illis
1501 1417 1568 1463 qui
1590 1416 1630 1452 in
1650 1417 1805 1453 caelum

307 1470 468 1507 venturi
485 1477 591 1511 sunt,
605 1470 831 1506 abeamus.”

272 1520 274 1523 ’
382 1523 436 1559 Et
465 1534 557 1558 cum
584 1529 848 1561 accesserunt.
875 1522 998 1558 exivit
1023 1534 1102 1558 vox
1127 1533 1149 1558 e
1178 1522 1291 1558 caelo
1317 1520 1395 1563 illo,
1418 1521 1634 1558 “Claudite
1659 1529 1805 1568 portas,

306 1576 481 1612 adulteri
502 1576 540 1611 in
556 1576 780 1622 propinquo
798 1582 891 1611 sunt
906 1576 939 1617 ;''
966 1583 1006 1611 et
1023 1575 1157 1611 subito
1171 1576 1327 1611 clausae
1341 1581 1435 1611 sunt
1453 1582 1601 1621 portae,
1615 1581 1656 1612 et
1673 1583 1806 1612 custo-

307 1629 378 1665 des
395 1640 489 1665 cum
508 1630 658 1664 baculis
676 1629 715 1663 in
735 1629 917 1664 manibus
933 1630 1152 1675 abegerunt
1170 1629 1277 1669 illos:
1303 1635 1344 1664 et
1363 1635 1445 1664 tres
1459 1628 1697 1669 sacerdotes,
1711 1639 1806 1664 con-

307 1688 371 1718 tra
395 1693 501 1728 quos
521 1682 755 1717 tumultuati
782 1689 886 1722 sunt,
909 1688 1144 1717 exemerunt
1164 1682 1356 1721 custodia,
1379 1688 1420 1717 et
1445 1681 1484 1716 in
1505 1681 1659 1717 caelum
1681 1681 1806 1718 intro-

308 1735 532 1770 duxerunt:
558 1741 599 1770 et
617 1735 733 1775 illico,
752 1746 842 1770 cum
866 1741 983 1780 porta
1001 1746 1073 1780 pro
1090 1735 1364 1770 sacerdotibus
1382 1741 1520 1780 aperta
1536 1740 1632 1775 erat,
1650 1745 1674 1770 e
1693 1735 1806 1771 caelo

308 1787 470 1823 afflabat
496 1788 663 1823 rebelles
687 1788 909 1834 jucundum
935 1787 1125 1834 conjugii,
1151 1788 1260 1834 quod
1286 1787 1382 1834 quia
1405 1794 1559 1823 castum
1585 1794 1626 1823 et
1659 1799 1802 1834 purum

308 1846 406 1881 erat,
426 1851 552 1886 paene
570 1841 822 1876 exanimabat
841 1841 940 1876 illos.

383 1892 516 1939 Quare
537 1904 585 1928 ex
605 1893 750 1929 timore
767 1893 932 1939 deliquii
954 1904 978 1928 a
998 1893 1261 1929 suffocatione
1279 1893 1544 1940 properabant
1564 1893 1614 1928 ad
1639 1892 1802 1928 tertium

312 1945 456 1985 locum,
475 1946 525 1981 de
551 1956 631 1991 quo
655 1946 809 1991 judices
835 1947 1033 1987 dixerunt,
1052 1947 1161 1992 quod
1185 1947 1277 1982 inde
1297 1946 1362 1981 via
1385 1946 1435 1981 ad
1463 1945 1661 1981 infernum
1678 1952 1803 1986 esset:

311 2004 354 2033 et
377 2004 474 2033 tunc
495 1998 587 2033 inde
608 1998 768 2034 efflabat
787 1999 1006 2044 jucundum
1028 1999 1225 2040 adulterii,
1243 2010 1292 2034 ex
1317 2009 1398 2045 quo
1425 2001 1481 2034 ita
1503 1998 1692 2034 vivificati
1709 2005 1805 2035 sunt

313 2050 382 2091 illi,
400 2051 469 2097 qui
490 2062 540 2087 ex
565 2052 773 2097 proposito
799 2059 840 2088 et
866 2053 934 2099 qui
961 2063 1010 2088 ex
1034 2052 1272 2088 confirmato
1289 2058 1403 2088 erant
1419 2052 1601 2091 adulteri,
1620 2058 1666 2087 ut
1689 2051 1802 2099 quasi

312 2103 498 2140 saltando
515 2104 818 2146 descenderent,
836 2111 877 2141 et
895 2116 938 2141 se
955 2105 1058 2141 sicut
1076 2105 1185 2151 porci
1204 2105 1258 2141 ibi
1277 2105 1558 2152 immergerent
1576 2104 1804 2142 immundis.

859 2273 984 2282 ..-

957 2426 1152 2482 [ΧΧΠ]

648 2544 724 2586 DE
756 2544 996 2587 LIBIDINE
1027 2544 1468 2588 DEFLoRATmNIS.

397 2678 530 2722 501.
559 2666 807 2730 Libidines‚
831 2668 888 2709 de
911 2667 1070 2722 quibus
1091 2667 1134 2709 in
1157 2674 1351 2722 quatuor
1372 2668 1593 2722 capitibus
1610 2669 1802 2723 posthac

314 2730 608 2783 sequentibus
631 2731 794 2783 agitur,
822 2745 914 2773 non
947 2730 1084 2772 modo
1109 2738 1213 2772 sunt
1245 2731 1453 2773 libidines
1474 2732 1698 2782 adulterii,
1721 2733 1802 2775 sed

314 2791 402 2833 illis
428 2793 670 2846 graviores,
695 2795 908 2847 quoniam
934 2808 1025 2835 non
1048 2794 1216 2835 dantur
1237 2796 1321 2836 nisi
1347 2809 1406 2836 ex
1433 2795 1678 2844 adulteriis,
1698 2807 1803 2837 nam

316 2861 559 2908 captantur
595 2863 838 2910 postquam
878 2857 1102 2899 adulteria
1141 2857 1456 2910 fastidiuntur;
1506 2859 1622 2900 sicut
1662 2858 1803 2900 libido

316 2917 642 2968 deflorationis,
667 2919 723 2960 de
750 2933 837 2973 qua
863 2921 1053 2973 primurn
1080 2921 1243 2974 agitur,
1268 2935 1382 2975 quae
1405 2935 1494 2963 non
1521 2922 1640 2975 prius
1666 2936 1802 2963 exor-

316 2980 399 3022 diri
425 2987 579 3035 potest
605 2981 724 3035 apud
747 2982 967 3037 aliquem;
1000 2984 1167 3037 pariter
1187 2984 1327 3027 libido
1349 2985 1636 3036 varietatum,
1661 2984 1801 3027 libido
