2014 3386
341 376 422 420 292
801 375 1044 408 DELICIAE
1076 375 1382 408 SAPIENTIAE

340 496 500 532 mutuo
527 504 618 532 non
645 497 816 541 amant,
844 491 985 532 etiam
1012 490 1214 544 zelotypi
1245 496 1365 540 sunt,
1394 489 1705 544 principaliter
1727 496 1836 532 'sunt

338 554 486 595 honor
516 555 770 608 potentiae,
798 555 935 596 timor
965 554 1288 595 diffamationis
1318 554 1386 595 sui
1416 555 1612 595 nominis
1642 560 1691 595 et
1721 565 1835 608 quo-

338 630 424 671 que
456 618 624 667 uxoris,
652 631 705 659 ac
746 618 939 659 formido
970 631 1026 658 ne
1067 631 1138 658 res
1178 617 1460 658 domesticae
1492 615 1835 659 labefactentur.

339 679 474 733 Quod
500 681 604 720 viris
630 681 689 721 sit
714 680 862 721 honor
887 681 1138 734 potentiae,
1165 679 1252 721 hoc
1279 686 1364 729 est,
1388 680 1508 733 quod
1535 679 1678 721 velint
1705 692 1834 733 mag·

338 742 478 784 nifieri
515 757 575 784 ex
612 743 708 793 illo,
743 751 905 785 notum
938 750 1034 794 est;
1083 754 1187 784 nam
1219 743 1434 797 quamdiu
1464 742 1536 784 hic
1568 742 1716 784 honor
1745 743 1835 785 illis

337 812 422 854 e-st,
450 806 569 847 sicut
600 806 783 848 elevata
813 812 968 848 mente
1000 812 1122 855 sunt,
1150 812 1198 847 et
1230 819 1322 847 non
1353 805 1552 846 demissa
1576 805 1690 847 facie
1715 806 1836 847 inter

336 870 457 910 viros
484 876 531 911 et
557 869 774 911 femi-nas:
807 871 946 911 etiam
973 869 1036 910 illi
1061 870 1222 911 honori
1244 883 1293 910 se
1319 868 1526 922 adjungit
1552 882 1718 910 nomen
1743 869 1833 910 for-

335 933 570 984 titudinis;
604 947 740 987 quare
764 932 1003 987 praefectis
1027 933 1222 974 militum
1247 933 1415 974 insidet
1442 933 1541 985 plus
1563 945 1696 986 quam
1719 932 1832 974 aliis.

337 995 472 1049 Quod
490 997 549 1038 sit
566 997 704 1038 timor
721 996 1039 1038 diffamationis
1057 997 1252 1037 nominis
1270 996 1336 1036 sui
1359 1002 1405 1037 et
1429 997 1596 1044 uxoris,
1616 996 1833 1037 cohaeret

335 1073 438 1100 cum
480 1061 627 1113 priore
674 1073 836 1110 causa;
884 1060 955 1101 cui
995 1060 1190 1109 accedit,
1233 1059 1354 1113 quod
1402 1059 1686 1100 cohabitatio
1729 1072 1833 1101 cum

334 1130 503 1173 scorto,
532 1130 579 1165 et
610 1137 806 1177 ganeum
839 1124 883 1165 in
910 1124 1062 1172 domo,
1087 1124 1178 1164 sint
1205 1123 1429 1164 infamiae.
1492 1121 1628 1175 Quod
1655 1121 1831 1175 zeloty-

335 1187 410 1240 pia
449 1188 507 1229 sit
545 1188 830 1241 quibusdam,
863 1201 920 1229 ne
960 1201 1032 1229 res
1066 1187 1348 1228 domesticae
1387 1184 1732 1235 labefactentur,
1759 1192 1832 1228 est

334 1251 437 1304 quia
472 1257 653 1292 tantum
684 1251 979 1304 vilipenditur
1010 1251 1213 1299 maritus,
1248 1263 1300 1291 ac
1332 1250 1645 1291 distrahuntur
1675 1255 1834 1291 mutua

333 1313 482 1355 officia
512 1321 559 1356 et
578 1315 788 1366 ‚auxilia;
830 1321 879 1356 at
912 1314 1026 1356 haec
1054 1313 1286 1367 zelotypia
1317 1314 1436 1367 apud
1465 1313 1686 1367 quosdam
1711 1319 1830 1354 tem·

332 1391 442 1431 pore
460 1378 627 1419 desinit
651 1385 698 1419 et
720 1378 770 1420 fit
793 1377 944 1429 nu11a;
978 1383 1024 1419 et
1044 1378 1164 1432 apud
1186 1377 1408 1432 quosdam
1430 1378 1475 1418 in
1498 1389 1670 1418 meram
1691 1377 1830 1418 simu·

333 1441 557 1482 lationem
583 1442 749 1482 amoris
775 1442 982 1482 vertitur.

416 1513 545 1558 3¹74.
578 1504 714 1558 Quod
737 1505 855 1559 apud
878 1504 1099 1559 quosdam
1119 1504 1347 1558 zelotypia
1368 1504 1427 1545 sit
1455 1517 1515 1545 ex
1537 1503 1661 1544 varia
1681 1503 1830 1556 aegri·

333 1569 492 1610 tudine
524 1569 708 1618 mentis,
734 1582 825 1609 non
857 1568 974 1609 latet
1006 1569 1051 1609 in
1083 1568 1281 1618 mundo;
1324 1568 1493 1608 dantur
1523 1567 1643 1608 enim
1674 1566 1828 1616 zelosi,

332 1632 406 1686 qui
439 1632 656 1672 continue
688 1632 899 1685 cogitant
941 1632 998 1673 de
1038 1631 1256 1672 uxoribus
1287 1631 1407 1685 quod
1441 1631 1533 1672 sint
1565 1629 1747 1677 infidae,
1781 1635 1830 1671 et

331 1695 524 1736 credunt
550 1694 652 1735 illas
678 1701 846 1744 scorta,
871 1695 1010 1736 modo
1035 1695 1224 1735 audiunt
1251 1700 1330 1735 aut
1356 1695 1514 1735 vident
1540 1693 1660 1747 quod
1683 1691 1829 1734 amice

332 1758 577 1812 loquantur
599 1771 701 1799 cum
724 1759 829 1799 viris
854 1764 932 1799 aut
959 1758 1015 1799 de
1040 1759 1161 1799 viris.
1223 1757 1338 1799 Sunt
1363 1757 1492 1811 plura
1514 1757 1622 1798 vitia
1643 1756 1826 1804 mentis,

330 1836 446 1876 quae
464 1822 686 1863 inducunt
708 1821 833 1862 illam
856 1822 1208 1875 aegritudinem,
1228 1822 1347 1862 inter
1368 1834 1483 1874 quae
1506 1821 1672 1874 primas
1695 1825 1827 1860 tenet

330 1885 574 1938 phantasia
600 1886 862 1937 suspiciosa,
889 1899 1004 1939 quae
1036 1885 1072 1925 si
1103 1885 1179 1925 diu
1206 1884 1353 1933 alitur,
1382 1884 1516 1924 infert
1544 1889 1748 1924 mentem
1779 1883 1826 1923 in

329 1949 579 1989 societates
597 1948 835 2001 spirituum
853 1947 1079 1997 similium,
1099 1962 1123 1988 e
1141 1948 1299 2002 quibus
1321 1960 1458 2000 aegre
1481 1952 1637 2000 potest
1656 1945 1796 1986 eximi
1814 1959 1824 1996 ;

331 2010 479 2052 firmat
512 2025 560 2052 se
587 2012 727 2052 etiam
760 2012 804 2051 in
837 2024 1041 2064 corpore,
1071 2024 1150 2064 per
1175 2010 1296 2064 quod
1322 2022 1470 2050 serum
1503 2016 1551 2050 et
1582 2009 1686 2050 inde
1717 2022 1824 2049 san-

330 2075 430 2128 guis
461 2074 540 2115 fiat
578 2075 799 2122 viscosus,
833 2080 994 2123 tenax,
1028 2075 1213 2127 spissus,
1247 2073 1415 2122 lentus,
1448 2086 1579 2123 acer;
1622 2070 1825 2113 defeetus

329 2138 489 2179 virium
515 2138 654 2179 etiam
680 2143 820 2190 auget
845 2137 987 2186 illam,
1016 2150 1120 2178 nam
1147 2137 1220 2177 hic
1246 2137 1370 2185 facit,
1393 2142 1448 2178 ut
1474 2149 1602 2177 mens
1628 2141 1825 2190 nequeat

329 2216 356 2243 a
388 2202 649 2255 suspiciosis
681 2202 771 2242 suis
803 2200 997 2251 elevari;
1035 2200 1296 2254 praesentia
1321 2200 1480 2240 virium
1508 2200 1627 2240 enim
1654 2199 1822 2247 elevat,

329 2271 375 2307 et
415 2265 623 2306 absentia
654 2264 831 2305 illarum
867 2262 1140 2314 labefactam
1182 2276 1287 2304 nam
1318 2263 1431 2304 haec
1464 2263 1573 2303 facit
1613 2268 1662 2303 ut
1695 2275 1822 2304 mens

329 2329 527 2377 decidat,
557 2327 828 2376 collabatur,
863 2333 910 2368 et
941 2327 1198 2375 flaccescat,
1227 2333 1274 2367 et
1307 2333 1415 2367 tunc
1448 2325 1720 2380 phantasiae
1750 2325 1823 2366 isti

328 2392 428 2446 plus
451 2398 497 2433 et
521 2391 620 2445 plus
644 2405 690 2432 se
708 2391 954 2444 immergit,
979 2403 1118 2444 usque
1136 2390 1243 2431 dum
1266 2390 1455 2440 deliret;
1487 2395 1534 2431 et
1556 2389 1643 2430 hoc
1666 2389 1822 2430 evadit

328 2457 372 2497 in
395 2454 644 2507 jucundum
667 2454 1049 2508 objurgationum,
1074 2459 1121 2494 et
1148 2459 1368 2507 quantum
1391 2453 1498 2494 licet
1519 2452 1820 2506 vituperatio-

329 2532 452 2560 num.

411 2590 539 2636 375.
580 2581 760 2622 Dantur
787 2581 926 2622 etiam
952 2579 1148 2621 familiae
1172 2579 1425 2633 regionum,
1449 2593 1563 2633 quae
1588 2592 1696 2632 prae
1721 2577 1821 2619 aliis

327 2645 613 2699 aegritudine
632 2644 891 2698 zelotypica
913 2643 1124 2684 laborant
1145 2656 1155 2693 ;
1187 2643 1246 2683 ab
1261 2643 1331 2683 his
1349 2656 1516 2684 uxores
1533 2643 1819 2683 incarceran-

328 2715 414 2757 tur,
434 2709 676 2762 imperiose
699 2708 961 2749 detinentur
976 2721 1002 2748 a
1024 2706 1254 2760 colloquio
1272 2719 1375 2748 cum
1393 2707 1512 2755 viris,
1531 2711 1741 2747 arcentur
1761 2705 1821 2746 ab

327 2769 514 2825 aspectu
540 2771 720 2812 illorum
744 2785 823 2825 per
847 2771 1086 2820 fenestras,
1113 2770 1336 2823 appositis
1362 2769 1580 2811 cancellis
1605 2769 1819 2810 deorsum

327 2835 569 2888 protensis,
593 2848 645 2876 ac
669 2840 899 2876 terrentur
921 2834 1053 2875 minis
1075 2834 1235 2874 mortis
1257 2834 1294 2874 si
1320 2833 1516 2887 suspicio
1537 2832 1640 2873 fota·
1655 2836 1817 2886 depre-

325 2898 537 2940 henderit
559 2910 770 2949 causam;
803 2903 985 2951 praeter
1006 2896 1095 2938 alia
1120 2896 1245 2945 dura,
1270 2910 1386 2950 quae
1408 2909 1575 2937 uxores
1602 2908 1629 2936 a
1653 2894 1817 2936 zelosis

326 2963 417 3002 suis
448 2961 622 3002 maritis
662 2961 722 3002 ibi
754 2961 1000 3014 patiuntur,
1063 2958 1153 3001 Sed
1185 2972 1350 3001 causae
1381 2958 1510 3012 hujus
1542 2957 1814 3011 zelotypiae,

324 3031 431 3067 sunt
457 3025 616 3066 binae:
650 3037 740 3065 una
765 3030 852 3074 est,
877 3023 1123 3078 captivitas
1150 3029 1197 3065 et
1222 3022 1457 3065 suffocatio
1483 3022 1815 3077 cogitationum
