2014 3386
543 354 611 386 DE
643 352 823 386 AMORE
853 347 1279 400 CONJUGIAL1.—N.
1307 349 1402 390 294.
1631 347 1708 385 231

221 477 376 518 septem
395 469 472 505 illis
489 468 680 504 uxeribus
697 466 819 503 etiam
836 471 881 502 tu
899 464 1057 506 dixeris,
1071 462 1178 510 quod
1197 473 1220 498 a
1237 472 1352 497 mane
1365 471 1490 508 usque
1508 460 1558 495 ad
1576 470 1716 505 vespe-

222 536 305 561 mm
320 524 543 571 cogitemus
558 523 608 558 de
626 521 778 557 maritis
793 520 951 561 nostris,
965 529 1012 555 ac
1029 518 1220 554 continue
1231 516 1487 552 attendamus
1501 514 1551 550 ad
1570 513 1717 560 placita

221 585 262 615 et
283 579 409 614 lubita
429 577 598 617 illorum,
620 582 784 622 propter
804 574 922 609 finem
945 580 990 608 ut
1013 573 1114 608 tales
1135 571 1298 607 delicias
1319 575 1525 616 captemus
1547 579 1596 603 ex
1618 567 1716 603 illis!

223 633 335 669 Haec
355 644 379 668 a
398 630 514 667 dietis
535 630 689 665 illarum
711 628 868 669 retinui,
889 634 935 663 ut
956 627 1023 662 illa
1041 625 1156 662 vobis
1177 624 1342 660 referam
1365 622 1554 669 quoniam
1576 632 1717 667 repug-

222 693 329 726 nant,
351 691 392 720 et
413 695 573 730 quoque
595 683 712 728 plane
733 681 1026 717 contrariantur
1045 678 1228 718 sermoni,
1250 688 1368 723 quem
1388 676 1502 723 juxta
1522 675 1676 711 iontem
1694 685 1719 709 a

221 739 335 775 vobis
352 737 498 777 audivi,
517 742 557 772 et
574 743 657 771 tam
675 735 791 770 avide
809 733 935 774 hausi,
955 740 995 770 et
1013 742 1172 778 quoque
1189 730 1376 766 credidi.”

292 791 357 826 Ad
377 791 476 825 haec
490 789 782 835 responderunt
795 797 938 822 uxores
952 786 1137 822 sedentes
1154 784 1193 819 in
1212 783 1374 824 rosario,
1389 787 1410 801 ‘⁴
1421 782 1574 821 Amice,
1589 781 1718 817 nescis

221 843 458 890 sapientiam
481 849 522 878 et
542 841 797 888 prudentiam
816 850 995 880 uxorum,
1015 838 1109 884 quia
1128 837 1223 873 viris
1242 837 1348 871 illam
1369 846 1532 882 prorsus
1551 836 1718 870 abscon-

222 898 333 938 dunt,
352 904 393 932 et
410 896 663 931 abscondunt
681 895 787 929 illam
807 904 887 928 non
911 898 1075 938 propter
1092 890 1213 926 alium
1233 889 1364 929 finem,
1382 900 1502 935 quam
1521 895 1566 923 ut
1583 899 1718 923 amen-

220 957 307 985 tur:
328 956 389 985 est
402 949 508 984 enim
522 948 686 983 cuilibet
698 946 796 986 viro,
809 945 876 992 qui
891 956 971 980 non
984 943 1254 990 spiritualiter,
1267 942 1337 978 sed
1353 942 1474 977 modo
1486 940 1720 976 naturaliter

223 1002 427 1038 rationalis
441 1008 482 1037 et
495 1001 655 1036 moralis
669 1007 740 1040 est,
755 999 879 1045 frigus
893 999 943 1033 ad
959 1008 1123 1033 uxorem
1137 1008 1145 1038 ;
1172 996 1250 1031 hoc
1263 996 1368 1042 apud
1385 995 1495 1030 illum
1512 995 1551 1030 in
1569 994 1718 1030 intimis

214 1057 340 1091 ‘latetz
366 1055 443 1090 hoc
462 1065 564 1089 uxor
583 1053 741 1099 sapiens
759 1059 800 1087 et
821 1052 995 1098 prudens
1011 1049 1208 1096 exquisite
1230 1056 1270 1084 et
1291 1055 1407 1084 acute
1424 1047 1714 1087 animadvertit,

221 1116 263 1145 et
280 1115 437 1144 tantum
456 1118 504 1143 ex
522 1117 657 1142 amore
675 1116 748 1141 suo
766 1104 981 1151 conjugiali
1000 1104 1113 1143 celat,
1129 1114 1175 1138 ac
1194 1102 1360 1137 intrahit
1378 1102 1418 1136 in
1437 1100 1586 1147 pectus,
1605 1107 1646 1136 et
1664 1099 1716 1134 ibi

222 1161 404 1197 recondit
424 1167 507 1196 tam
529 1160 701 1206 penitus,
724 1165 770 1194 ut
794 1169 875 1194 non
898 1157 1107 1193 minimum
1128 1156 1214 1202 ejus
1236 1161 1425 1202 appareat
1452 1154 1490 1189 in
1513 1153 1624 1194 facie,
1646 1163 1719 1188 nec

224 1215 262 1250 in
280 1225 393 1255 sono,
413 1225 485 1249 nec
507 1213 546 1248 in
564 1219 700 1259 gestu:
725 1222 845 1247 causa
861 1217 933 1251 est,
952 1210 1046 1256 quia
1063 1216 1256 1255 quantum
1278 1213 1453 1254 apparet,
1471 1213 1628 1242 tanturn
1651 1205 1716 1240 iri-

221 1278 296 1314 gus
312 1267 386 1303 viri
405 1266 628 1312 conjugiale
646 1264 817 1300 effundit
838 1275 879 1299 se
899 1264 949 1299 ab
968 1263 1118 1298 intimis
1137 1262 1282 1297 mentis
1299 1261 1396 1307 ejus,
1415 1260 1483 1295 ubi
1502 1260 1659 1299 residet,
1680 1259 1719 1294 in

225 1320 367 1355 ultima
384 1320 480 1366 ejus,
499 1330 545 1355 ac
563 1318 718 1354 inducit
731 1317 887 1363 corpori
905 1316 1072 1352 totalem
1091 1315 1397 1362 frigescentiam,
1416 1320 1457 1350 et
1475 1313 1567 1349 inde
1586 1313 1719 1349 nisum

222 1373 484 1419 separationis
502 1383 525 1407 a
541 1379 632 1407 toro
650 1378 690 1407 et
708 1382 731 1406 a
748 1369 967 1406 cubiculo.”

295 1426 408 1461 Tune
433 1425 621 1472 quaesivi,
648 1424 799 1461 “Unde
830 1424 911 1459 tale
940 1422 1076 1469 frigus,
1102 1421 1213 1468 quod
1243 1420 1397 1456 vocatis
1427 1419 1551 1467 frigus
1580 1418 1720 1465 conju-

222 1480 326 1527 giale
339 1479 380 1516 ?'’

298 1532 618 1578 Responderunt,
634 1536 654 1549 ‘⁴
666 1531 736 1566 Est
753 1541 802 1566 ex
820 1530 975 1566 insania
989 1529 1144 1564 illorum
1161 1528 1200 1563 in
1215 1527 1486 1574 spiritualibus
1500 1538 1508 1568 ;
1534 1533 1575 1562 et
1589 1526 1719 1561 omnis

223 1585 291 1632 qui
311 1585 350 1620 in
369 1585 642 1631 spiritualibus
660 1584 818 1624 insanit,
840 1583 958 1630 friget
976 1582 1116 1617 intime
1135 1582 1185 1617 ad
1204 1592 1381 1620 uxorem,
1400 1587 1441 1616 et
1458 1580 1562 1615 calet
1580 1579 1719 1614 intime

223 1639 274 1674 ad
296 1638 542 1674 meretrices:
575 1645 616 1673 et
641 1637 736 1683 quia
756 1647 870 1672 amor
889 1636 1125 1683 conjugialis
1147 1642 1188 1670 et
1209 1645 1322 1670 amor
1342 1633 1604 1670 scortatorius
1625 1639 1719 1668 sunt

223 1691 298 1727 sibi
320 1691 507 1737 oppositi,
526 1691 707 1736 sequitur
726 1690 834 1736 quod
856 1701 968 1725 amor
985 1688 1222 1734 conjugialis
1244 1687 1314 1723 fiat
1335 1687 1470 1733 frigus,
1489 1687 1584 1721 dum
1606 1696 1719 1721 amor

224 1744 483 1781 scortatorius
501 1751 562 1779 est
580 1744 707 1779 calor:
732 1750 773 1778 et
789 1743 860 1782 vir,
875 1753 966 1778 cum
982 1741 1106 1789 frigus
1121 1742 1226 1787 apud
1246 1741 1357 1776 illum
1372 1746 1522 1787 regnat,
1538 1750 1619 1775 non
1635 1749 1720 1774 sus-

224 1798 327 1832 tinet
347 1797 518 1843 aliquem
542 1808 704 1832 sensum
725 1796 882 1836 amoris,
905 1802 945 1831 et
970 1795 1028 1831 sic
1054 1806 1135 1830 non
1156 1794 1330 1840 aliquem
1352 1793 1527 1829 afflatum
1551 1793 1649 1838 ejus,
1670 1792 1720 1827 ab

225 1861 366 1886 uxore:
392 1861 514 1896 quare
531 1860 634 1885 uxor
650 1856 733 1884 tam
751 1849 952 1895 sapienter
972 1855 1014 1884 et
1035 1848 1256 1894 prudenter
1273 1847 1383 1882 illum
1403 1847 1516 1886 celat,
1535 1853 1576 1881 et
1597 1856 1721 1891 quan-

223 1911 310 1938 tum
330 1903 439 1938 illum
458 1902 560 1938 celat
579 1903 763 1948 negando
785 1909 826 1937 et
847 1902 1063 1942 renuendo,
1081 1907 1238 1936 tantum
1259 1900 1320 1936 vir
1340 1901 1390 1935 ab
1412 1899 1534 1935 influa
1551 1899 1722 1944 sphaera

226 1955 449 1992 meretricia
470 1955 714 1991 refocillatur
733 1962 774 1990 et
799 1962 1025 2001 reparatur:
1059 1954 1151 1990 inde
1172 1961 1242 1995 est,
1264 1953 1372 2000 quod
1394 1952 1509 1988 uxori
1529 1952 1621 1988 talis
1645 1951 1719 1987 viri

225 2020 305 2045 non
323 2009 405 2045 sint
422 2008 585 2044 deliciae
603 2007 834 2054 pectorales,
849 2008 986 2054 quales
1003 2014 1097 2043 sunt
1115 2007 1240 2048 nobis,
1256 2007 1326 2042 sed
1345 2007 1468 2042 modo
1480 2006 1720 2052 voluptates,

224 2073 326 2109 quae
346 2073 370 2098 a
391 2069 502 2108 parte
522 2061 596 2097 viri
617 2062 821 2097 vocandae
848 2068 943 2097 sunt
963 2061 1192 2107 voluptates
1211 2060 1400 2101 insaniae,
1427 2060 1521 2106 quia
1537 2060 1720 2105 volupta-

223 2122 285 2151 tes
299 2115 446 2150 amoris
459 2115 696 2150 scortatorii.
747 2114 888 2150 Omnis
902 2125 1003 2149 uxor
1016 2121 1126 2149 casta
1139 2120 1246 2149 amat
1259 2125 1374 2149 suum
1390 2115 1587 2154 maritum,
1601 2113 1720 2149 etiam

226 2169 443 2204 incastum:
467 2169 538 2204 sed
561 2168 654 2214 quia
674 2167 870 2213 sapientia
895 2174 956 2203 est
981 2168 1097 2203 unice
1119 2167 1313 2213 recipiens
1335 2167 1482 2202 amoris
1507 2167 1605 2213 ejus,
1629 2167 1720 2202 ideo

226 2233 326 2257 uxor
334 2232 493 2257 omnem
509 2232 670 2266 operam
686 2221 892 2266 impendit,
908 2227 952 2256 ut
967 2220 1160 2256 insaniam
1174 2221 1261 2266 ejus
1275 2227 1406 2255 vertat
1418 2220 1456 2255 in
1473 2220 1720 2265 sapientiam,

226 2275 303 2310 hoc
321 2281 391 2315 est,
410 2281 454 2309 ut
473 2285 552 2309 non
571 2274 829 2319 concupiscat
846 2274 943 2309 alias
957 2280 1114 2319 praeter
1127 2284 1189 2313 se:
1214 2274 1322 2320 quod
1342 2273 1436 2308 facit
1454 2273 1561 2308 mille
1580 2273 1721 2311 modis,

230 2327 402 2362 maxime
423 2338 569 2362 cavens
591 2338 641 2362 ne
662 2326 784 2373 aliqui
805 2327 1079 2373 evestigentur
1097 2327 1230 2369 aviro,
1249 2337 1339 2361 nam
1363 2327 1485 2372 probe
1507 2326 1582 2361 scit
1612 2326 1720 2371 quod

226 2391 338 2415 amor
356 2391 435 2415 non
459 2380 584 2425 possit
605 2379 705 2426 cogi,
723 2380 793 2415 sed
815 2380 923 2425 quod
950 2380 1172 2415 insinuetur
1198 2379 1238 2414 in
1263 2379 1410 2415 libero:
1435 2390 1556 2425 quare
1582 2379 1720 2413 datum

227 2439 288 2468 est
316 2433 546 2468 mulieribus
572 2443 814 2479 cognoscere
840 2444 888 2468 ex
913 2432 1013 2473 visu,
1035 2443 1083 2468 ex
1108 2432 1260 2473 auditu,
1281 2439 1322 2468 et
1349 2443 1398 2467 ex
1418 2431 1538 2471 tastu.
1561 2442 1721 2467 omnem

227 2492 375 2520 statum
393 2485 515 2520 animi
528 2486 703 2521 virorum
722 2496 906 2526 suorum;
932 2492 973 2520 at
986 2485 1160 2521 vicissim
1181 2496 1262 2521 non
1281 2486 1419 2520 datum
1438 2491 1500 2520 est
1516 2485 1611 2520 viris
1629 2495 1722 2530 cog-

229 2549 390 2573 noscere
416 2539 539 2573 ullum
566 2545 714 2574 statum
744 2538 866 2573 animi
896 2549 1064 2573 uxorum
1093 2549 1265 2574 suarum.
1315 2538 1435 2574 Casta
1459 2549 1560 2573 uxor
1589 2544 1723 2583 potest

228 2591 402 2636 aspicere
423 2591 552 2626 virum
573 2598 734 2627 austero
754 2591 878 2632 vultu,
895 2591 1045 2637 alloqui
1074 2591 1183 2626 illum
1210 2602 1351 2637 aspera
1370 2602 1479 2631 voce,
1501 2597 1542 2625 et
1562 2601 1722 2636 quoque

230 2643 343 2679 irasci
361 2650 402 2679 et
419 2643 546 2684 rixari,
565 2650 605 2679 et
622 2655 750 2690 usque
767 2650 902 2679 tamen
923 2644 962 2679 in
981 2645 1102 2680 corde
1120 2644 1254 2679 fovere
1273 2644 1461 2679 blandum
1481 2650 1521 2678 et
1538 2650 1720 2678 tenerum
1774 2666 1779 2671 -

229 2706 404 2731 amorem
419 2707 513 2743 erga
531 2696 641 2731 illum
656 2708 663 2737 ;
689 2697 759 2732 sed
773 2697 881 2743 quod
898 2697 1122 2733 iracundiae
1135 2708 1182 2732 ac
1195 2697 1533 2732 dissimulationes
1547 2696 1635 2730 illae
1650 2705 1722 2740 pro

230 2747 307 2784 fine
326 2748 501 2784 habeant
518 2749 756 2794 sapientiam
774 2757 815 2785 et
833 2749 926 2785 inde
944 2750 1213 2796 receptionem
1232 2750 1379 2785 amoris
1397 2750 1501 2795 apud
1525 2748 1722 2787 maritum,

231 2807 342 2846 patet
359 2801 569 2837 manifeste
587 2813 636 2837 ex
653 2812 713 2842 eo,
731 2803 840 2848 quod
860 2809 1066 2838 momento
1084 2803 1212 2849 possit
1229 2802 1493 2842 reconciliari;
1519 2807 1723 2846 praeterea

230 2859 324 2888 sunt
340 2854 436 2889 talia
452 2854 641 2889 uxoribus
659 2855 791 2890 media
807 2855 962 2891 celandi
980 2866 1155 2891 amorem
1174 2856 1283 2890 cordi
1302 2866 1348 2890 ac
1366 2854 1549 2890 medullis
1569 2853 1721 2888 illarum

231 2904 405 2946 insitum,
424 2913 587 2952 propter
603 2917 774 2948 causam,
793 2919 843 2943 ne
866 2908 989 2954 frigus
1013 2908 1238 2954 conjugiale
1259 2908 1363 2953 apud
1382 2907 1511 2942 virum
1530 2912 1722 2950 erumpat,

230 2963 271 2993 et
291 2968 448 3004 quoque
474 2959 615 2995 caloris
639 2960 725 3005 ejus
750 2960 974 2995 scortatorii
1002 2960 1134 2996 focum
1160 2960 1399 3006 exstinguat,
1421 2966 1460 2995 et
1484 2958 1540 2994 sic
1565 2969 1587 2993 a
1614 2958 1723 3003 ligno

231 3009 383 3046 virente
401 3010 518 3047 faciat
537 3012 647 3047 illum
665 3012 769 3048 sicut
787 3013 1003 3058 stipitem.’'
