2014 3386
286 332 345 374 40
749 299 991 369 DlZLICIAE
1022 336 1324 371 SAPIENTIAE

287 443 384 484 viro,
403 449 443 479 et
463 444 561 479 nihil
584 455 605 480 e
626 444 795 488 femina;
820 448 983 489 “verbo,
1002 448 1064 484 vir
1080 455 1141 485 est
1157 450 1228 491 vir,
1246 456 1287 486 et
1307 450 1456 487 femina
1474 458 1536 488 est
1555 451 1714 493 femina,
1733 452 1774 490 in

285 497 395 531 omni
411 496 654 542 perfectione
667 498 829 540 formae,
844 499 884 535 in
900 512 979 547 qua
991 502 1112 538 creati
1126 509 1240 544 sunt:
1261 505 1402 540 secede
1418 505 1452 540 si
1469 505 1541 546 vis,
1554 512 1596 541 et
1613 507 1776 552 explora

284 550 390 595 apud
407 556 459 590 te,
478 561 574 585 num
592 551 809 598 quidquam
827 553 942 594 desit,
962 554 1058 600 quin
1076 555 1130 591 sis
1147 556 1209 590 vir
1225 556 1328 592 sicut
1347 557 1492 602 prius.''

358 602 507 638 Iterum
533 604 720 640 dixerunt
744 606 897 647 novitii,
916 607 1190 644 “Audivimus
1216 609 1255 644 in
1277 611 1438 651 mundo,
1460 621 1482 646 e
1503 622 1584 657 quo
1604 612 1776 648 decessi-

284 666 385 696 mus,
404 657 512 702 quod
540 657 579 691 in
605 657 716 693 caelo
742 669 823 694 non
848 659 993 695 dentur
1009 661 1163 706 nuptui,
1184 662 1279 708 quia
1298 669 1393 698 sunt
1416 664 1568 710 angeli;
1594 675 1690 700 num
1717 665 1775 701 sic

285 709 403 744 datur
418 720 530 745 amor
546 721 663 746 sexus
675 710 715 747 ?''

358 762 408 797 Et
435 764 728 808 responderunt
756 764 919 810 spiritus
943 765 1121 811 angelici,
1141 766 1317 803 “Vester
1336 779 1448 804 amor
1467 780 1584 805 sexus
1611 770 1665 805 ibi
1693 781 1773 806 non

284 815 411 856 datur,
430 816 500 850 sed
518 826 631 851 amor
647 827 764 852 sexus
781 817 993 864 angelicus,
1011 818 1078 865 qui
1097 825 1159 854 est
1175 827 1320 861 castus,
1334 831 1474 867 expers
1492 822 1622 858 omnis
1640 823 1772 859 illece-

283 868 378 903 brae
395 879 445 903 ex
462 868 662 905 libidine.”

356 922 421 956 Ad
440 923 539 957 haec
553 922 739 958 dixerunt
753 923 905 964 novitii,
920 928 940 942 “
954 923 995 960 Si
1010 925 1128 959 datur
1142 935 1255 960 amor
1267 936 1384 962 sexus
1397 927 1544 963 nullius
1558 927 1774 968 illecebrae,

283 974 379 1020 quid
400 981 497 1010 tunc
510 986 621 1010 amor
633 986 750 1011 sexus
759 975 800 1011 ?’'
851 975 902 1011 Et
918 987 1009 1012 cum
1022 978 1256 1023 cogitabant
1273 979 1323 1014 de
1341 979 1418 1015 hoc
1433 991 1578 1020 amore,
1594 981 1775 1027 ingemu-

283 1034 411 1068 erunt,
433 1034 474 1063 et
500 1028 696 1069 dixerunt,
719 1028 785 1064 “O
807 1040 926 1075 quam
957 1030 1105 1065 siccum
1135 1031 1325 1077 gaudium
1356 1032 1476 1073 caeli;
1501 1033 1589 1078 quis
1616 1034 1775 1079 juvenis

282 1087 382 1115 tunc
410 1087 544 1126 potest
573 1087 711 1127 optare
740 1081 922 1118 caelum?
973 1082 1095 1119 Estne
1124 1083 1215 1119 talis
1245 1095 1359 1119 arnor
1386 1085 1531 1121 sterilis
1565 1091 1606 1122 et
1633 1096 1774 1133 expers

281 1134 388 1170 vitae
403 1133 444 1170 ?”

354 1187 419 1223 Ad
438 1186 536 1223 haec
553 1187 715 1233 spiritus
728 1188 896 1234 angelici
914 1188 1089 1224 ridentes
1104 1189 1337 1230 retulerunt,
1352 1194 1373 1208 “
1386 1189 1512 1226 Amor
1525 1201 1641 1227 sexus
1654 1202 1774 1239 ange-

281 1240 391 1281 licus,
410 1251 479 1275 seu
497 1241 626 1286 qualis
652 1247 713 1275 est
739 1240 778 1275 in
795 1241 916 1281 caelo,
935 1247 996 1276 est
1021 1252 1146 1287 usque
1172 1242 1313 1287 plenus
1338 1242 1491 1278 deliciis
1518 1243 1688 1286 intimis;
1711 1251 1774 1280 est

282 1294 471 1339 expansio
488 1293 769 1329 amoenissima
785 1293 964 1329 omnium
983 1294 1138 1336 mentis,
1153 1301 1194 1330 et
1212 1295 1304 1331 inde
1325 1296 1506 1331 omnium
1526 1296 1710 1343 pectoris,
1727 1307 1774 1334 ac

281 1353 342 1382 est
360 1346 466 1381 intus
486 1346 525 1380 in
544 1345 703 1391 pectore
722 1346 825 1381 sicut
846 1357 915 1381 cor
935 1347 1048 1382 ludat
1065 1358 1155 1382 cum
1182 1348 1382 1393 pulmone,
1403 1360 1452 1384 ex
1470 1360 1550 1394 quo
1576 1350 1671 1386 ludo
1692 1351 1774 1386 exit

281 1399 499 1445 respiratio,
522 1410 645 1434 sonus
671 1405 711 1434 et
737 1399 903 1444 loquela,
926 1410 1028 1444 quae
1054 1399 1205 1434 faciunt
1227 1406 1272 1435 ut
1297 1401 1499 1436 consortia
1525 1402 1627 1438 inter
1646 1413 1773 1444 sexus,

280 1462 350 1487 seu
365 1451 467 1487 inter
479 1451 643 1496 juvenes
657 1457 698 1486 et
709 1451 893 1497 virgines,
908 1451 988 1487 sint
1003 1451 1110 1497 ipsae
1123 1452 1339 1488 suavitates
1352 1454 1552 1494 caelestes,
1568 1465 1668 1500 quae
1682 1462 1775 1490 sunt

281 1515 412 1551 purae.
465 1504 615 1539 Omnes
642 1503 795 1544 novitii,
823 1504 1083 1540 ascendentes
1114 1505 1154 1540 in
1183 1505 1351 1546 caelum,
1382 1507 1639 1552 explorantur
1666 1507 1772 1554 quali

280 1557 464 1592 castitate
478 1563 594 1597 sunt;
621 1556 894 1591 immittuntur
910 1557 1016 1592 enim
1044 1557 1084 1592 in
1102 1558 1305 1593 consortia
1321 1559 1531 1605 virginum,
1555 1559 1774 1605 pulchritu-

281 1611 419 1645 dinum
442 1609 551 1650 caeli,
570 1620 671 1655 quae
689 1609 914 1655 percipiunt
931 1621 980 1645 ex
1000 1621 1111 1651 sono,
1130 1621 1179 1645 ex
1196 1611 1366 1657 loquela,
1379 1622 1429 1646 ex
1446 1611 1556 1653 facie,
1570 1623 1620 1648 ex
1636 1613 1773 1654 oculis,

280 1674 328 1699 ex
341 1670 468 1710 gestu,
481 1670 521 1699 et
539 1675 587 1698 ex
605 1663 773 1709 sphaera
789 1664 1028 1704 exundante,
1043 1664 1178 1710 quales
1193 1671 1286 1699 sunt
1300 1665 1431 1710 quoad
1446 1676 1620 1700 amorem
1636 1676 1774 1707 sexus:

280 1718 347 1763 qui
366 1717 398 1752 si
418 1717 594 1752 incastus
612 1723 682 1758 est,
701 1717 913 1764 aufugiunt
930 1723 970 1752 et
988 1717 1177 1752 nuntiant
1194 1718 1287 1758 suis,
1302 1719 1409 1764 quod
1429 1719 1601 1754 viderint
1619 1725 1773 1765 satyros

280 1777 350 1806 aut
375 1771 554 1816 priapos;
579 1777 621 1805 et
646 1781 804 1816 quoque
831 1771 1008 1806 advenae
1035 1771 1091 1806 illi
1120 1777 1336 1811 mutantur,
1355 1778 1396 1806 et
1422 1778 1614 1817 apparent
1639 1782 1772 1807 coram

280 1823 405 1858 oculis
431 1824 662 1869 angelorum
689 1823 842 1863 hirsuti,
865 1830 906 1858 et
931 1824 1064 1869 quoad
1092 1824 1213 1868 pedes
1234 1823 1337 1858 sicut
1356 1824 1471 1859 vituli
1497 1831 1566 1859 aut
1586 1824 1710 1870 pardi,
1729 1831 1771 1860 et

281 1876 336 1911 illi
355 1888 448 1912 mox
465 1877 718 1922 dejiciuntur,
737 1888 786 1912 ne
805 1876 970 1912 libidine
987 1887 1059 1912 sua
1076 1877 1285 1922 inquinent
1302 1888 1436 1912 auram
1457 1877 1520 1913 ibi.

353 1929 428 1965 His
453 1930 600 1965 auditis
628 1931 708 1966 duo
734 1930 875 1966 novitii
903 1931 1045 1965 iterum
1071 1930 1268 1971 dixerunt,
1295 1930 1395 1966 “Sic
1419 1937 1480 1966 est
1505 1930 1636 1966 nullus
1661 1941 1774 1966 amor

280 1993 398 2018 sexus
420 1983 459 2017 in
485 1983 616 2019 caelo:
642 1984 737 2030 quid
764 1996 876 2020 amor
896 1996 1012 2020 sexus
1038 1990 1171 2020 castus
1197 1983 1272 2019 nisi
1298 1995 1409 2018 amor
1429 1983 1653 2019 exinanitus
1679 1994 1773 2020 suae

279 2036 386 2071 vitae
404 2037 601 2072 essentia?
627 2045 771 2073 suntne
788 2039 846 2074 sic
862 2038 1064 2074 consortia
1075 2038 1265 2084 juvenum
1283 2044 1324 2072 et
1342 2037 1537 2083 virginum
1558 2037 1610 2072 ibi
1627 2037 1774 2083 gaudia

281 2087 413 2123 sicca?
464 2088 554 2123 Non
573 2100 709 2125 sumus
726 2101 821 2125 saxa
841 2097 882 2126 et
902 2090 1069 2136 stipites,
1087 2090 1157 2126 sed
1184 2089 1458 2135 perceptiones
1478 2095 1519 2124 et
1539 2087 1772 2125 affeRiones

281 2141 422 2176 vitae.’'

354 2193 429 2229 His
454 2194 610 2234 auditis,
629 2195 710 2230 duo
735 2195 897 2241 spiritus
921 2195 1089 2242 angelici
1115 2193 1310 2241 indignati
1336 2193 1638 2239 responderunt,
1657 2193 1772 2229 “Vos

281 2257 440 2293 prorsus
458 2247 619 2282 nescitis
637 2247 732 2293 quid
758 2259 872 2283 amor
887 2259 1004 2283 sexus
1021 2254 1164 2288 castus,
1183 2247 1276 2293 quia
1293 2258 1371 2282 non
1390 2246 1522 2282 adhuc
1537 2246 1636 2282 casti
1656 2245 1772 2287 estis:

280 2306 343 2335 est
370 2299 435 2335 ille
462 2311 573 2335 amor
599 2300 727 2346 ipsum
754 2301 938 2336 delicium
966 2301 1110 2336 mentis
1136 2307 1177 2336 et
1207 2301 1298 2336 inde
1318 2300 1461 2340 cordis,
1483 2306 1524 2335 et
1549 2310 1629 2335 non
1654 2298 1771 2334 simul

281 2352 410 2388 carnis
428 2353 503 2387 sub
521 2353 662 2388 corde:
687 2353 850 2388 castitas
875 2354 1063 2400 angelica,
1082 2364 1183 2399 quae
1204 2360 1265 2388 est
1286 2353 1443 2398 utrique
1463 2352 1573 2387 sexui
1594 2362 1772 2387 commu-

283 2405 354 2445 nis,
374 2405 527 2440 inhibet
545 2405 756 2440 transitum
771 2407 917 2442 amoris
940 2407 1043 2442 illius
1060 2407 1164 2442 ultra
1181 2407 1402 2441 clausuram
1420 2405 1562 2444 cordis,
1576 2404 1646 2439 sed
1669 2404 1771 2439 intra

284 2458 390 2494 illam
411 2465 452 2493 et
473 2470 592 2503 supra
614 2459 719 2493 illam
741 2459 949 2494 deliciatur
966 2460 1169 2495 moralitas
1189 2461 1345 2506 juvenis
1366 2471 1455 2496 cum
1478 2461 1771 2506 pulchritudine

282 2511 446 2558 virginis
476 2511 629 2546 deliciis
663 2512 808 2547 amoris
842 2523 959 2548 sexus
989 2513 1098 2553 casti,
1128 2524 1229 2559 quae
1264 2513 1470 2548 interiores
1499 2519 1540 2548 et
1569 2513 1771 2548 uberiores

282 2565 528 2600 amoenitate
547 2571 650 2605 sunt,
665 2576 783 2611 quam
802 2572 846 2600 ut
864 2566 1018 2611 possint
1033 2567 1202 2601 describi
1221 2577 1290 2612 per
1303 2577 1432 2602 voces.
1483 2566 1560 2601 Sed
1579 2566 1643 2601 hic
1660 2576 1773 2602 amor

283 2629 400 2654 sexus
421 2625 482 2653 est
503 2618 665 2664 angelis,
684 2618 776 2664 quia
796 2626 857 2654 est
880 2619 954 2654 illis
977 2619 1097 2654 modo
1118 2630 1230 2654 amor
1250 2619 1496 2664 conjugialis,
1515 2625 1555 2653 et
1576 2618 1641 2654 hic
1661 2629 1773 2654 amor

284 2681 365 2706 non
387 2670 528 2706 dabilis
549 2678 610 2706 est
635 2671 752 2706 simul
778 2681 867 2706 cum
893 2682 1029 2706 amore
1054 2682 1171 2706 sexus
1197 2671 1370 2712 incasto;
1395 2682 1508 2706 amor
1522 2681 1614 2706 vere
1634 2671 1772 2717 conju—

283 2723 398 2770 gialis
415 2730 477 2758 est
494 2734 606 2758 amor
623 2730 766 2763 castus,
785 2730 825 2758 et
843 2723 941 2757 nihil
963 2734 1173 2758 commune
1191 2734 1280 2758 curn
1300 2734 1434 2758 amore
1461 2723 1614 2758 incasto
1633 2723 1772 2764 habet:

284 2783 346 2811 est
366 2777 494 2812 solum
522 2776 643 2811 modo
668 2786 758 2810 cum
780 2786 859 2810 una
878 2787 926 2810 ex
952 2787 1058 2815 sexu,
1078 2775 1241 2810 remotis
1262 2776 1445 2811 omnibus
1466 2775 1563 2815 aliis,
1585 2782 1645 2811 est
1666 2776 1772 2811 enim

285 2839 398 2864 amor
414 2829 575 2875 spiritus
588 2835 628 2864 et
647 2829 739 2863 inde
757 2828 944 2874 corporis,
959 2835 1000 2863 et
1019 2839 1096 2863 non
1115 2838 1227 2863 arnor
1239 2828 1414 2873 corporis
1432 2834 1473 2863 et
1492 2828 1583 2863 inde
1597 2828 1772 2874 spiritus,

287 2881 364 2916 hoc
381 2888 452 2922 est,
471 2892 551 2917 non
569 2891 682 2916 amor
699 2880 888 2916 infestans
905 2880 1124 2926 spiritum.”

359 2934 434 2970 His
447 2934 603 2974 auditis,
615 2933 740 2979 gavisi
754 2939 849 2969 sunt
862 2933 1228 2968 bini'adolescentes
1242 2932 1392 2972 novitii,
1405 2939 1446 2967 et
1457 2932 1654 2974 dixerunt,
1667 2938 1687 2951 ‘⁶
1704 2932 1773 2969 Est

286 2997 411 3033 usque
431 2987 483 3022 ibi
500 2997 613 3022 amor
628 2997 765 3029 sexus;
790 2986 886 3033 quid
904 2996 1016 3021 amor
1032 2985 1266 3031 conjugialis
1287 2985 1392 3020 aliud
1405 2984 1445 3021 ?’'
