2014 3386
551 319 619 352 DE
650 317 830 352 AMORE
856 315 1282 360 coNJUG1AL1.—N.
1315 313 1406 359 123.
1660 315 1735 358 103

240 431 380 483 amor,
403 431 619 481 charitas,
642 438 685 473 et
707 431 849 473 omnis
870 429 1258 485 astralia—Quod
1283 443 1392 471 vera
1417 435 1464 471 et
1496 428 1618 470 bona
1643 430 1734 471 sint

237 498 391 552 proles
413 495 684 550 spirituales,
704 509 819 549 quae
837 501 1087 536 nascuntur
1109 508 1135 535 a
1158 494 1359 535 Domino
1377 507 1457 547 per
1473 493 1732 541 ecclesiam,

237 567 309 602 est
335 561 438 615 quia
465 559 688 600 Dominus
721 565 792 600 est
826 560 972 613 ipsum
1006 558 1183 599 Bonum
1215 564 1262 599 et
1294 558 1442 611 ipsum
1469 557 1657 605 Verum,
1686 564 1733 598 et

236 626 348 666 haec
375 625 419 665 in
448 623 554 677 Ipso
581 636 673 663 non
700 629 806 663 sunt
833 623 923 663 duo
949 623 1030 664 sed
1057 635 1208 671 unum,
1238 628 1335 662 tum
1363 621 1467 675 quia
1494 634 1586 661 non
1613 620 1734 661 aliud

235 703 261 729 a
288 688 487 729 Domino
514 693 671 741 potest
698 687 961 740 procedere,
990 699 1125 740 quam
1152 686 1196 727 id
1223 685 1344 739 quod
1376 686 1420 726 in
1448 685 1556 738 Ipso
1583 691 1654 726 est
1686 692 1733 726 et

236 752 339 806 Ipse
357 758 443 792 est.
499 749 636 803 Quod
651 749 909 803 conjugium
927 750 1035 791 boni
1052 756 1099 790 et
1117 750 1211 790 veri
1229 749 1449 802 procedat
1467 762 1493 789 a
1516 748 1731 796 Domino,

233 822 281 856 et
312 814 470 856 influat
503 814 623 868 apud
654 813 878 862 homines,
912 827 963 855 ac
1001 814 1245 866 recipiatur
1276 813 1525 853 secundum
1558 818 1732 853 statum

234 879 403 919 mentis
434 884 482 919 et
513 878 638 919 vitae
669 877 850 918 illorum
883 878 957 931 qui
989 877 1048 918 ab
1089 877 1286 918 ecclesia
1317 883 1438 924 sunt,
1467 876 1512 916 in
1545 889 1732 929 praece·

232 941 374 984 dente
392 940 703 983 transafflone
725 941 782 982 de
805 940 1028 994 Conjugio
1051 941 1159 982 boni
1174 946 1232 986 ¹et
1255 940 1363 989 veri,
1388 946 1622 981 ostensum
1645 946 1730 980 est.

233 1005 369 1059 Quod
397 1019 476 1059 per
502 1019 610 1046 vera
635 1005 806 1046 homini
832 1005 890 1046 sit
916 1003 1195 1053 intellectus,
1224 1005 1475 1057 perceptio,
1502 1010 1549 1044 et
1582 1004 1730 1044 omnis

231 1071 470 1123 cogitatio,
495 1076 541 1110 et
565 1083 644 1123 per
665 1070 786 1110 bona
808 1082 949 1118 amor,
974 1068 1173 1110 charitas
1197 1075 1243 1109 et
1267 1069 1414 1115 omnis
1440 1066 1633 1116 affectio,
1659 1073 1730 1108 est

231 1134 336 1187 quia
367 1134 521 1174 omnia
546 1133 744 1173 hominis
780 1147 829 1174 se
860 1133 1060 1174 referunt
1093 1132 1150 1173 ad
1182 1145 1339 1173 verum
1372 1138 1420 1173 et
1452 1132 1648 1181 bonum;
1682 1137 1728 1171 et

231 1197 322 1237 duo
344 1203 448 1237 sunt
475 1197 519 1237 in
546 1197 744 1245 homine,
769 1210 884 1250 quae
909 1196 1081 1237 faciunt
1108 1196 1252 1243 illum,
1277 1195 1492 1236 voluntas
1519 1201 1565 1235 et
1593 1194 1730 1236 intel-

233 1258 391 1309 leetus,
419 1274 472 1301 ac
505 1260 721 1301 voluntas
753 1267 825 1301 est
855 1260 1198 1314 receptaculum
1230 1260 1353 1309 boni,
1387 1265 1435 1300 et
1467 1257 1730 1300 intellectus

231 1330 302 1365 est
324 1324 666 1378 receptaculum
692 1325 810 1365 veri:
845 1324 966 1378 quod
988 1324 1243 1365 voluntatis
1266 1324 1448 1377 propria
1470 1324 1562 1363 sint
1587 1335 1728 1369 amor,

230 1387 432 1429 charitas
464 1394 511 1429 et
557 1386 750 1437 affectio,
784 1394 831 1429 et
862 1386 1125 1428 intellectus
1157 1388 1338 1441 propria
1369 1388 1460 1428 sint
1494 1386 1730 1440 perceptio

229 1458 276 1493 et
305 1453 543 1505 cogitatio,
569 1465 659 1492 non
687 1465 800 1505 opus
822 1451 961 1492 habet
985 1451 1083 1492 luce
1106 1466 1166 1492 ex
1192 1452 1603 1499 demonstratione,
1628 1450 1730 1504 quia

228 1515 308 1556 lux
337 1515 437 1556 huic
465 1515 604 1556 effato
631 1516 751 1556 inest
778 1515 836 1555 ab
863 1515 961 1568 ipso
988 1513 1242 1556 intellectu.

316 1590 436 1623 122.
470 1577 552 1633 (v.)
589 1576 717 1629 Quod
741 1593 797 1619 ex
819 1578 1020 1634 conjugio
1046 1578 1149 1619 boni
1174 1585 1217 1620 et
1245 1577 1355 1627 veri,
1384 1576 1505 1631 quod
1525 1576 1730 1630 procedit

228 1657 257 1683 a
281 1642 485 1692 Domino,
513 1649 555 1683 et
579 1642 738 1697 influit,
766 1642 891 1683 lzomo
916 1642 1106 1695 recipiat
1128 1656 1294 1691 verum,
1322 1648 1364 1683 et
1387 1641 1604 1682 Dominus
1629 1639 1730 1681 lzuic

227 1708 467 1761 conjungat
497 1705 683 1754 bonum;
718 1712 762 1747 et
789 1706 909 1759 quod
934 1706 998 1747 sic
1025 1705 1202 1747 ecclesia
1221 1706 1451 1758 formetur
1481 1719 1510 1746 a
1539 1703 1728 1744 Domino

228 1769 356 1821 ‘apud
374 1768 802 1823 hominem—Quod
842 1770 982 1811 homo
1021 1784 1080 1811 ex
1122 1770 1245 1810 bono
1286 1775 1333 1810 et
1370 1782 1493 1817 vero,
1522 1781 1638 1821 quae
1679 1772 1727 1807 ut

228 1845 366 1873 unum
392 1833 646 1890 procedunt
679 1847 705 1874 a
736 1833 951 1882 Domino,
980 1834 1171 1887 recipiat
1198 1846 1368 1881 verum,
1399 1838 1470 1873 est
1503 1832 1608 1885 quia
1639 1830 1725 1871 hoc

227 1896 388 1950 recipit
415 1903 464 1937 ut
497 1910 640 1945 suum,
668 1910 720 1938 ac
753 1898 1018 1951 appropriat
1045 1897 1128 1938 sibi
1160 1903 1210 1938 ut
1243 1909 1386 1945 suum,
1416 1909 1522 1936 nam
1549 1895 1727 1947 cogitat

227 1959 338 2000 illud
360 1960 477 2001 sicut
502 1974 528 2001 a
551 1975 613 2010 se,
634 1967 680 2002 et
703 1960 907 2002 similiter
930 1961 1128 2015 loquitur
1150 1975 1209 2002 ex
1233 1960 1338 2011 i110;
1372 1966 1419 2001 et
1441 1959 1528 2001 hoc
1552 1958 1602 2000 fit
1624 1958 1727 2012 quia

226 2036 382 2064 verum
405 2031 475 2064 est
498 2025 542 2064 in
570 2024 669 2065 luce
691 2023 968 2073 intelle&us,
992 2031 1039 2065 et
1062 2025 1166 2066 inde
1188 2025 1315 2065 videt
1337 2023 1447 2064 illud
1468 2037 1478 2074 ;
1511 2028 1558 2063 et
1582 2021 1725 2076 quod-

227 2100 404 2142 cunque
429 2088 555 2129 videt
588 2089 632 2128 in
665 2101 727 2136 se,
755 2102 835 2129 seu
866 2089 911 2129 in
943 2102 1023 2128 sua
1055 2094 1226 2137 mente,
1254 2101 1346 2128 non
1373 2088 1460 2128 scit
1487 2086 1607 2127 unde
1639 2092 1724 2133 est,

227 2164 319 2192 non
351 2152 470 2192 enim
502 2152 627 2192 videt
659 2151 894 2201 influxum,
927 2152 1044 2192 sicut
1076 2151 1155 2193 illa
1185 2165 1300 2206 quae
1342 2151 1387 2192 in
1427 2151 1574 2191 visum
1606 2148 1725 2190 oculi

226 2215 446 2264 incidunt,
471 2215 575 2256 inde
598 2216 810 2269 opinatur
830 2215 950 2269 quod
974 2216 1033 2256 sit
1055 2216 1099 2256 in
1122 2229 1184 2256 se.
1241 2214 1377 2268 Quod
1400 2215 1465 2255 ita
1487 2218 1723 2267 appareat,

226 2278 387 2319 datum
418 2286 489 2320 est
521 2278 692 2320 homini
732 2293 759 2320 a
800 2279 1014 2328 Domino,
1042 2285 1091 2320 ut
1133 2280 1191 2320 sit
1232 2278 1386 2327 homo,
1415 2284 1554 2331 utque
1586 2277 1644 2318 sit
1686 2276 1724 2317 ei

226 2344 507 2396 reciprocum
534 2340 877 2395 conjunctionis.
939 2342 1154 2391 Accedit,
1182 2343 1304 2396 quod
1337 2342 1476 2383 homo
1503 2347 1637 2382 natus
1664 2341 1722 2381 sit

225 2406 420 2447 facultas
447 2407 633 2456 sciendi,
662 2406 968 2460 intelligendi,
996 2413 1043 2448 et
1071 2407 1290 2460 sapiendi,
1316 2413 1362 2447 et
1390 2406 1502 2446 haec
1529 2404 1725 2446 facultas

226 2470 386 2524 recipit
412 2484 533 2519 vera,
562 2484 640 2524 per
666 2484 781 2524 quae
807 2471 847 2511 ei
874 2471 1080 2519 scientia,
1109 2470 1434 2523 intelligentia,
1463 2476 1511 2510 et
1543 2469 1725 2522 sapien-

225 2534 311 2574 tia:
347 2540 394 2575 et
421 2534 524 2588 quia
549 2534 897 2582 semina,creata
923 2540 995 2575 est
1029 2547 1107 2587 per
1137 2547 1292 2574 verum
1320 2533 1523 2581 masculi,
1552 2539 1599 2573 et
1634 2531 1718 2572 for-

226 2603 376 2638 matur
400 2598 444 2638 in
471 2610 674 2638 amorem
701 2597 794 2650 ejus
822 2597 921 2651 plus
947 2604 994 2639 et
1022 2597 1122 2651 plus
1145 2603 1250 2651 post
1276 2596 1549 2650 conjugium,
1574 2596 1717 2649 sequi·

226 2667 299 2701 tur
330 2661 450 2714 quod
477 2661 590 2702 haec
618 2662 758 2702 etiam
785 2661 975 2715 recipiat
1001 2674 1158 2702 verum
1185 2661 1335 2701 mariti
1365 2661 1410 2701 in
1443 2674 1506 2709 se,
1535 2665 1581 2700 et
1612 2671 1714 2699 con·

222 2724 388 2777 jungat
414 2724 524 2766 illud
552 2738 654 2766 cum
681 2739 764 2766 suo
789 2725 925 2766 bono.

310 2797 432 2841 123.
475 2787 611 2841 Quod
644 2789 869 2829 Dominus
891 2789 1023 2836 veris,
1052 2802 1166 2842 quae
1192 2787 1332 2829 homo
1357 2787 1533 2840 recipit,
1562 2785 1712 2838 adjun-

226 2851 308 2903 gat
330 2857 377 2892 et
400 2851 648 2905 conjungat
672 2852 856 2901 bonum,
877 2859 947 2893 est
970 2853 1075 2906 quia
1097 2852 1236 2892 homo
1259 2865 1350 2892 non
1370 2857 1525 2904 potest
1545 2862 1722 2890 sumere

226 2913 395 2954 bonum
436 2915 552 2955 sicut
589 2928 616 2955 a
656 2928 718 2963 se,
761 2921 833 2956 est
875 2916 1190 2956 enim'coram
1236 2914 1316 2954 illo
1348 2913 1721 2965 inconspicuum;

227 2989 363 3017 causa
389 2982 470 3027 est,
493 2978 599 3034 quia
625 2991 716 3019 non
744 2985 815 3019 est
839 2978 964 3028 lucis,
989 2978 1070 3019 sed
1094 2977 1270 3027 caloris,
1295 2983 1341 3018 et
1362 2975 1487 3018 calor
1509 2976 1720 3033 sentitur,
