2014 3386
360 364 447 405 214
818 363 1060 396 DELICIAE
1091 363 1394 397 SAPIENTIAE

356 488 380 512 a
398 475 577 518 meridie,
596 483 637 513 et
655 477 762 523 quod
781 484 1074 524 congregarent
1088 489 1130 513 se
1148 489 1239 513 cum
1259 478 1363 514 binis
1381 478 1606 515 turturibus
1626 479 1665 515 in
1683 480 1858 525 oriente:

357 537 398 566 et
419 530 537 566 simul
558 531 741 566 volarent
766 531 817 566 ad
844 532 1047 577 quoddam
1069 531 1250 567 eminens
1271 532 1463 577 palatium
1486 532 1551 573 ibi,
1573 533 1726 570 circum
1749 536 1857 581 quod

356 590 469 619 erant
482 584 604 624 oleae,
620 584 774 629 p‘almae
788 590 829 619 et
846 584 938 630 fagi.
991 583 1035 619 In
1052 584 1203 630 palatio
1217 591 1329 620 erant
1346 591 1428 621 tres
1441 586 1562 622 series
1579 585 1858 629 fenestrarum.

355 648 435 672 una
452 648 570 682 supra
583 637 771 678 alteram;
796 644 837 673 et
854 649 943 673 cum
963 637 1128 678 adverti,
1139 638 1222 673 vidi
1240 649 1391 685 cygnos
1411 639 1591 676 involare
1610 640 1649 675 in
1667 641 1858 687 palatium

356 700 427 736 per
442 690 639 726 fenestras
656 697 814 736 apertas
833 691 871 725 in
892 691 931 726 in
954 690 1090 726 infima
1106 691 1218 732 serie,
1241 702 1334 727 aves
1353 692 1621 737 paradisiacas
1639 705 1710 740 per
1729 693 1853 731 fenes-

354 749 436 778 tras
461 750 621 789 apertas
656 743 695 778 in
727 744 859 779 media
883 744 996 785 serie,
1022 750 1067 779 et·
1088 750 1264 780 turtures
1289 755 1360 791 per
1392 744 1591 782 fenestras
1623 753 1783 793 apertas
1816 747 1857 783 in

354 806 540 842 suprema
557 796 669 832 serie.

428 849 519 884 Hoc
535 849 634 889 viso,
652 849 810 885 adstitit
823 850 999 896 angelus,
1018 855 1059 885 et
1078 849 1189 890 dixit,
1208 854 1229 868 ‘⁴
1245 849 1442 897 Intelligis
1459 850 1547 887 visa
1564 851 1631 887 illa
1641 851 1684 888 ?''

428 901 478 937 Et
496 902 698 947 respondi,
715 907 735 921 ‘⁸
750 903 915 949 Aliquid
934 903 1109 949 parum.”
1527 930 1530 932 v

426 954 550 995 Dixit,
563 956 671 1001 quod
691 955 882 1001 palatium
901 956 998 990 illud
1018 962 1292 1001 repraesentet
1306 955 1578 993 habitationes
1596 957 1744 994 amoris
1760 969 1856 994 con·

351 1007 521 1054 jugialis,
541 1009 678 1054 quales
696 1015 790 1044 sunt
809 1009 847 1043 in
868 1008 1068 1044 mentibus
1087 1008 1295 1049 humanis:
1320 1009 1428 1055 quod
1443 1021 1630 1056 suprema
1646 1022 1738 1057 pars
1755 1011 1854 1058 ejus,

355 1060 393 1095 in
420 1071 539 1107 quam
567 1073 609 1097 se
635 1068 870 1107 receperunt
890 1068 1080 1101 turtures,
1103 1068 1377 1107 repraesentet
1398 1073 1625 1110 supremam
1648 1064 1853 1110 regionem

354 1114 511 1154 mentis,
530 1114 597 1149 ubi
619 1114 774 1149 habitat
791 1125 903 1149 amor
920 1114 1157 1161 conjugialis
1174 1115 1214 1149 in
1232 1126 1367 1150 amore
1384 1115 1480 1150 boni
1502 1127 1592 1151 curn
1610 1127 1682 1152 sua
1698 1116 1854 1162 sapien-

351 1167 429 1208 tia;
463 1168 595 1203 media
616 1178 718 1213 pars,
741 1168 780 1202 in
807 1178 927 1214 quam
946 1179 988 1203 se
1010 1175 1245 1214 receperunt
1265 1179 1359 1203 aves
1380 1169 1659 1214 paradisiacae,
1681 1170 1853 1206 mediam

352 1220 568 1266 regionem,
588 1221 655 1256 ubi
674 1221 829 1256 habitat
846 1232 959 1256 amor
971 1220 1209 1267 conjugialis
1228 1221 1266 1255 in
1285 1232 1422 1257 amore
1439 1222 1521 1257 veri
1540 1233 1630 1257 cum
1648 1233 1721 1258 sua
1738 1223 1853 1259 intel-

352 1274 537 1320 ligentia:
563 1284 609 1309 ac
623 1273 761 1309 infima
774 1285 874 1320 pars,
890 1274 930 1308 in
945 1285 1064 1320 quam
1083 1285 1125 1309 se
1143 1281 1380 1320 receperunt
1394 1275 1521 1321 cygni,
1535 1274 1710 1310 infimam
1726 1276 1854 1322 regio-

352 1340 443 1365 nem
459 1329 616 1370 mentis,
628 1329 696 1364 ubi
716 1329 870 1364 habitat
884 1340 998 1364 amor
1008 1329 1245 1375 conjugialis
1264 1329 1303 1364 in
1321 1339 1458 1364 amore
1475 1329 1572 1374 justi
1590 1336 1631 1365 et
1649 1329 1745 1365 refti
1761 1341 1852 1366 cum

351 1393 423 1417 sua
443 1382 632 1423 scientia:
666 1382 776 1417 “tria
796 1382 905 1428 paria
922 1381 1061 1417 alitum
1080 1382 1200 1417 etiam
1222 1381 1450 1428 significant
1469 1382 1544 1422 illa,
1564 1394 1635 1428 par
1650 1389 1852 1419 turturum

350 1446 528 1471 amorem
547 1435 813 1482 conjugialem
835 1445 1044 1480 supremae
1066 1434 1250 1481 regionis,
1270 1445 1342 1480 par
1361 1435 1494 1470 avium
1517 1435 1852 1481 paradisiacamm

350 1499 527 1524 amorem
546 1488 812 1534 conjugialem
828 1488 982 1523 mediae
997 1487 1180 1534 regionis,
1193 1494 1234 1522 et
1252 1499 1323 1533 par
1335 1498 1552 1534 cygnorum
1566 1499 1743 1524 amorem
1757 1500 1853 1525 con-

349 1541 539 1587 jugialem
567 1541 726 1576 infimae
752 1541 945 1588 regionis;
975 1541 1120 1576 similia
1140 1540 1368 1587 significant
1393 1541 1471 1576 tria
1495 1552 1641 1587 genera
1665 1542 1850 1578 arborum

349 1594 499 1629 circum
521 1594 627 1629 circa
652 1594 856 1640 palatium,
875 1594 999 1634 oleae,
1018 1594 1184 1640 palmae,
1207 1600 1248 1629 et
1273 1593 1364 1640 fagi.
1416 1593 1500 1629 Nos
1522 1594 1561 1629 in
1583 1594 1695 1630 caelo
1715 1605 1852 1641 supre-

351 1657 458 1682 mam
481 1648 683 1694 regionem
706 1647 852 1683 mentis
872 1658 1063 1682 vocamus
1084 1647 1309 1687 caelestem,
1333 1647 1504 1682 mediam
1526 1647 1786 1693 spiritualem,
1804 1659 1852 1684 ae

351 1700 528 1736 infimam
548 1701 789 1741 naturalem:
816 1711 862 1735 ac
880 1700 1121 1746 percipimus
1140 1700 1226 1735 illas
1244 1700 1347 1735 sicut
1366 1700 1637 1736 habitationes
1657 1700 1695 1735 in
1715 1701 1850 1742 domo,

349 1765 469 1789 unam
488 1764 607 1799 supra
624 1753 801 1793 alteram,
819 1760 860 1788 et
877 1764 1068 1788 ascensus
1085 1754 1134 1788 ab
1152 1763 1231 1788 una
1250 1752 1289 1787 in
1308 1753 1474 1788 alteram
1496 1764 1568 1799 per
1582 1754 1729 1800 gradus
1747 1753 1849 1789 sicut

350 1817 420 1852 per
444 1807 591 1847 scalas;
627 1813 668 1842 et
694 1806 734 1841 in
760 1806 982 1852 unaquavis
1008 1813 1120 1852 parte
1147 1806 1250 1841 sicut
1276 1805 1357 1841 duo
1382 1806 1598 1846 conclavia,
1624 1817 1747 1841 unum
1776 1817 1850 1852 pro

349 1871 496 1900 amore,
515 1861 684 1895 alterum
704 1871 776 1905 pro
794 1859 1001 1905 sapientia,
1019 1865 1060 1894 et
1078 1859 1254 1894 anterius
1273 1859 1377 1894 sicut
1394 1859 1633 1899 cubiculum,
1651 1859 1718 1894 ubi
1736 1870 1850 1895 amor

348 1924 440 1948 curn
466 1924 539 1948 sua
563 1912 770 1958 sapientia,
796 1919 866 1947 aut
891 1913 1040 1947 bonum
1067 1923 1158 1946 cum
1184 1923 1258 1947 suo
1282 1923 1390 1951 vero,
1412 1919 1480 1946 aut
1507 1912 1614 1957 quod
1642 1911 1759 1952 idem.
1780 1912 1847 1947 ubi

348 1966 536 2001 voluntas
561 1976 652 2001 cum
673 1967 748 2001 suo
774 1963 991 2004 intellectu,
1015 1965 1054 2000 in
1080 1971 1172 2000 toro
1192 1976 1235 2000 se
1256 1964 1510 2005 consociant:
1545 1964 1583 1999 in
1607 1965 1677 2000 illo
1698 1965 1848 2011 palatio

348 2025 508 2055 exstant
525 2018 628 2054 sicut
646 2018 821 2065 effigiata
838 2018 972 2053 omnia
990 2029 1134 2053 arcana
1150 2018 1297 2052 amoris
1315 2017 1588 2063 conjugialis.”

423 2071 497 2107 His
516 2071 675 2112 auditis,
689 2082 880 2106 accensus
898 2071 1097 2106 desiderio
1110 2070 1272 2105 videndi
1293 2071 1401 2110 illud,
1418 2070 1596 2116 quaesivi
1615 2082 1709 2106 num
1728 2070 1846 2107 alicui

349 2125 466 2160 detur
483 2124 630 2160 intrare
648 2131 689 2160 et
705 2124 840 2159 videre
859 2124 967 2163 illud,
987 2124 1080 2169 quia
1101 2130 1161 2159 est
1180 2124 1370 2169 palatium
1390 2123 1786 2169 repraesentativum.

423 2177 658 2224 Respondit,
680 2177 789 2223 quod
816 2188 897 2212 non
924 2177 1011 2212 aliis
1037 2188 1155 2223 quam
1183 2176 1249 2223 qui
1278 2177 1317 2211 in
1343 2177 1454 2212 caelo
1480 2176 1603 2212 tertio
1627 2183 1732 2217 sunt,
1753 2177 1848 2223 quia

350 2231 427 2266 illis
445 2242 564 2266 omne
582 2230 965 2276 repraesentativum
984 2229 1131 2265 amoris
1148 2236 1189 2265 et
1210 2229 1429 2275 sapientiae
1451 2229 1495 2265 fit
1514 2230 1639 2271 reale:
1669 2230 1751 2265 “ab
1769 2229 1847 2266 illis

349 2284 484 2319 audivi
506 2295 607 2330 quae
628 2284 700 2319 tibi
722 2283 851 2324 retuli,
874 2290 915 2318 et
940 2293 1100 2329 quoque
1122 2283 1210 2323 hoc,
1232 2283 1340 2328 quod
1363 2293 1475 2317 amor
1494 2294 1587 2318 vere
1607 2282 1847 2329 conjugialis

349 2337 505 2373 habitet
523 2337 562 2372 in
581 2337 768 2382 suprema
785 2336 947 2383 regione
973 2336 1012 2370 in
1035 2336 1169 2371 medio
1187 2335 1333 2371 amoris
1352 2335 1492 2376 mutui,
1513 2335 1551 2370 in
1570 2336 1749 2371 thalamo
1774 2347 1845 2372 seu

347 2390 528 2426 conclavi
545 2390 776 2430 voluntatis,
795 2396 836 2425 et
853 2399 1012 2435 quoque
1035 2389 1074 2424 in
1094 2388 1228 2423 medio
1245 2389 1546 2434 perceptionum
1565 2389 1785 2434 sapientiae
1806 2389 1846 2424 in

347 2444 527 2479 thalamo
544 2454 614 2479 seu
632 2443 811 2478 conclavi
831 2441 1064 2482 intellectus,
1084 2448 1126 2476 et
1142 2442 1249 2487 quod
1268 2442 1551 2477 consocientur
1567 2449 1657 2478 toro
1675 2441 1715 2477 in
1736 2441 1846 2478 cubi-

347 2497 440 2532 culo
458 2497 566 2542 quod
585 2503 811 2531 antrorsum
830 2502 902 2536 est,
921 2502 962 2531 et
984 2495 1024 2530 in
1042 2494 1232 2530 oriente.”

421 2549 471 2584 Et
489 2549 679 2595 quaesivi,
699 2549 812 2585 “Cur
829 2549 910 2584 duo
928 2548 1093 2584 thalami
1105 2547 1144 2583 ?”

421 2602 545 2643 Dixit,
567 2603 675 2648 quod
697 2602 864 2637 maritus
884 2601 937 2637 sit
962 2602 1001 2637 in
1023 2601 1201 2636 thalamo
1224 2599 1460 2641 intellectus,
1481 2607 1522 2636 et
1542 2600 1650 2647 quod
1672 2610 1773 2636 uxor
1791 2599 1845 2636 sit

350 2656 390 2691 in
408 2655 587 2690 thalamo
604 2655 837 2691 voluntatis.

422 2709 473 2744 Et
493 2708 683 2754 quaesivi,
705 2713 726 2727 ‘⁸
739 2707 840 2744 Cum
862 2718 975 2743 amor
994 2706 1232 2753 coniugialis
1254 2706 1306 2741 ibi
1330 2706 1495 2747 habitat,
1514 2706 1581 2741 ubi
1602 2712 1700 2742 tunc
1719 2704 1844 2752 frigus

347 2761 572 2808 conjugiale
585 2761 625 2797 ?'’
1665 2788 1667 2790 v

422 2814 657 2860 Respondit,
672 2814 779 2860 quod
792 2813 913 2849 etiam
932 2813 972 2849 in
989 2823 1175 2859 suprema
1188 2812 1361 2858 regione,
1375 2812 1445 2848 sed
1460 2811 1589 2848 solum
1608 2812 1647 2847 in
1665 2811 1844 2847 thalamo

349 2866 586 2907 intellectus,
601 2867 736 2902 clauso
749 2867 929 2902 thalamo
939 2865 1158 2902 voluntatis
1173 2865 1225 2900 ibi
1238 2877 1247 2906 ;
1265 2870 1285 2884 “
1297 2864 1522 2901 intellectus
1535 2865 1642 2900 enim
1656 2875 1747 2900 cum
1761 2863 1844 2900 suis

347 2921 464 2961 veris,
492 2927 637 2966 potest,
664 2921 824 2965 quoties
849 2920 971 2960 lubet,
997 2919 1212 2955 ascendere
1246 2929 1315 2964 per
1346 2919 1492 2954 scalam
1519 2918 1767 2954 cochlearem
1803 2917 1843 2953 in

349 2984 576 3019 supremam
599 2973 801 3019 regionem
830 2973 868 3008 in
895 2983 1009 3008 suum
1036 2972 1268 3011 thalamum,
1295 2972 1365 3007 sed
1392 2972 1424 3007 si
1451 2972 1638 3007 voluntas
1662 2981 1751 3006 cum
1779 2969 1841 3006 sui

349 3027 496 3062 amoris
513 3027 621 3062 bono
643 3037 723 3061 non
742 3026 860 3061 simul
883 3026 922 3060 in
944 3024 1175 3061 consocium
1193 3024 1414 3060 thalamum
1435 3025 1626 3065 ascendit,
1645 3024 1844 3060 clauditur
