2014 3386
554 358 621 390 DE
653 356 834 390 AMORE
865 355 1277 389 SPIRITUALI.--N.
1309 355 1373 400 55.
1658 356 1706 399 5Ῑ

217 470 398 517 potentia
412 468 623 516 jugi-sunt,
641 475 683 505 et
708 468 750 504 hi
771 474 865 504 sunt
887 468 926 503 in
949 467 1144 514 supremis
1164 467 1304 503 caelis:
1329 473 1370 503 et
1387 477 1547 514 quoque
1570 468 1707 504 datum

215 531 275 560 est
292 523 494 570 percipere
512 522 705 557 influxum
727 522 846 568 hujus
864 522 1011 557 amoris
1038 521 1078 556 in
1099 520 1332 557 affectiones
1353 521 1533 557 cordium
1552 529 1710 558 nostro-

206 587 313 618 rum,
343 582 384 612 et
417 576 685 622 persensimus
719 575 830 610 illum
865 575 1063 610 suavitate
1096 575 1356 610 excedentem
1391 585 1552 610 omnem
1586 575 1708 610 alium

206 639 402 670 amorem,
424 636 582 675 pnaeter
601 639 778 664 amorem
800 629 971 663 duorum
997 628 1227 673 conjugum,
1249 638 1418 673 quorum
1440 628 1563 663 corda
1583 639 1707 664 unum

212 689 327 718 sunt:
356 683 427 718 sed
454 682 627 728 petimus
657 689 702 717 ut
727 681 930 717 ventiletis
959 681 1066 716 hunc
1095 691 1284 721 amorem,
1310 680 1405 726 quia
1433 692 1566 716 coram
1593 682 1708 718 vobis

212 746 339 772 novus
360 742 421 772 est
441 741 483 771 et
504 735 685 782 ignotus:
716 741 757 770 et
778 734 872 780 quia
895 740 958 770 est
984 733 1069 780 ipsa
1088 734 1322 774 amoenitas,
1344 744 1369 769 a
1393 734 1509 770 nobis
1535 734 1575 770 in
1597 736 1708 771 caelo

211 795 378 824 vocatur
397 788 580 824 caelestis
598 788 809 823 suavitas.”

282 841 383 877 Cum
400 842 534 887 itaque
546 841 796 882 ventilarent,
811 841 982 887 primum
996 840 1120 875 locuti
1134 846 1228 876 sunt
1242 839 1298 875 illi
1313 839 1380 886 qui
1395 851 1475 876 non
1491 846 1707 886 potuerunt

209 894 386 941 cogitare
407 894 632 930 castitatem
654 894 704 929 de
722 894 932 940 conjugiis,
950 900 990 929 et
1008 893 1178 934 aiebant,
1194 898 1214 912 ‘⁴
1228 892 1328 940 Quis
1346 894 1440 928 dum
1459 894 1571 929 videt
1588 894 1707 940 virgi-

200 957 300 983 -nem
330 954 400 982 aut
428 958 593 983 uxorem
628 947 834 993 pulchram
864 953 905 982 et
933 946 1156 986 amabilem,
1187 946 1243 981 ita
1275 953 1410 992 potest
1438 947 1633 993 castigare
1666 954 1707 982 et

209 1000 415 1046 purificare
435 1000 544 1036 ideas
562 1000 818 1046 cogitationis
836 1011 930 1035 suae
948 1011 971 1035 a
988 999 1323 1045 concupiscentia,
1342 1006 1387 1034 ut
1408 1006 1515 1035 amet
1533 1000 1707 1046 pulchri-

208 1053 404 1094 tudinem,
425 1060 466 1088 et
492 1060 626 1088 tamen
653 1063 814 1099 prorsus
841 1064 921 1088 non
946 1053 1055 1093 velit,
1083 1053 1115 1088 si
1142 1053 1248 1093 licet,
1274 1053 1381 1088 illam
1407 1052 1557 1088 libare?
1607 1052 1707 1100 Quis

208 1112 342 1152 potest
359 1113 514 1142 vertere
531 1106 895 1152 concupiscentiam
921 1106 1047 1141 cuivis
1068 1106 1155 1141 viro
1178 1106 1353 1141 innatam
1378 1106 1416 1140 in
1438 1106 1518 1141 tale
1539 1113 1705 1146 castum,

208 1159 264 1194 ita
291 1159 330 1194 in
357 1170 437 1195 non
464 1170 517 1200 se,
536 1166 577 1194 et
602 1170 727 1205 usque
752 1158 912 1195 amare?
963 1158 1069 1194 Num
1095 1170 1209 1194 amor
1234 1170 1362 1198 sexus,
1385 1159 1480 1194 dum
1507 1159 1557 1194 ab
1579 1159 1706 1195 oculis

199 1212 331 1247 ,intrat
352 1212 391 1247 in
413 1212 688 1259 cogitationes,
711 1218 845 1258 potest
871 1212 1086 1248 subsistere
1114 1212 1152 1247 in
1175 1211 1275 1247 facie
1296 1211 1494 1247 feminae?
1545 1211 1705 1248 Numne

206 1265 414 1300 descendit
440 1272 644 1301 momento
672 1266 711 1300 in
739 1264 886 1311 pec‘tus,
905 1272 945 1301 et
972 1264 1103 1301 ultra?
1154 1265 1300 1311 Angeli
1326 1265 1450 1301 locuti
1477 1271 1570 1300 sunt
1590 1276 1703 1306 vana,

206 1318 315 1363 quod
336 1318 399 1353 ille
417 1329 530 1354 amor
544 1319 661 1354 detur
677 1326 820 1359 castus,
835 1325 876 1353 et
894 1325 1029 1354 tamen
1045 1318 1152 1364 quod
1171 1318 1352 1354 omnium
1367 1318 1626 1354 suavissimus
1639 1319 1703 1359 sit,

203 1377 247 1406 et
265 1370 372 1417 quod
394 1372 511 1407 unice
529 1372 672 1407 dabilis
690 1372 742 1407 sit
759 1372 865 1418 apud
887 1371 1053 1407 maritos
1070 1371 1138 1417 qui
1161 1371 1200 1406 in
1222 1382 1357 1407 amore
1374 1382 1468 1407 vere
1488 1371 1703 1418 conjugiali

205 1430 246 1459 et
272 1424 364 1459 inde
391 1424 431 1459 in
453 1425 723 1471 praepollente
750 1424 933 1470 potentia
957 1435 1047 1459 cum
1074 1424 1263 1459 uxoribus
1289 1424 1371 1460 suis
1396 1431 1512 1460 sunt:
1537 1436 1633 1459 num
1660 1425 1701 1460 hi

206 1486 299 1522 prae
329 1477 428 1518 aliis,
458 1478 553 1512 dum
583 1478 723 1513 vident
753 1477 950 1523 pulchras,
981 1483 1150 1523 possunt
1180 1477 1289 1513 ideas
1318 1477 1577 1523 cogitationis
1606 1488 1701 1513 suae

204 1537 343 1565 tenere
362 1530 400 1565 in
425 1531 519 1571 alto,
538 1537 579 1566 et
596 1531 700 1566 sicut
721 1531 975 1576 suspendere,
994 1541 1044 1565 ne
1066 1531 1313 1566 descendant
1333 1537 1375 1566 et
1400 1537 1569 1577 pergant
1589 1531 1639 1566 ad
1663 1531 1702 1566 id

204 1583 311 1629 quod
332 1583 426 1618 facit
443 1594 620 1619 amorem
640 1584 750 1618 illum
763 1583 803 1619 ?”

279 1635 377 1671 Post
395 1636 469 1672 hos
487 1637 611 1671 locuti
626 1643 719 1672 sunt
734 1637 801 1682 qui
819 1643 860 1672 et
878 1637 918 1671 in
931 1635 1082 1683 ¹frigore
1100 1643 1141 1671 et
1159 1636 1199 1671 in
1213 1636 1343 1672 calore
1357 1643 1481 1677 erant,
1498 1636 1536 1671 in
1556 1635 1702 1683 frigore

205 1689 255 1725 ad
283 1700 374 1724 suas
401 1700 556 1730 uxores,
578 1696 618 1725 et
647 1690 686 1724 in
714 1690 844 1725 calore
873 1690 923 1724 ad
954 1701 1114 1730 sexum;
1140 1696 1180 1724 et
1207 1689 1403 1729 dicebant,
1427 1688 1564 1736 “Quid
1591 1699 1704 1724 amor

200 1752 322 1778 sexus
342 1742 507 1778 castus?
555 1743 677 1778 Estne
703 1754 815 1778 amor
835 1754 952 1778 sexus
978 1741 1244 1778 contradictio
1264 1753 1354 1778 cum
1376 1742 1564 1788 adjicitur
1584 1742 1703 1778 casti-

195 1794 294 1830 tas?
319 1795 415 1842 quid
437 1795 702 1831 contradictio
726 1795 764 1830 in
786 1794 957 1842 adjec‘to,
980 1795 1056 1831 nisi
1078 1795 1224 1831 rescui
1250 1795 1429 1831 aufertur
1449 1806 1521 1831 sua
1546 1795 1701 1841 praedi-

203 1848 319 1888 catio,
341 1859 443 1894 quae
465 1860 544 1884 non
567 1855 627 1884 est
652 1848 832 1894 aliquid?
883 1847 1098 1895 Quomodo
1124 1859 1237 1884 amor
1261 1859 1379 1884 sexus
1404 1855 1539 1884 castus
1565 1855 1701 1894 potest

201 1911 288 1936 esse
307 1902 485 1936 omnium
504 1912 685 1937 amorum
705 1901 976 1942 suavissimus,
991 1913 1082 1936 cum
1100 1902 1263 1937 castitas
1282 1902 1464 1948 deprivat
1482 1902 1592 1936 illum
1610 1913 1701 1937 sua—

201 1954 325 1990 vitate
351 1954 446 1990 sua?
490 1954 627 1990 Nostis
653 1966 792 1990 omnes
818 1955 885 1990 ubi
912 1955 1059 1990 residet
1080 1955 1253 1990 suavitas
1279 1954 1382 1990 illius
1407 1955 1571 1995 amoris;
1606 1966 1698 1990 cum

202 2007 336 2053 itaque
353 2007 442 2043 idea
454 2006 711 2053 conjunctiva
724 2019 814 2043 cum
833 2008 910 2043 hoc
928 2009 1093 2048 exsulat,
1109 2008 1178 2043 ubi
1195 2014 1236 2043 et
1255 2008 1362 2043 unde
1376 2014 1473 2043 tunc
1488 2007 1689 2043 suavitas?

273 2060 385 2096 Tunc
399 2067 640 2106 exceperunt
653 2060 786 2107 aliqui,
801 2067 842 2096 et
861 2061 1057 2101 dixerunt,
1077 2066 1097 2079 “
1111 2060 1195 2096 Nos
1213 2060 1359 2096 fuimus
1376 2071 1466 2095 cum
1483 2060 1699 2106 pulcherri—

198 2112 286 2153 mis,
305 2119 346 2149 et
371 2125 451 2149 non
473 2113 712 2159 cupivimus;
739 2124 859 2159 quare
881 2125 954 2149 nos
975 2114 1123 2149 scimus
1143 2113 1239 2159 quid
1260 2124 1374 2149 amor
1393 2124 1510 2149 sexus
1530 2112 1699 2149 castus.’'

272 2166 328 2201 At
348 2166 535 2206 consocii,
553 2166 621 2212 qui
643 2173 840 2202 noverunt
861 2166 1040 2202 lascivias
1063 2166 1232 2206 illorum,
1254 2166 1560 2212 respondebant,
1581 2171 1601 2185 ‘⁴
1614 2166 1697 2202 Vos

197 2225 298 2254 tunc
320 2219 358 2254 in
381 2226 486 2254 statu
509 2219 656 2254 fastidii
679 2230 795 2255 sexus
815 2230 864 2255 ex
891 2230 971 2255 non
994 2219 1175 2265 potentia
1195 2219 1335 2259 fuistis,
1357 2226 1399 2255 et
1425 2219 1502 2255 hoc
1528 2230 1609 2255 non
1636 2226 1697 2255 est

199 2282 313 2307 amor
329 2283 445 2307 sexus
462 2279 604 2312 castus,
623 2273 693 2308 sed
711 2279 772 2308 est
789 2273 975 2307 ultimum
994 2272 1139 2308 amoris
1157 2272 1334 2308 incasti.’'

273 2324 348 2360 His
364 2325 510 2360 auditis
520 2325 650 2371 angeli
670 2325 865 2371 indignati
880 2331 1132 2371 rogaverunt,
1145 2332 1189 2360 ut
1208 2325 1263 2360 illi
1277 2324 1344 2371 qui
1362 2325 1412 2360 ad
1431 2325 1611 2361 dextram
1627 2335 1695 2361 seu

199 2377 249 2413 ad
269 2377 472 2413 meridiem
487 2379 656 2418 stabant,
671 2378 948 2424 loquerentur:
969 2385 1011 2413 et
1028 2378 1068 2413 hi
1088 2378 1293 2414 dixerunt:
1320 2383 1340 2396 ‘⁴
1354 2378 1424 2413 Est
1441 2389 1553 2413 amor
1565 2378 1638 2413 viri
1657 2385 1697 2413 et

198 2430 284 2471 viri,
302 2437 388 2466 tum
410 2430 580 2466 feminae
601 2438 642 2466 et
663 2430 844 2471 feminae,
863 2438 904 2466 et
925 2438 985 2467 est
1005 2442 1117 2466 amor
1136 2431 1209 2466 viri
1231 2431 1280 2466 ad
1304 2430 1503 2471 feminam,
1523 2438 1564 2466 et
1584 2441 1698 2466 amor

199 2482 369 2519 feminae
388 2484 438 2519 ad
458 2483 607 2525 virum:
633 2491 674 2519 et
692 2484 790 2519 haec
810 2484 886 2520 tria
905 2484 1012 2530 paria
1029 2495 1207 2519 amorum
1228 2484 1332 2519 inter
1349 2494 1390 2519 se
1409 2495 1568 2530 prorsus
1585 2483 1697 2518 diffe—

199 2542 310 2577 runt;
335 2547 447 2571 amor
465 2536 538 2572 viri
564 2543 605 2572 et
629 2537 701 2572 viri
724 2543 784 2572 est
805 2537 908 2572 sicut
933 2548 1044 2572 amor
1065 2536 1290 2572 inteueftus
1314 2543 1356 2572 et
1381 2535 1617 2577 intellecstus,
1636 2536 1697 2571 vir

198 2588 304 2624 enim
322 2596 477 2625 creatus
493 2597 555 2625 est
572 2597 613 2625 et
631 2589 724 2625 inde
740 2590 915 2625 nascitur
926 2596 969 2625 ut
983 2590 1051 2625 fiat
1069 2589 1315 2631 intellectum
1340 2600 1454 2625 amor
1466 2589 1636 2625 feminae
1654 2595 1695 2624 et

200 2640 369 2677 feminae
387 2649 447 2677 est
473 2642 575 2678 sicut
592 2654 704 2678 amor
721 2641 944 2678 affectionis
962 2649 1003 2678 et
1019 2642 1244 2678 affectionis
1262 2641 1490 2678 intelledlus
1506 2642 1693 2680 virorum,

198 2692 346 2730 femina
361 2695 466 2730 enim
492 2702 624 2731 creata
641 2702 701 2731 est
726 2702 767 2731 et
794 2696 970 2731 nascitur
986 2702 1032 2730 ut
1057 2695 1126 2731 fiat
1142 2706 1254 2731 amor
1272 2694 1498 2731 intellectus
1522 2695 1617 2730 viri:
1652 2694 1693 2728 hi

199 2756 362 2787 amores,
381 2758 525 2793 nempe
542 2748 615 2783 viri
634 2755 674 2783 et
692 2748 775 2789 viri,
794 2759 840 2784 ac
857 2748 1026 2784 feminae·
1049 2755 1091 2784 et
1111 2748 1293 2789 feminae,
1312 2759 1394 2784 non
1415 2748 1563 2783 intrant
1583 2747 1693 2793 peni-

200 2805 266 2834 tus
291 2798 330 2833 in
350 2799 518 2844 pefiora,
538 2801 606 2836 sed
627 2800 723 2836 foris
741 2807 860 2841 stant,
879 2807 918 2836 et
945 2812 986 2836 se
1014 2802 1137 2836 modo
1154 2808 1337 2847 tangunt,
1357 2801 1413 2836 ita
1430 2812 1510 2835 non
1527 2799 1692 2835 interius

199 2851 450 2897 conjungunt
460 2853 582 2894 duos;
607 2860 728 2899 quare
740 2854 859 2889 etiam
879 2855 960 2889 duo
972 2854 1045 2889 viri
1064 2854 1282 2890 ratiociniis
1294 2860 1335 2889 et
1354 2853 1571 2889 ratiociniis
1590 2852 1694 2886 inter

200 2914 242 2938 se
261 2904 454 2950 pugillant
471 2906 573 2941 sicut
591 2907 672 2942 duo
690 2907 887 2947 athletae;
913 2917 958 2942 ac
977 2907 1078 2942 duae
1097 2906 1268 2942 feminae
1286 2907 1526 2952 quandoque
1544 2915 1692 2939 concu-

200 2955 402 3001 piscentiis
422 2964 463 2992 et
487 2959 819 3004 concupiscentiis
842 2960 944 2994 inter
964 2970 1005 2994 se
1026 2959 1128 2995 sicut
1149 2959 1231 2994 duo
1252 2959 1436 2994 ludiones
1457 2957 1693 3004 dimicantes

200 3009 353 3055 pugnis.
404 3010 459 3045 At
480 3021 591 3046 amor
606 3011 678 3046 viri
701 3018 741 3047 et
762 3011 930 3047 feminae
952 3018 1012 3047 est
1030 3022 1142 3046 amor
1160 3010 1387 3046 intellectus
1407 3017 1448 3046 et
1469 3010 1555 3056 ejus
1572 3009 1691 3045 affec-
