2014 3386
599 327 667 359 DE
698 325 879 359 AMORE
909 324 1337 369 CONJUGIAL1.-N.
1366 327 1461 369 332.
1691 317 1771 370 263

275 442 381 478 unde
399 441 443 477 fit
461 440 619 477 disunio
636 446 678 476 et
695 451 775 476 non
790 440 907 482 uni0;
928 440 1089 486 insuper
1101 450 1234 475 amare
1252 450 1364 475 suam
1379 439 1693 486 intelligentiam,
1712 446 1773 475 est

273 506 411 542 sapere
428 505 478 530 ex
495 504 547 535 se,
567 500 609 529 et
626 494 704 529 hoc
721 500 783 529 est
800 493 981 534 insanire,
996 503 1118 540 quare
1135 499 1196 528 est
1213 503 1345 528 amare
1362 503 1476 528 suam
1495 492 1724 528 insaniam.”

345 547 416 594 Ad·
430 547 528 583 haec
545 546 618 583 viri
636 547 833 588 dixerunt,
853 546 1006 582 “Forte
1024 557 1126 581 uxor
1142 557 1183 581 se
1201 545 1289 580 unit
1306 556 1397 580 cum
1417 545 1565 581 virtute
1581 544 1692 581 viri.”

345 601 410 636 Ad
437 601 535 636 haec
553 600 724 635 riserunt
742 610 896 640 uxores,
916 599 1108 639 dicentes,
1128 597 1298 633 “Virtus
1324 609 1405 633 non
1432 597 1578 638 deficit,
1597 598 1693 633 dum
1711 598 1772 633 vir

272 660 380 689 amat
397 664 564 689 uxorem
582 663 632 688 ex
650 652 926 699 intelligentia,
945 659 986 687 at
1007 652 1143 688 deficit
1167 651 1200 687 si
1227 662 1276 686 ex
1302 651 1479 692 insania;
1506 650 1771 697 intelligentia

271 714 334 742 est
350 717 483 742 amare
504 706 628 741 solam
648 716 834 746 uxorem;
860 713 900 741 et
921 705 1015 740 huic
1033 704 1159 740 amori
1177 715 1259 740 non
1281 704 1418 739 deficit
1434 704 1581 744 virtus;
1607 710 1649 739 at
1667 704 1770 739 insa-

272 760 337 795 nia
362 767 424 795 est
449 770 530 794 non
551 770 682 794 amare
701 769 876 800 uxorem,
895 759 964 794 sed
982 769 1131 799 sexum,
1150 764 1191 793 et
1216 757 1311 793 huic
1328 757 1454 793 amori
1473 757 1608 792 deficit
1624 756 1771 792 virtus:

270 811 609 858 comprehenditis
630 812 707 847 hoc
718 810 759 847 ?’'

342 865 525 900 Alterum
535 865 766 900 conclusum
779 863 874 899 fuit:
889 868 910 882 “
923 863 1008 900 Nos
1022 863 1192 899 feminae
1202 862 1403 899 nascimur
1414 863 1454 898 in
1466 873 1642 898 amorem
1655 862 1771 898 intel-

270 917 457 965 ligentiae
470 918 644 953 virorum
658 930 666 959 ;
688 928 809 964 quare
823 917 856 953 si
873 917 945 952 viri
959 923 1096 952 amant
1109 927 1220 952 suam
1236 916 1436 962 propriam
1452 915 1768 962 intelligentiam,

270 982 352 1007 non
369 977 504 1017 potest
523 971 787 1017 intelligentia
804 970 906 1005 uniri
928 981 1019 1005 curn
1041 981 1114 1005 suo
1131 970 1306 1016 genuino
1324 980 1469 1010 amore,
1488 969 1557 1017 qui
1579 975 1640 1010 est
1660 969 1766 1015 apud

269 1035 434 1060 uxorem
449 1036 458 1066 ;
491 1031 532 1060 et
553 1024 585 1059 si
607 1023 870 1069 intelligentia
886 1023 959 1058 viri
978 1034 1059 1058 non
1077 1023 1214 1058 unitur
1230 1033 1320 1058 cum
1339 1033 1412 1058 suo
1429 1022 1605 1069 genuino
1622 1032 1768 1062 amore,

268 1076 337 1124 qui
354 1083 416 1113 est
432 1077 539 1123 apud
557 1088 735 1117 uxorem,
755 1076 1019 1122 intelligentia
1036 1076 1081 1111 fit
1104 1076 1256 1111 insania
1272 1087 1321 1111 ex
1346 1075 1462 1115 fastu,
1480 1081 1522 1110 et
1545 1086 1658 1110 amor
1674 1085 1770 1110 con-

267 1130 428 1178 jugialis
448 1130 494 1165 fit
513 1130 662 1176 frigus;
689 1141 791 1176 quae
809 1141 905 1176 ergo
923 1129 1071 1164 femina
1087 1135 1219 1175 potest
1237 1129 1351 1164 unire
1369 1139 1545 1164 amorem
1564 1139 1680 1163 suum
1702 1127 1769 1162 fri-

269 1183 375 1230 gori;
401 1190 442 1219 et
462 1183 551 1230 quis
572 1183 633 1218 vir
653 1190 786 1229 potest
806 1183 920 1218 unire
941 1182 1135 1218 insaniam
1156 1182 1281 1218 fastus
1302 1181 1374 1223 sui,
1396 1181 1522 1217 amori
1545 1181 1767 1228 intelligen-

270 1236 350 1272 tiae
364 1236 405 1272 ?”

342 1290 398 1325 At
424 1289 611 1324 dixerunt
636 1289 722 1329 viri,
745 1288 898 1324 “Unde
922 1289 1009 1324 viro
1031 1289 1161 1324 honor
1188 1288 1238 1323 ab
1263 1298 1398 1328 uxore,
1417 1287 1494 1323 nisi
1513 1286 1767 1334 magnifaciat

270 1343 575 1389 intelligentiam
596 1353 708 1378 suam
721 1341 761 1378 ?'’
792 1342 871 1377 Sed
898 1341 1189 1388 responderunt
1211 1352 1366 1381 uxores,
1390 1340 1481 1376 “Ex
1507 1351 1654 1381 amore,
1675 1340 1768 1386 quia

267 1407 382 1431 amor
394 1396 587 1437 honorat;
612 1406 694 1431 non
709 1401 843 1442 potest
857 1395 988 1431 honor
1000 1394 1172 1441 separari
1190 1395 1239 1430 ab
1256 1405 1402 1435 amore,
1417 1394 1487 1430 sed
1502 1399 1638 1440 potest
1655 1404 1768 1428 amor

267 1450 318 1485 ab
336 1449 528 1485 honore.”

341 1502 489 1538 Postea
513 1501 692 1537 fecerunt
717 1501 880 1536 tertium
908 1500 1152 1540 conclusum,
1172 1500 1271 1535 hoc:
1306 1494 1543 1535 “Videmini
1570 1499 1673 1534 sicut
1692 1510 1767 1535 vos

267 1555 411 1591 ametis
428 1565 582 1596 uxores,
601 1562 642 1590 et
662 1565 743 1590 non
763 1554 909 1590 videtis
927 1554 1035 1600 quod
1057 1554 1105 1588 ab
1126 1553 1317 1588 uxoribus
1334 1552 1534 1592 amemini,
1554 1558 1595 1587 et
1615 1563 1687 1587 vos
1708 1551 1766 1587 sic

268 1608 504 1649 redametis;
537 1615 578 1643 et
603 1608 711 1653 quod
739 1606 1002 1654 intelligentia
1025 1613 1158 1642 vestra
1183 1606 1235 1641 sit
1260 1605 1576 1651 receptaculum:
1612 1605 1645 1641 si
1671 1615 1766 1651 ergo

267 1662 413 1698 amatis
431 1661 735 1708 intelligentiam
752 1667 928 1696 vestram
954 1660 994 1695 in
1019 1660 1144 1699 vobis,
1163 1659 1208 1694 fit
1235 1659 1302 1694 illa
1327 1658 1623 1704 receptaculum
1643 1657 1766 1694 vestri

267 1715 434 1756 amoris;
460 1721 500 1750 et
521 1725 634 1750 amor
651 1714 811 1760 proprii,
825 1714 920 1759 quia
940 1724 1021 1748 non
1039 1713 1211 1748 sustinet
1228 1723 1374 1758 parem,
1393 1722 1589 1758 nusquam
1608 1710 1653 1747 fit
1670 1721 1766 1747 con-

266 1768 446 1815 jugialis:
471 1768 541 1803 sed
559 1767 749 1814 quamdiu
766 1767 885 1807 valet,
904 1766 1059 1801 tamdiu
1078 1772 1214 1801 manet
1231 1764 1529 1800 scortatorius.”

338 1821 403 1857 Ad
430 1821 529 1856 haec
553 1820 628 1856 viri
653 1819 959 1861 conticuerunt:
993 1819 1294 1854 murmurabant
1319 1825 1465 1859 tamen,
1488 1816 1627 1864 “Quid
1643 1826 1764 1852 vamor

266 1874 503 1921 conjugialis
515 1873 555 1909 ?''

337 1927 571 1963 Audiebant
592 1926 660 1962 illa
678 1926 801 1974 aliqui
823 1925 955 1962 mariti
982 1925 1022 1961 in
1048 1925 1180 1961 caelo:
1212 1930 1254 1961 et
1278 1923 1357 1960 tria
1380 1923 1567 1960 conclusa
1592 1933 1761 1959 uxorum

267 1980 360 2017 inde
377 1980 680 2017 confirmabant.

940 2223 1088 2284 [XV]
1145 2222 1148 2230 ’

798 2349 875 2391 ΒΕ
906 2349 1228 2390 POLYGAMIA.

350 2484 481 2529 332·
522 2473 569 2517 Si
599 2474 846 2528 indagatur
876 2486 1028 2522 causa,
1062 2485 1141 2513 cur
1171 2469 1384 2525 conjugia
1414 2468 1707 2525 polygamica
1739 2481 1763 2509 e

267 2539 531 2582 Christiano
556 2538 666 2580 orbe
697 2537 834 2592 plane
864 2537 1085 2578 damnata
1110 2541 1232 2583 sunt,
1260 2534 1339 2576 illa
1370 2548 1396 2575 a
1427 2534 1624 2582 nemine,
1652 2545 1763 2586 qua-

267 2616 444 2658 cunque
469 2602 581 2643 dote
612 2615 683 2643 res
714 2607 848 2642 acute
874 2599 1060 2653 ingenio
1086 2598 1391 2652 perspiciendi
1416 2597 1649 2650 praeditus
1675 2600 1762 2643 est,

267 2673 318 2708 ut
349 2672 511 2720 aperta
541 2664 683 2706 videri
715 2670 887 2718 potest,
915 2663 1000 2704 nisi
1036 2663 1157 2716 prius
1183 2659 1432 2703 instructus
1462 2661 1609 2707 fuerit,
1641 2656 1770 2710 Quod

267 2730 397 2771 detur
415 2742 544 2771 amor
563 2741 666 2769 vere
687 2725 953 2783 conjugialis
968 2741 984 2769 .·
1019 2725 1148 2777 Quod
1166 2724 1238 2766 hic
1267 2738 1351 2765 non
1382 2722 1548 2765 dabilis
1573 2721 1647 2771 sit,
1676 2719 1769 2761 nisi

267 2805 402 2847 quam
426 2791 543 2833 inter
562 2790 670 2832 duos
689 2804 706 2831 .·
740 2789 869 2841 Quod
894 2803 967 2830 nec
986 2788 1103 2830 inter
1122 2788 1231 2829 duos
1253 2787 1346 2828 nisi
1372 2800 1401 2828 a
1430 2785 1521 2827 solo
1544 2784 1732 2825 Domino
1746 2797 1763 2824 .·

267 2855 332 2897 Et
351 2855 471 2910 quod
489 2854 590 2896 huic
612 2853 760 2895 amori
775 2852 1038 2906 inscriptum
1059 2851 1122 2893 sit
1139 2850 1305 2892 caelum
1328 2863 1423 2890 cum
1447 2847 1646 2889 omnibus
1670 2846 1763 2901 ejus

258 2918 568 2972 felicitatibus.
631 2916 733 2958 Hae
764 2917 1053 2970 cognitiones
1090 2915 1176 2955 nisi
1216 2913 1510 2968 praecedant,
1544 2916 1590 2951 et
1633 2909 1761 2964 quasi

268 2982 463 3037 primum
494 2981 694 3036 lapidem
726 2986 915 3035 ponant,
949 2979 1251 3033 nequicquam
1281 2976 1456 3029 satagit
1488 2987 1618 3015 mens
1649 2973 1760 3015 edu·
