2014 3386
554 354 621 387 DE
653 354 832 387 AMORE
863 354 1344 388 SCORTATOR10.—N.
1369 347 1467 398 461.
1675 356 1753 400 351

264 469 509 523 sponsione
548 468 742 510 foederis
779 468 1075 523 conjugialis:
1123 474 1194 510 est
1235 483 1415 523 quoque
1456 468 1535 510 illa
1571 469 1758 514 honoris

262 533 356 586 ejus
396 544 593 584 corona;
641 546 780 586 quare
820 533 992 587 absque
1036 532 1220 573 foedere
1261 532 1458 586 conjugii
1499 534 1757 586 praeripere

260 596 401 645 illam,
434 602 482 637 et
522 602 686 649 postea
726 597 974 646 dimittere,
1014 602 1087 638 est
1128 596 1326 650 aliquam
1366 597 1603 650 virginem,
1642 610 1756 651 quae

260 665 415 713 potest
449 673 618 713 sponsa
648 666 695 701 et
729 666 858 701 casta
888 673 1005 701 uxor
1036 659 1144 709 fieri,
1173 660 1461 702 meretricem
1487 660 1650 710 facere,
1679 666 1756 701 aut

258 722 457 776 aliquem
489 723 634 764 virum
672 723 953 771 defraudare,
982 736 1035 764 ac
1073 729 1314 777 utrumque
1351 723 1623 764 damnosum
1656 730 1753 764 est:

258 786 429 827 idcirco
455 787 529 840 qui
555 787 777 839 virginem
804 787 848 827 in
873 786 1084 840 pellicem
1112 787 1196 827 sibi
1222 786 1444 839 adjungit,
1470 792 1629 840 potest
1657 787 1755 840 qui-

258 849 362 890 dem
389 849 655 891 cohabitare
682 862 783 891 cum
810 849 903 899 illa,
931 856 978 891 et
1005 851 1066 891 sic
1093 849 1220 891 illam
1247 850 1292 890 in
1318 851 1565 891 amicitiam
1587 850 1755 890 amoris

257 912 451 961 initiare,
479 914 559 954 sed
587 927 726 967 usque
753 926 855 955 cum
881 914 1115 955 constanti
1141 914 1415 962 intentione,
1448 914 1484 954 si
1511 927 1602 954 non
1630 926 1755 954 moe-

257 976 432 1026 chatur,
453 982 502 1017 ut
524 977 584 1018 sit
610 977 684 1018 vel
710 975 789 1018 fiat
812 990 892 1017 sua
913 990 1041 1018 uxor.
1105 975 1202 1030 (iii.)
1237 976 1372 1029 Quod
1400 977 1640 1030 pellicatus
1663 989 1754 1017 non

258 1039 527 1092 pangendus
546 1040 604 1080 sit
623 1053 723 1080 cum
739 1041 969 1089 maritata,
986 1040 1088 1094 quia
1105 1040 1191 1081 hoc
1211 1047 1282 1080 est
1301 1040 1589 1089 adulterium,
1610 1045 1752 1093 patet.

259 1101 357 1156 (iv.)
392 1101 526 1156 Quod
545 1115 673 1144 amor
690 1103 930 1157 pellicatus
947 1104 1172 1144 tenendus
1190 1104 1249 1144 sit
1272 1110 1509 1157 separatus
1527 1103 1584 1144 ab
1602 1116 1755 1144 amore

257 1164 517 1219 conjugiali,
557 1179 695 1207 causa
733 1172 815 1215 est,
855 1167 959 1220 quia
995 1179 1173 1207 amores
1199 1167 1264 1207 illi
1306 1166 1508 1207 distincti
1544 1173 1664 1219 sunt,
1703 1172 1753 1207 et

257 1228 362 1270 ideo
403 1243 494 1270 non
527 1230 881 1281 commiscendi3
928 1242 1055 1271 amor
1086 1231 1207 1271 enim
1239 1230 1484 1284 pellicatus
1516 1236 1587 1271 est
1624 1243 1753 1271 amor

257 1292 474 1341 incastus,
503 1293 738 1342 naturalis,
767 1300 814 1334 et
847 1299 1079 1342 externus,
1103 1300 1151 1334 at
1179 1307 1306 1334 amor
1331 1293 1528 1347 conjugii
1553 1299 1623 1334 est
1651 1307 1751 1334 cas-

257 1362 345 1404 tus,
381 1356 641 1409 spiritualis,
684 1362 732 1398 et
773 1357 1004 1398 internus:
1044 1367 1179 1397 'amor
1220 1357 1463 1411 pellicatus
1506 1357 1750 1410 distinguit

257 1419 432 1460 animas
473 1420 678 1469 duorum,
712 1433 765 1461 ac
811 1419 1049 1473 conjungit
1092 1421 1229 1461 modo
1261 1420 1490 1461 sensualia
1520 1421 1749 1474 corporis;

256 1490 304 1524 at
352 1496 479 1524 amor
519 1483 716 1537 conjugii
758 1484 855 1525 unit
890 1483 1080 1532 animas,
1109 1490 1156 1524 et
1197 1498 1257 1524 ex
1296 1484 1462 1524 unione
1494 1485 1749 1525 animarum

257 1547 395 1588 etiam
419 1547 648 1588 sensualia
669 1548 886 1601 corporiS,
910 1561 1053 1601 usque
1076 1547 1181 1588 dum
1205 1561 1264 1588 ex
1297 1547 1473 1588 duobus
1495 1546 1607 1588 fiunt
1634 1548 1750 1588 sicut

256 1623 408 1659 unum,
451 1611 571 1664 quod
613 1616 682 1651 est
719 1624 808 1651 una
848 1624 967 1652 caro.
1032 1609 1114 1664 (v.)
1148 1610 1297 1651 Amor
1336 1610 1578 1663 pellicatus
1611 1610 1750 1651 modo

255 1673 398 1714 intrat
422 1674 466 1714 in
490 1672 789 1722 intellectum,
807 1679 855 1715 et
878 1674 922 1714 in
945 1673 1024 1714 illa
1045 1687 1160 1727 quae
1183 1673 1241 1714 ab
1263 1671 1501 1714 intellectu
1520 1673 1748 1726 pendent;

257 1743 304 1778 at
346 1750 474 1778 amor
506 1737 704 1791 conjugii
736 1738 879 1779 intrat
911 1738 1051 1778 etiam
1085 1738 1130 1778 in
1162 1736 1466 1786 voluntatem,
1500 1743 1546 1777 et
1587 1737 1630 1777 in
1670 1736 1750 1778 illa

255 1814 370 1854 quae
402 1814 428 1841 a
458 1801 701 1842 voluntate
733 1801 952 1854 pendent,
986 1801 1176 1854 proinde
1213 1801 1257 1841 in
1296 1801 1449 1841 omnia
1481 1806 1528 1841 et
1569 1799 1749 1854 singula

258 1864 480 1915 hominis;
518 1878 655 1918 quare
687 1864 723 1905 si
755 1877 882 1905 amor
907 1864 1151 1918 pellicatus
1182 1863 1232 1905 fit
1265 1876 1393 1904 amor
1418 1862 1628 1916 conjugii,
1657 1876 1747 1904 non

257 1934 412 1982 potest
437 1928 504 1968 vir
529 1941 589 1968 ex
615 1927 767 1981 aliquo
788 1927 899 1980 jure,
918 1928 1090 1981 absque
1112 1927 1363 1968 violatione
1390 1927 1566 1967 unionis
1593 1925 1747 1979 conju·

256 1990 404 2044 gialis,
432 1991 676 2042 recedere;
713 1996 761 2032 et
793 1991 828 2031 si
854 1991 1041 2040 recedit,
1070 1997 1117 2032 et
1149 1990 1283 2031 aliam
1311 1991 1450 2039 ducit,
1479 2003 1606 2030 amor
1637 2002 1747 2030 con-

253 2053 431 2107 jugialis
463 2055 507 2095 in
537 2053 733 2095 fractura
764 2053 856 2107 ejus
889 2055 1019 2108 perit.
1082 2053 1326 2095 Sciendum
1358 2059 1444 2101 est,
1472 2053 1593 2107 quod
1620 2065 1748 2094 amor

255 2117 497 2170 pellicatus
529 2118 790 2159 detineatur
821 2123 1058 2171 separatus
1095 2117 1153 2158 ab
1189 2130 1342 2158 amore
1374 2115 1634 2169 conjugiali,
1668 2129 1748 2170 per

255 2181 375 2235 quod
399 2180 550 2234 pellici
573 2194 664 2221 non
687 2181 912 2234 spondeat
936 2180 1209 2234 conjugium,
1231 2193 1313 2221 nec
1337 2179 1460 2220 illam
1483 2180 1527 2219 in
1550 2179 1746 2232 aliquam

255 2257 384 2298 spem
411 2243 607 2297 conjugii
633 2244 834 2285 inducat.
897 2244 1108 2285 Praestat
1132 2250 1303 2293 tamen,
1332 2249 1381 2284 ut
1413 2242 1553 2284 taeda
1578 2243 1745 2283 amoris

255 2321 394 2349 sexus
420 2320 521 2348 cum
548 2321 691 2348 uxore
718 2308 910 2361 primum
937 2307 1229 2361 accendatur.

253 2447 385 2499 461.
418 2447 502 2488 His
529 2446 765 2500 adjicietur
790 2447 877 2488 hoc
905 2446 1202 2488 Memorabile
1220 2459 1290 2487 :—

326 2531 540 2579 Quondam
552 2532 709 2568 locutus
723 2543 808 2568 sum
821 2543 911 2568 cum
925 2532 1064 2578 spiritu
1078 2531 1242 2571 novitio,
1256 2530 1323 2577 qui
1338 2530 1432 2565 dum
1445 2529 1519 2565 fuit
1535 2530 1574 2565 in
1589 2530 1741 2566 mundo

253 2585 303 2620 de
314 2585 425 2620 caelo
438 2592 478 2620 et
492 2584 647 2620 inferno
660 2585 826 2620 multum
841 2586 1057 2620 meditatus
1068 2591 1139 2620 est.
1184 2584 1259 2619 Per
1270 2583 1432 2629 spiritus
1443 2583 1616 2618 novitios
1631 2583 1746 2617 intel-

254 2637 432 2684 liguntur
442 2637 624 2673 homines
643 2638 799 2674 noviter
809 2637 998 2678 defuncti,
1013 2637 1080 2683 qui
1099 2637 1191 2683 quia
1208 2643 1304 2671 tunc
1322 2642 1415 2671 sunt
1429 2636 1612 2671 homines
1630 2635 1744 2680 spiri-

252 2690 391 2731 tuales,
405 2697 600 2725 vocantur
617 2689 788 2735 spiritus.
840 2689 911 2725 Ille
929 2696 973 2724 ut
992 2689 1162 2735 primurn
1177 2688 1338 2723 intravit
1357 2687 1395 2722 in
1415 2687 1610 2722 mundum
1629 2686 1744 2732 spiri-

253 2743 413 2783 tualem,
427 2742 560 2788 coepit
575 2742 623 2777 de
641 2742 751 2778 caelo
769 2748 810 2777 et
828 2742 983 2778 inferno
997 2741 1179 2777 similiter
1193 2741 1386 2780 meditari,
1402 2747 1442 2775 et
1461 2740 1533 2775 sibi
1548 2739 1656 2774 visus
1671 2745 1743 2779 est,

252 2806 342 2830 cum
364 2796 413 2831 de
434 2796 554 2835 caelo,
574 2795 613 2829 in
639 2795 796 2841 gaudio,
818 2802 860 2830 et
883 2806 973 2831 cum
1001 2795 1050 2830 de
1077 2793 1243 2834 inferno,
1266 2794 1303 2828 in
1330 2793 1503 2828 tristitia.
1556 2792 1627 2827 Ille
1652 2802 1743 2827 cum

253 2848 535 2883 animadvertit
555 2858 598 2883 se
625 2847 663 2882 in
686 2848 836 2883 mundo
856 2847 1051 2893 spirituali
1073 2857 1170 2886 esse,
1192 2846 1327 2881 statim
1349 2844 1547 2891 quaesivit
1568 2844 1635 2879 ubi
1655 2855 1744 2880 cae-

254 2901 335 2936 lum
354 2907 395 2936 et
412 2900 478 2936 ubi
498 2899 706 2940 infernum,
724 2906 810 2934 tum
829 2900 924 2946 quid
942 2906 982 2935 et
1000 2899 1116 2945 quale
1135 2909 1257 2933 unum
1277 2905 1317 2934 et
1335 2899 1517 2933 alterum.

326 2953 376 2988 Et
410 2954 710 2999 responderunt,
737 2951 931 2988 “Caelum
957 2959 1018 2987 est
1043 2962 1162 2996 supra
1186 2957 1306 2996 caput
1331 2957 1456 2989 tuum,
1477 2956 1518 2985 et
1544 2948 1740 2985 infernum

254 3012 314 3041 est
335 3005 434 3040 infra
452 3006 572 3051 pedes
593 3011 696 3046 tuos,
715 3014 820 3039 nunc
836 3005 941 3040 enim
959 3014 1002 3039 es
1025 3003 1063 3038 in
1083 3003 1233 3037 mundo
1251 3002 1471 3047 spirituum,
1489 3001 1556 3048 qui
1578 3007 1639 3037 est
1662 3012 1741 3037 me-
