2014 3386
544 362 611 395 ΒΕ
643 357 823 395 AMORE
853 357 1281 405 CONJUGIAL1.—N.
1306 366 1403 407 419.
1615 375 1619 378 ·
1638 367 1714 408 32¹

220 482 262 512 et
280 475 337 511 sic
354 475 470 511 aliter
487 475 665 522 cogitare
679 475 711 512 si
729 476 866 512 velint.
917 475 979 512 Illi
997 475 1066 522 qui
1083 482 1314 512 averterunt
1332 487 1374 512 se
1393 487 1416 512 a
1432 476 1649 523 cogitando
1668 476 1718 514 de

221 529 380 570 Divino,
401 539 492 564 cum
517 529 657 564 vident
683 529 879 564 mirabilia
905 529 944 564 in
971 536 1122 569 natura,
1145 535 1186 564 et
1212 539 1283 575 per
1309 529 1347 565 id
1375 530 1476 565 fiunt
1501 531 1717 571 sensuales,

219 593 301 618 non
326 583 506 629 cogitant
530 582 638 628 quod
664 582 773 618 visus
798 583 904 618 oculi
929 589 1012 618 tam
1038 592 1193 618 crassus
1222 583 1286 623 sit,
1312 589 1357 618 ut
1386 583 1501 629 plura
1526 583 1720 620 inseetula

218 635 354 671 videat
378 635 483 671 sicut
508 645 632 670 unum
659 636 885 676 obscurum,
903 642 944 671 et
967 642 1102 671 tamen
1128 636 1236 682 quod
1263 636 1561 682 unumquodvis
1579 647 1717 673 eorum

219 688 493 735 organizatum
520 687 572 723 sit
597 688 647 723 ad
675 689 943 729 sentiendum,
970 695 1011 724 et
1036 689 1085 724 ad
1112 700 1154 724 se
1181 689 1434 730 movendum,
1462 696 1502 725 et
1527 690 1585 725 sic
1609 691 1717 736 quod

219 743 445 789 praeditum
465 742 517 778 sit
535 742 643 778 fibris
661 749 702 778 et
719 743 835 783 vasis,
854 749 940 778 tum
958 742 1139 783 corculis‚
1158 743 1302 778 fistulis
1321 743 1572 789 pulmonicis,
1591 744 1719 779 visce-

219 796 327 836 tulis,
342 805 388 830 ac
405 795 588 836 cerebris,
603 802 644 831 et
661 796 769 841 quod
789 796 888 831 haec
901 802 1089 832 contexta
1103 796 1183 832 sint
1200 807 1249 832 ex
1267 796 1489 842 purissimis
1508 796 1547 831 in
1562 803 1716 838 natura,

219 854 261 884 et
286 848 394 895 quod
416 855 630 884 contextus
656 848 712 883 illi
739 849 1079 895 correspondeant
1103 849 1221 884 alicui
1246 850 1364 890 vitae,
1383 861 1405 885 e
1430 859 1510 896 qua
1535 850 1719 885 minutis-

219 902 320 937 sima
337 912 475 937 eorum
494 901 683 937 distincte
701 909 884 948 aguntur.
935 902 1037 938 Cum
1055 902 1163 938 visus
1181 903 1286 938 oculi
1305 909 1387 938 tarn
1409 914 1565 939 crassus
1583 909 1655 943 est,
1671 910 1716 938 ut

221 955 334 1001 plura
358 955 464 995 talia,
487 966 577 990 cum
602 955 956 991 innumerabilibus
982 955 1022 991 in
1048 955 1286 1002 unoquovis,
1308 962 1527 1002 appareant
1552 956 1588 991 ei
1615 956 1720 991 sicut

221 1018 387 1054 parvum
402 1009 627 1048 obscurum,
643 1015 683 1043 et
701 1015 835 1043 tamen
855 1008 910 1044 illi
928 1009 995 1055 qui
1014 1009 1216 1044 sensuales
1234 1015 1338 1049 sunt,
1354 1020 1402 1044 ex
1422 1009 1490 1044 illo
1507 1009 1595 1044 visu
1609 1009 1720 1055 cogi-

219 1067 309 1096 tant
325 1068 367 1096 et
383 1061 575 1107 judicant,
595 1068 707 1108 patet
724 1073 845 1108 quam
868 1062 1088 1098 incrassata
1104 1069 1166 1098 est
1184 1073 1296 1098 mens
1316 1062 1486 1103 illorum,
1506 1068 1546 1098 et
1565 1062 1658 1098 inde
1677 1062 1718 1098 in

219 1124 299 1161 qua
315 1114 485 1160 caligine
503 1120 596 1150 sunt
614 1114 663 1150 de
682 1115 966 1160 spiritualibus.

290 1174 400 1214 417.
434 1173 454 1186 “
468 1167 646 1214 Quisque
660 1179 708 1203 ex
725 1168 947 1203 visibilibus
966 1168 1006 1203 in
1024 1174 1167 1204 natura
1177 1174 1312 1215 potest
1330 1179 1372 1204 se
1391 1168 1626 1204 confirmare
1645 1179 1719 1215 pro

224 1219 382 1261 Divino,
401 1221 434 1256 si
455 1221 553 1261 vult,
572 1227 613 1256 et
630 1232 791 1267 quoque
812 1232 856 1257 se
877 1221 1088 1257 confirmat
1104 1221 1172 1268 qui
1194 1222 1244 1257 de
1267 1221 1354 1257 Deo
1372 1221 1524 1268 cogitat
1545 1233 1595 1257 ex
1614 1221 1719 1264 vita:

221 1280 266 1309 ut
283 1274 379 1308 dum
397 1273 507 1310 videt
524 1274 704 1310 volatilia
721 1274 831 1315 caeli,
852 1274 960 1320 quod
979 1274 1180 1321 quaelibet
1198 1286 1334 1310 eorum
1355 1275 1507 1320 species
1526 1275 1626 1310 sciat
1647 1286 1720 1311 sua

220 1326 419 1367 alimenta,
435 1334 475 1362 et
489 1327 556 1362 ubi
571 1334 684 1369 sunt;
706 1334 922 1374 cognoscat
936 1339 985 1363 ex
998 1339 1099 1363 sono
1113 1334 1153 1363 et
1167 1328 1254 1371 visu
1269 1328 1497 1369 consocios:
1516 1335 1601 1363 tum
1618 1327 1722 1364 inter

220 1379 321 1415 alios
339 1380 501 1426 quinam
528 1391 666 1416 eorum
688 1381 818 1421 amici,
837 1387 878 1416 et
903 1381 1065 1427 quinam
1089 1381 1238 1416 inimici
1261 1388 1364 1422 sunt,
1383 1381 1491 1427 quod
1518 1380 1720 1418 connubia

219 1434 400 1480 jungant,
420 1444 659 1480 congressus
673 1434 812 1474 sciant,
831 1441 916 1469 arte
934 1440 1089 1469 struant
1108 1434 1236 1474 nidos,
1256 1434 1309 1469 ibi
1329 1441 1481 1480 ponant
1499 1446 1586 1475 ova,
1607 1435 1720 1470 incu-

221 1487 319 1522 bent
349 1486 436 1527 illis,
462 1493 622 1533 tempus
649 1487 860 1523 incubatus
886 1487 1025 1527 sciant,
1051 1498 1132 1533 quo
1157 1486 1302 1522 exafio
1328 1487 1548 1523 excludunt
1575 1488 1717 1534 pullos,

222 1539 311 1575 illos
328 1540 543 1575 tenerrime
560 1547 707 1581 amant,
726 1541 799 1575 sub
817 1540 889 1575 alis
908 1539 1057 1580 fovent,
1072 1550 1182 1575 escas
1198 1540 1406 1587 porrigunt
1424 1547 1464 1576 et
1482 1541 1616 1581 alunt:
1643 1540 1721 1576 hoc

221 1603 348 1639 usque
366 1593 462 1628 dum
477 1593 536 1628 sui
554 1593 652 1639 juris
667 1593 770 1629 fiunt
787 1599 828 1629 et
846 1594 991 1629 similia
1006 1601 1173 1639 possunt
1187 1605 1313 1640 agere,
1329 1601 1369 1629 et
1388 1605 1592 1639 procreare
1608 1593 1721 1630 farni-

221 1646 315 1682 liam
340 1647 389 1682 ad
418 1647 738 1692 perpetuandum
758 1657 897 1693 genus.
948 1646 1091 1683 Omnis
1117 1647 1184 1693 qui
1211 1647 1297 1682 vult
1322 1647 1372 1682 de
1399 1647 1549 1682 influxu
1574 1647 1722 1683 Divino

223 1709 293 1745 per
311 1700 505 1734 mundum
524 1699 771 1746 spiritualem
799 1700 838 1734 in
861 1700 1081 1735 naturalem
1101 1700 1288 1746 cogitare,
1308 1707 1442 1746 potest
1461 1700 1573 1735 illum
1597 1701 1635 1735 in
1658 1700 1721 1736 his

222 1752 370 1793 videre,
389 1759 523 1799 potest
549 1753 670 1788 etiam
696 1753 728 1788 si
746 1753 844 1794 vult,
863 1753 982 1788 corde
1009 1764 1082 1788 suo
1101 1753 1245 1795 dicere,
1265 1753 1402 1789 ‘Tales
1428 1753 1617 1789 scientiae
1639 1765 1720 1789 non

223 1812 392 1852 possunt
414 1806 452 1841 in
476 1806 564 1841 illos
582 1806 745 1842 influere
771 1817 820 1842 ex
846 1806 930 1842 sole
952 1817 1022 1852 per
1039 1806 1125 1852 ejus
1146 1806 1246 1842 lucis
1265 1806 1419 1848 radios;
1445 1813 1506 1842 est
1523 1807 1629 1842 enim
1644 1804 1722 1847 sol,

222 1869 272 1894 ex
289 1870 370 1905 quo
389 1866 532 1895 natura
549 1870 665 1895 suum
684 1866 818 1895 ortum
840 1866 881 1895 et
901 1871 1014 1895 suam
1033 1859 1248 1895 essentiam
1268 1860 1389 1899 ducit,
1410 1870 1530 1905 purus
1550 1859 1662 1907 ignis,
1681 1866 1722 1895 et

224 1912 317 1948 inde
335 1913 434 1948 radii
451 1913 551 1949 lucis
565 1914 651 1958 ejus
666 1924 827 1959 prorsus
842 1914 990 1949 mortui
1004 1913 1023 1949 :'
1049 1920 1090 1949 et
1103 1913 1160 1949 sic
1178 1920 1346 1959 possunt
1359 1914 1599 1949 concludere
1613 1913 1721 1960 quod

223 1966 319 2002 talia
336 1966 417 2002 sint
435 1977 483 2002 ex
503 1966 654 2002 influxu
677 1966 845 2003 Divinae
864 1966 1092 2013 Sapientiae
1112 1967 1150 2002 in
1170 1967 1313 2002 ultima
1330 1973 1508 2002 naturae.

294 2020 408 2067 418.
444 2019 655 2067 “Quisque
682 2031 730 2055 ex
756 2020 978 2056 visibilibus
1005 2020 1045 2055 in
1072 2026 1214 2055 natura
1240 2027 1374 2066 potest
1403 2031 1446 2055 se
1473 2031 1544 2065 pro
1573 2019 1722 2056 Divino

223 2073 473 2114 confirmare,
493 2073 588 2108 dum
609 2073 721 2109 videt
741 2084 907 2114 vermes,
929 2073 997 2120 qui
1019 2085 1068 2109 ex
1091 2073 1271 2120 jucundo
1289 2073 1497 2119 cujusdam
1520 2073 1721 2119 cupidinis

224 2125 414 2162 affectant
432 2133 472 2162 et
490 2127 640 2172 spirant
654 2126 916 2162 mutationem
932 2133 1060 2162 status
1077 2127 1138 2162 sui
1155 2127 1354 2162 terrestris
1374 2127 1413 2161 in
1432 2133 1582 2162 statum
1598 2137 1723 2173 quen-

225 2181 316 2216 dam
335 2180 547 2226 analogum
566 2185 694 2215 status
711 2179 904 2220 caelestis,
923 2186 964 2216 et
983 2186 1194 2226 propterea
1213 2187 1359 2226 repunt
1385 2180 1423 2215 in
1451 2180 1548 2219 loca,
1567 2191 1613 2215 ac
1632 2180 1724 2215 mit-

225 2239 318 2268 tunt
336 2243 378 2269 se
396 2233 498 2268 sicut
519 2233 589 2278 [in]
606 2239 764 2268 uterum
783 2240 828 2268 ut
846 2239 1115 2274 renascantur,
1131 2240 1171 2268 et
1186 2233 1238 2268 ibi
1258 2233 1355 2268 fiant
1369 2233 1639 2279 chrysallides‚
1655 2242 1724 2268 au-

226 2286 355 2327 reliae,
374 2286 582 2332 nymphae,
597 2292 637 2321 et
655 2286 816 2321 demum
836 2286 1078 2332 papiliones;
1104 2293 1145 2322 et
1158 2297 1247 2321 cum
1264 2286 1367 2321 hanc
1382 2286 1724 2331 metamorphosin

226 2339 344 2386 passi,
362 2346 403 2375 et
429 2339 649 2374 secundum
671 2339 842 2385 speciem
872 2339 1048 2385 pulchris
1075 2339 1204 2374 induti
1229 2340 1312 2379 alis,
1331 2339 1494 2374 evolant
1524 2339 1563 2373 in
1591 2349 1723 2374 aerem

227 2393 330 2429 sicut
357 2392 395 2427 in
418 2403 533 2427 suum
553 2393 716 2432 caelum,
735 2403 781 2428 ac
807 2393 859 2427 ibi
878 2392 1090 2438 genialiter
1103 2392 1259 2433 ludunt,
1278 2399 1404 2438 agunt
1421 2391 1634 2432 connubia,
1653 2402 1725 2437 po-

227 2452 328 2481 nunt
345 2457 432 2486 ova,
451 2455 496 2480 ac
514 2444 761 2491 prospiciunt
779 2445 854 2481 sibi
874 2446 1149 2492 posteritatem
1164 2457 1172 2485 ς
1198 2452 1239 2480 et
1256 2453 1353 2481 tunc
1369 2443 1477 2481 viCtu
1496 2455 1666 2480 amoeno
1685 2452 1726 2480 et

227 2498 333 2534 dulci
355 2510 404 2534 ex
425 2498 589 2534 floribus
611 2509 653 2533 se
675 2499 866 2534 nutriunt.
917 2498 1027 2546 Quis,
1043 2498 1144 2545 1¹1qui
1169 2509 1240 2545 pro
1263 2498 1411 2533 Divino
1433 2509 1482 2533 ex
1502 2497 1726 2533 visibilibus

229 2558 392 2587 naturae
417 2562 459 2587 se
485 2551 705 2591 confirmat,
724 2562 804 2586 non
823 2551 934 2587 videt
951 2550 1123 2598 aliquam
1143 2551 1357 2596 imaginem
1375 2551 1575 2586 terrestris
1594 2557 1726 2585 status

229 2604 403 2640 hominis
422 2605 461 2639 in
485 2604 561 2640 illis
581 2611 626 2639 ut
646 2604 858 2645 vermibus,
877 2611 918 2640 et
940 2604 1152 2651 imaginem
1171 2611 1299 2639 status
1317 2603 1499 2639 caelestis
1522 2604 1560 2638 in
1584 2603 1660 2638 illis
1682 2608 1728 2638 ut

230 2657 526 2704 papilionibus?
576 2657 632 2692 At
655 2657 709 2692 illi
731 2657 799 2703 qui
821 2668 892 2703 pro
914 2665 1055 2693 natura
1076 2669 1119 2693 se
1140 2657 1389 2696 confirmant,
1407 2657 1546 2692 vident
1564 2656 1726 2702 quidem

230 2711 307 2751 illa,
325 2712 394 2747 sed
413 2711 507 2757 quia
523 2711 734 2746 caelestem
755 2711 929 2747 hominis
947 2717 1095 2747 statum
1115 2711 1338 2757 rejecerunt
1355 2722 1404 2746 ex
1421 2710 1567 2751 animo,
1582 2715 1730 2746 vocant

231 2765 297 2800 illa
314 2776 445 2801 meros
464 2771 628 2799 naturae
648 2763 870 2800 instinctus.

299 2827 418 2866 419.
454 2817 665 2865 “Quisque
691 2829 740 2853 ex
765 2818 988 2854 visibilibus
1015 2818 1054 2853 in
1081 2823 1226 2853 natura
1250 2829 1322 2864 pro
1350 2817 1499 2852 Divino
1525 2827 1567 2852 se
1593 2822 1730 2863 potest

230 2871 475 2912 confirmare,
494 2872 589 2907 dum
608 2872 782 2907 attendit
800 2872 848 2907 ad
866 2872 932 2907 illa
948 2883 1049 2918 quae
1068 2878 1164 2907 nota
1181 2878 1274 2907 sunt
1292 2872 1342 2907 de
1359 2872 1509 2917 apibus,
1528 2870 1635 2916 quod
1655 2869 1730 2906 sci-

230 2931 300 2960 ant
318 2935 367 2961 ex
384 2925 518 2961 herbis
536 2932 576 2961 et
594 2925 758 2960 floribus
775 2925 962 2972 colligere
980 2936 1122 2965 ceram,
1140 2930 1181 2960 et
1198 2935 1388 2971 exsugere
1409 2925 1496 2963 mel.
1512 2935 1557 2959 ac
1575 2931 1731 2960 struere

233 2977 353 3014 cellas
374 2979 477 3014 sicut
494 2978 770 3018 domunculas,
787 2985 828 3014 et
849 2979 1064 3024 disponere
1083 2978 1170 3014 illas
1193 2978 1230 3013 in
1254 2978 1420 3013 formam
1440 2978 1615 3012 civitatis
1638 2988 1729 3013 cum

234 3031 386 3078 plateis,
402 3042 472 3078 per
489 3041 587 3078 quas
607 3031 758 3068 intrent
774 3037 815 3068 et
833 3042 904 3078 per
920 3042 1019 3079 quas
1034 3037 1199 3073 exeant;
1224 3031 1332 3078 quod
1351 3042 1373 3066 e
1392 3030 1613 3077 longinquo
1631 3030 1729 3066 odo-
