2014 3386
519 340 587 373 DE
618 339 798 373 AMORE
829 340 1256 385 CONJUGIAL1.—N.
1290 314 1381 376 161.
1633 347 1712 392 137

211 453 360 497 Causa
401 459 487 505 est,
517 455 621 509 quia
646 455 874 497 masculus
906 457 1109 498 nascitur
1139 463 1188 499 ut
1229 457 1309 499 fiat
1345 458 1622 509 intellthuS,
1656 474 1708 502 ac

210 517 378 559 femina
413 524 462 559 ut
503 517 581 559 fiat
619 518 833 560 voluntas
875 532 1034 561 amans
1069 519 1356 562 intellectum
1396 523 1614 574 masculi;
1648 537 1708 565 ex

208 595 298 634 quo
338 582 553 635 sequitur,
596 582 718 635 quod
756 581 1016 635 conjunctio
1053 583 1322 637 conjugialis
1359 585 1419 626 sit
1455 585 1709 628 voluntatis

208 645 363 686 uxoris
386 658 487 686 cum
510 643 747 686 intellectu
768 646 864 695 viri,
889 652 936 688 et
961 647 1194 700 reciproca
1215 647 1479 690 intellectus
1501 650 1583 690 viri
1605 662 1709 691 cum

206 707 448 750 voluntate
489 709 657 749 uxoris.
739 707 942 763 Quisque
985 710 1112 751 videt
1158 711 1279 764 quod
1324 712 1709 766 propinquissima

205 770 465 824 conjunctio
491 772 550 813 sit
581 770 844 813 intelle-&us
870 779 917 814 et
943 772 1229 825 voluntatis;
1263 780 1311 815 et
1337 775 1459 828 quod
1492 776 1551 816 sit
1584 775 1705 825 talis,

205 841 256 876 ut
283 848 372 876 una
399 835 592 877 facultas
625 836 770 889 possit
802 836 972 878 intrare
1003 837 1048 878 in
1080 836 1291 888 alteram,
1315 851 1367 879 ac
1395 837 1613 880 delectari
1645 854 1707 881 ex

205 897 541 951 conjunfflone‚
569 905 617 940 et
643 900 689 940 in
715 899 807 941 illa.

289 961 425 1003 160.
464 961 561 1016 (iv.)
599 960 729 1011 Quod
748 962 978 1005 inclinatio
1001 963 1068 1005 ad
1092 964 1328 1005 uniendum
1357 964 1450 1006 sibi
1470 964 1619 1007 virum
1644 966 1707 1007 sit

205 1031 412 1066 constans
433 1031 476 1066 et
489 1032 705 1079 perpetua
726 1026 852 1079 apud
867 1041 1061 1077 uxorem,
1086 1027 1169 1068 sed
1187 1028 1444 1069 inconstans
1465 1035 1507 1069 et
1531 1029 1706 1071 alterna

205 1087 332 1140 apud
347 1088 496 1129 virum
508 1103 528 1136 ,·
560 1102 697 1130 causa
722 1096 808 1139 est,
832 1091 936 1144 quia
961 1103 1087 1131 amor
1113 1104 1205 1132 non
1232 1097 1390 1145 potest
1413 1091 1548 1133 aliter
1570 1106 1706 1147 quam

204 1165 373 1201 amare,
398 1158 445 1193 et
469 1166 516 1194 se
539 1153 678 1202 unire,
698 1159 748 1194 ut
769 1154 1055 1206 redametur;
1089 1155 1290 1196 essentia
1311 1161 1359 1197 et
1381 1156 1477 1197 vita
1498 1155 1591 1209 ejus
1614 1163 1705 1198 non

203 1215 326 1257 aliud
366 1222 465 1267 est;
512 1230 564 1258 ac
605 1216 799 1258 feminae
840 1223 976 1258 natae
1007 1223 1113 1259 sunt
1154 1231 1348 1267 amores,
1382 1225 1430 1260 at
1471 1219 1567 1268 viri,
1601 1232 1704 1261 cum

203 1280 364 1333 quibus
396 1294 444 1321 se
477 1280 636 1321 uniant
662 1286 711 1322 ut
736 1280 1044 1331 redamentur,
1073 1288 1179 1323 sunt
1206 1282 1508 1335 receptiones.
1570 1283 1705 1324 Prae-

204 1349 345 1391 terea,
371 1349 441 1384 est
464 1357 591 1384 amor
613 1343 830 1384 continue
862 1343 1062 1386 efficiens
1083 1358 1092 1396 ;
1127 1351 1197 1386 est
1220 1345 1337 1386 sicut
1359 1345 1498 1394 calor,
1522 1345 1705 1387 flamma

203 1410 251 1447 et'
277 1407 409 1460 ignis,
434 1421 548 1461 quae
575 1407 611 1447 si
633 1413 900 1448 coercentur
922 1421 978 1448 ne
1001 1407 1213 1457 efficiant,
1239 1415 1458 1462 pereunt;
1491 1409 1596 1450 inde
1618 1415 1702 1458 est,

203 1471 325 1525 quod
366 1471 605 1512 inclinatio
636 1470 694 1511 ad
726 1471 973 1512 uniendum
1005 1471 1089 1512 sibi
1121 1472 1280 1521 virum,
1315 1472 1373 1513 sit
1405 1479 1625 1514 constans
1657 1479 1704 1514 et

203 1540 423 1589 perpetua
448 1535 567 1588 apud
591 1547 806 1576 uxorem:
841 1535 961 1589 quod
988 1541 1142 1576 autem
1169 1549 1260 1576 non
1287 1535 1444 1577 similis
1466 1536 1704 1578 inclinatio

203 1599 263 1640 ad
291 1611 482 1639 uxorem
505 1599 564 1640 sit
591 1598 711 1651 apud
737 1598 896 1648 virum,
925 1605 995 1640 est
1019 1599 1125 1653 quia
1150 1599 1216 1640 vir
1242 1613 1333 1640 non
1359 1606 1430 1640 est
1462 1613 1602 1649 amor,
1623 1599 1705 1641 sed

203 1662 342 1703 modo
365 1662 586 1715 recipiens
609 1661 803 1713 amoris;
836 1667 882 1703 et
903 1662 1006 1716 quia
1028 1668 1178 1703 status
1201 1663 1479 1716 receptionis
1505 1663 1636 1704 abest
1659 1669 1705 1704 et

202 1725 336 1766 adest
362 1725 612 1766 secundum
638 1738 768 1766 curas
795 1739 909 1779 quae
941 1724 1239 1779 interpolant,
1266 1726 1516 1767 secundum
1540 1726 1704 1767 caloris

203 1794 251 1830 et
283 1801 374 1829 non
415 1788 579 1829 caloris
620 1788 900 1830 mutationes
939 1788 984 1829 in
1017 1794 1171 1830 mente
1204 1803 1263 1830 ex
1295 1789 1429 1830 variis
1461 1790 1622 1839 causis,
1656 1795 1704 1831 et

203 1851 453 1892 secundum
493 1852 779 1893 incrementa
815 1857 863 1893 et
894 1851 1192 1893 decrementa
1222 1852 1381 1893 virium
1418 1853 1462 1893 in
1495 1866 1700 1907 corpore,

203 1929 320 1970 quae
346 1916 449 1969 quia
474 1928 566 1956 non
589 1921 859 1956 constanter
883 1921 931 1957 et
958 1916 1094 1957 statis
1121 1916 1367 1957 momentis
1393 1916 1601 1965 redeunt,
1630 1929 1703 1957 se-

203 1979 355 2033 quitur
386 1978 507 2032 quod
547 1978 786 2020 inclinatio
826 1978 885 2020 ad
922 1977 1290 2033 conjunctionem
1330 1978 1458 2020 illam
1490 1979 1549 2021 sit
1581 1979 1701 2033 apud

203 2043 324 2084 viros
350 2042 619 2083 inconstans
646 2048 693 2083 et
719 2041 913 2083 alterna.

291 2106 418 2147 161·
462 2104 543 2160 (v.)
580 2105 709 2156 Quod
732 2105 971 2162 conjunc‘tio
995 2104 1243 2159 inspiretur
1266 2104 1365 2147 viro
1391 2104 1448 2147 ab
1473 2119 1612 2147 uxore
1635 2119 1703 2146 se-

202 2169 390 2211 cundum
423 2171 515 2225 ejus
551 2182 759 2218 amorem,
792 2175 835 2210 et
869 2168 1114 2222 recipiatur
1147 2183 1175 2210 a
1210 2168 1308 2209 viro
1342 2169 1576 2210 secundum
1610 2171 1703 2224 ejus

204 2231 680 2286 sapientiam—Quod
706 2245 834 2273 amor
856 2239 902 2273 et
929 2232 1034 2273 inde
1060 2230 1319 2285 conjunctio
1341 2232 1585 2285 inspiretur
1606 2233 1702 2272 viro

204 2297 263 2338 ab
289 2309 446 2345 uxore,
474 2295 609 2336 hodie
635 2294 956 2337 absconditum
983 2302 1053 2336 est
1076 2296 1196 2344 viris,
1220 2296 1360 2336 immo
1387 2294 1704 2335 universaliter

205 2365 400 2412 negatur
417 2358 475 2399 ab
496 2358 584 2399 illis
604 2373 613 2409 ;
647 2372 783 2399 causa
809 2365 894 2407 est,
919 2358 1039 2412 quod
1062 2372 1230 2399 uxores
1253 2358 1558 2412 persuadeant
1581 2357 1702 2411 quod

205 2422 354 2463 solum
384 2422 466 2463 viri
505 2427 676 2471 ament,
709 2429 756 2463 et
788 2422 913 2476 ipsae
954 2421 1190 2475 recipiant,
1225 2435 1304 2462 seu
1336 2421 1458 2474 quod
1498 2421 1590 2465 viri¹
1611 2420 1702 2461 sint

205 2499 398 2535 amores,
427 2491 474 2526 et
506 2485 629 2538 ipsae
656 2485 974 2535 obedientiae;
1007 2485 1211 2538 gaudent
1238 2485 1380 2525 etiam
1412 2483 1564 2532 corde,
1594 2483 1709 2527 dum,

204 2549 287 2597 viri
318 2549 382 2590 ita
413 2549 630 2590 credunt:
664 2548 784 2602 quod
822 2548 909 2589 hoc
941 2548 1029 2589 illis
1062 2548 1384 2602 persuadeant,
1417 2553 1522 2588 sunt
1553 2546 1703 2600 plures

205 2625 385 2660 causae,
414 2626 528 2666 quae
561 2625 720 2653 omnes
751 2618 857 2653 sunt
895 2611 1164 2666 prudentiae
1196 2617 1244 2652 et
1283 2609 1703 2663 circumspectionis

207 2688 414 2724 uxorum,
449 2675 505 2716 de
537 2675 696 2729 quibus
732 2674 901 2729 aliquid
938 2675 983 2716 in
1021 2675 1317 2728 sequentibus
1355 2675 1543 2721 dicetur,
1578 2679 1624 2713 et
1657 2673 1701 2712 in

209 2739 360 2791 specie
383 2738 427 2778 in
451 2739 599 2792 capite
628 2738 697 2779 De
721 2738 881 2780 Causis
905 2738 1157 2792 Frigorum,
1179 2736 1526 2791 Separationum
1550 2741 1596 2776 et
1620 2735 1702 2775 Di-

209 2801 459 2842 vortiorum
482 2801 600 2842 inter
626 2800 869 2854 Conjuges.
931 2800 1067 2855 Quod
1090 2801 1326 2854 inspiratio
1353 2814 1431 2840 seu
1458 2798 1704 2839 insinuatio

208 2864 374 2904 amoris
406 2864 464 2905 sit
491 2864 594 2904 viris
626 2864 684 2904 ab
715 2864 945 2913 uxoribus,
974 2870 1044 2904 est
1071 2864 1174 2917 quia
1206 2862 1315 2903 nihil
1348 2862 1513 2903 amoris
1546 2860 1701 2913 conju-

209 2925 356 2978 gialis,
375 2932 422 2968 et
445 2939 500 2968 ne
523 2926 704 2980 quidem
723 2927 888 2968 amoris
910 2940 1049 2967 sexus
1067 2932 1137 2967 est
1155 2925 1278 2980 apud
1297 2926 1431 2974 viros,
1451 2923 1532 2965 sed
1554 2923 1702 2964 solum
