2014 3386
297 363 379 406 232
763 360 1006 394 DELICIAE
1038 360 1344 393 SAPIENTIAE

370 474 589 522 Postquam
605 480 758 521 septem
773 474 863 510 illae
882 485 1026 510 uxores
1043 473 1141 510 haec
1158 480 1199 510 et
1213 474 1357 510 similia
1371 472 1483 521 plufa
1496 474 1678 511 elocutae
1692 481 1798 516 sunt,

295 534 493 564 venerunt
507 527 638 563 mariti
657 527 812 563 illarum
829 538 921 564 cum
939 527 1065 563 botris
1084 527 1123 562 in
1142 527 1337 568 manibus,
1353 539 1522 574 quorum
1541 528 1663 576 aliqui
1675 537 1798 575 'erant

296 581 448 627 saporis
477 580 650 621 delicati,
677 587 718 616 et
746 580 867 627 aliqui
897 581 1050 627 saporis
1082 580 1194 620 tetri:
1225 587 1267 616 et
1293 581 1480 617 dicebant
1509 592 1664 623 uxores,
1687 581 1800 618 “Cur

295 635 418 671 etiam
435 633 678 680 apportastis
696 645 793 669 uvas
814 634 936 669 malas
954 645 1023 670 seu
1042 633 1244 669 labruscas
1255 633 1295 669 ?”

371 687 687 733 Respondebant
718 686 860 727 mariti,
888 691 908 706 ⁴¹
922 686 1026 734 Quia
1056 686 1305 733 percepimus
1334 686 1374 722 in
1403 686 1611 723 animabus
1640 687 1797 728 nostris,

295 751 387 776 cum
405 740 550 787 quibus
567 746 723 775 vestrae
742 740 878 775 unitae
896 746 1001 780 sunt,
1023 740 1132 786 quod
1153 750 1244 774 cum
1263 740 1349 775 viro
1368 740 1445 775 isto
1462 740 1621 776 locutae
1639 739 1728 776 sitis
1745 740 1797 776 de

295 804 432 829 amore
449 804 542 829 vere
564 793 793 840 conjugiali.
813 794 922 839 quod
941 793 1028 839 ejus
1045 792 1211 828 deliciae
1231 798 1364 828 essent
1383 792 1548 828 deliciae
1568 792 1797 839 sapientiae,

295 853 337 882 et
351 857 511 893 quoque
525 846 576 882 de
593 857 728 882 amore
743 846 995 886 scortatorio‚
1010 846 1118 892 quod
1137 846 1225 892 ejus
1239 846 1404 881 deliciae
1421 853 1554 881 essent
1567 846 1799 893 voluptates

296 899 492 935 insaniae:
519 899 593 935 hae
612 905 707 935 sunt
724 910 824 935 uvae
842 899 936 935 tetri
955 898 1109 945 saporis
1127 899 1429 940 seu'labruscae,
1444 899 1533 935 illae
1551 905 1686 935 autem
1705 906 1799 935 sunt

295 963 397 988 uvae
415 952 576 988 delicati
595 952 784 998 saporis.''
829 952 879 988 Et
894 952 1182 988 confirmabant
1196 963 1422 988 sermonem
1435 963 1604 987 uxorum
1618 963 1798 993 suarum:

295 1006 501 1047 addentes,
527 1006 636 1052 quod
662 1006 892 1052 voluptates
922 1004 1099 1041 insaniae
1129 1005 1169 1040 in
1200 1005 1375 1041 externis
1403 1011 1620 1051 appareant
1648 1005 1799 1041 similes

296 1059 449 1094 deliciis
466 1059 696 1105 sapientiae,
715 1059 786 1094 sed
806 1069 886 1094 non
906 1058 945 1093 in
965 1058 1143 1099 internis,
1159 1063 1351 1104 “prorsus
1368 1058 1472 1093 sicut
1489 1069 1590 1094 uvae
1611 1058 1740 1094 bonae
1757 1063 1799 1094 et

295 1123 396 1147 uvae
419 1112 544 1147 malae
565 1122 664 1158 quas
684 1111 1004 1158 apportavimus;
1030 1117 1092 1147 est
1113 1111 1219 1147 enim
1245 1118 1329 1146 tam
1351 1110 1471 1146 castis
1491 1122 1612 1157 quam
1636 1111 1799 1147 incastis

295 1164 437 1201 similis
455 1164 653 1211 sapientia
670 1165 710 1199 in
729 1164 916 1205 externis,
935 1165 1004 1200 sed
1024 1175 1186 1210 prorsus
1204 1164 1408 1200 dissimilis
1425 1164 1464 1199 in
1484 1164 1685 1200 internis.''

368 1218 468 1253 Post
482 1218 583 1253 haec
598 1218 741 1253 iterum
756 1218 868 1253 venit
884 1217 1073 1264 puerulus
1087 1228 1177 1252 cum
1194 1218 1427 1252 membrana
1440 1217 1479 1252 in
1495 1228 1626 1257 manu,
1641 1218 1682 1252 et
1700 1216 1797 1252 mihi

297 1271 485 1317 porrexit,
499 1271 648 1311 dicens,
665 1276 685 1289 ‘⁴
699 1271 806 1317 Lege
819 1270 851 1312 ;''
877 1277 919 1306 et
936 1270 1015 1317 legi
1034 1270 1152 1306 haec:
1179 1275 1199 1288 “
1211 1269 1365 1306 Scitote
1379 1271 1487 1316 quod
1506 1270 1670 1306 deliCiae
1687 1281 1799 1306 amo·

296 1325 349 1360 ris
370 1324 608 1370 conjugialis
629 1324 848 1359 ascendant
868 1324 918 1359 ad
940 1323 1093 1359 caelum
1120 1334 1362 1369 supremum,
1383 1334 1430 1359 ac
1455 1334 1497 1359 se
1524 1323 1563 1358 in
1589 1323 1654 1359 via
1678 1329 1719 1358 et
1745 1322 1798 1358 ibi

296 1388 387 1412 cum
410 1377 564 1412 deliciis
583 1377 762 1413 omnium
781 1388 962 1412 amorum
981 1377 1213 1412 caelestium
1232 1376 1490 1423 conjungant,
1509 1383 1549 1412 et
1567 1376 1623 1412 sic
1649 1376 1799 1412 intrent

296 1441 408 1465 suam
428 1429 674 1470 felicitatem,
690 1441 793 1476 quae
808 1429 846 1465 in
861 1437 1068 1465 aeternum
1085 1429 1281 1476 persistit:
1307 1440 1426 1465 causa
1440 1436 1510 1470 est,
1525 1429 1619 1475 quia
1633 1428 1799 1465 deliciae

297 1483 402 1519 illius
420 1483 567 1519 amoris
585 1490 680 1519 sunt
697 1483 817 1519 etiam
834 1483 998 1519 deliciae
1013 1483 1242 1529 sapientiae.
1279 1483 1328 1518 Et
1342 1493 1502 1529 quoque
1521 1482 1676 1523 scitote,
1690 1482 1798 1528 quod

295 1537 524 1582 voluptates
555 1537 703 1572 amoris
729 1536 956 1572 scortatorii
984 1536 1231 1572 descendant
1255 1546 1380 1582 usque
1406 1536 1455 1571 ad
1486 1535 1683 1571 infernum
1711 1535 1799 1570 infi-

297 1600 418 1630 mum,
437 1601 483 1625 ac
503 1600 545 1625 se
572 1590 611 1624 in
633 1590 699 1625 via
719 1596 760 1625 et
787 1590 839 1625 ibi
866 1600 957 1625 cum
978 1589 1254 1635 voluptatibus
1275 1589 1457 1624 omnium
1478 1599 1658 1624 amorum
1681 1587 1800 1623 infer·

298 1642 448 1677 nalium
466 1643 727 1689 conjungant,
745 1650 786 1678 et
803 1643 860 1678 sic
879 1643 1029 1678 intrent
1049 1653 1163 1678 suam
1186 1641 1473 1682 infelicitatem,
1492 1652 1594 1687 quae
1614 1641 1799 1677 consistit

298 1695 337 1730 in
353 1706 544 1731 aerumna
555 1696 735 1731 omnium
749 1696 1048 1742 jucunditatum
1067 1695 1220 1736 cordis:
1241 1706 1360 1731 causa
1373 1701 1445 1736 est,
1460 1694 1554 1742 quia
1569 1695 1799 1740 voluptates

298 1748 404 1784 illius
422 1749 569 1784 amoris
587 1755 683 1785 sunt
700 1749 821 1784 etiam
839 1749 1069 1795 voluptates
1088 1748 1300 1784 insaniae.”

372 1801 471 1837 Post
489 1802 588 1837 haec
602 1802 812 1837 abiverunt
826 1801 957 1837 mariti
975 1812 1066 1837 cum
1081 1801 1281 1842 uxoribus,
1296 1806 1337 1836 et
1349 1799 1530 1835 comitati
1544 1805 1637 1835 sunt
1655 1810 1798 1845 pueru—

297 1854 382 1889 lum
403 1865 530 1900 usque
547 1854 598 1890 ad
616 1855 723 1890 viam
744 1865 932 1891 ascensus
953 1855 1039 1900 ejus
1062 1855 1101 1889 in
1119 1854 1294 1890 caelum:
1319 1860 1361 1889 et
1377 1853 1676 1899 cognoscebant
1696 1851 1799 1888 soci·

297 1913 457 1948 etatem,
476 1918 498 1942 e
523 1918 603 1953 qua
628 1907 772 1943 missus
797 1914 858 1943 est
883 1907 991 1953 quod
1019 1913 1125 1943 esset
1150 1906 1321 1943 societas
1347 1906 1448 1942 coeli
1474 1905 1579 1946 novi,
1600 1916 1691 1942 cum
1718 1915 1799 1952 quo

297 1959 466 1996 ecclesia
483 1970 588 1996 nova
605 1959 645 1995 in
663 1959 779 1996 terris
797 1958 1014 2006 conjunfta
1030 1959 1117 1996 erit.

969 2309 1138 2364 [xm]

565 2452 643 2495 DE
674 2453 1184 2494 DESPONSATmNmth
1216 2459 1280 2492 ET
1312 2449 1534 2493 NUPTns.

384 2591 518 2636 295.
558 2582 629 2623 De
667 2580 1098 2635 desponsationibus
1138 2586 1185 2621 et
1226 2580 1408 2634 nuptiis,
1437 2586 1485 2622 et
1521 2592 1700 2634 quoque
1739 2579 1797 2621 de

301 2645 567 2688 solennibus·
588 2646 708 2687 circa
733 2645 850 2694 illas,
878 2644 950 2686 hic
983 2644 1134 2697 agitur
1166 2644 1407 2697 praecipue
1439 2657 1498 2684 ex
1524 2643 1703 2685 ratione
1728 2643 1796 2684 in-

300 2707 542 2760 tellectum
575 2721 681 2749 nam
703 2708 796 2758 illa,
816 2721 931 2762 quae
956 2708 1001 2748 in
1024 2707 1110 2748 hoc
1134 2706 1250 2747 libro
1272 2707 1443 2761 scripta
1466 2712 1586 2755 sunt,
1606 2719 1687 2760 pro
1709 2705 1797 2747 fine

301 2773 488 2820 habent,
517 2777 566 2812 ut
598 2769 742 2812 le6'cor
768 2785 827 2812 ex
859 2769 1071 2812 rationali
1097 2783 1179 2810 suo
1210 2770 1365 2811 videat
1392 2771 1626 2818 veritates,
1655 2776 1701 2810 et
1732 2769 1796 2810 sic

302 2835 575 2883 consentiat,
609 2835 675 2875 ita
706 2835 827 2875 enim
861 2834 1043 2887 spiritus
1075 2832 1168 2886 ejus
1200 2834 1510 2884 convincitur;
1548 2839 1595 2874 et
1626 2832 1718 2880 illa,
1751 2832 1796 2873 in

302 2899 463 2953 quibus
495 2898 680 2951 spiritus
718 2898 1019 2952 convincitur,
1053 2896 1305 2937 sortiuntur
1336 2895 1487 2937 locum
1528 2909 1662 2950 supra
1701 2895 1794 2944 illa,

303 2975 419 3015 quae
436 2962 607 3015 absque
629 2960 841 3001 consulta
862 2961 1039 3001 ratione
1061 2959 1234 3000 intrant
1257 2973 1317 3000 ex
1335 2958 1610 3001 auctoritate
1632 2964 1679 3000 et
1702 2957 1795 3011 ejus

303 3023 419 3077 fide3
452 3037 557 3065 nam
580 3024 692 3065 haec
716 3037 805 3065 non
829 3024 1024 3077 penitius
1047 3023 1204 3064 ineunt
1227 3029 1379 3076 caput,
1399 3035 1533 3077 quam
1555 3022 1598 3063 in
1621 3034 1791 3063 memo-
