2014 3386
571 354 639 387 DE
670 352 850 386 AMORE
881 350 1308 394 CONJUGIALI.—-N.
1341 351 1431 383 111.
1690 350 1743 396 95

247 469 326 511 illo,
345 468 415 505 sed
434 474 495 504 est
513 465 701 503 distinCte
718 466 842 508 alius:
867 476 942 501 nec
958 477 1061 501 unus
1079 471 1140 501 est
1156 465 1271 511 juxta
1284 464 1464 505 alterum,
1480 464 1550 499 sed
1569 475 1671 500 unus
1685 472 1746 500 est

247 524 352 558 intra
370 522 562 562 alterum3
587 527 628 556 et
648 520 756 566 quod
777 519 881 554 intra
901 525 973 559 est,
993 519 1070 554 hoc
1088 518 1220 554 nobile
1242 525 1303 554 est
1324 528 1417 563 prae
1436 528 1485 553 eo
1506 518 1615 563 quod
1633 525 1746 553 extra

246 583 328 617 est:
355 582 396 611 et
417 585 491 610 nos
511 573 685 610 vidimus
703 573 811 619 quod
833 583 947 608 amor
966 571 1204 618 conjugialis
1225 582 1250 606 a
1268 571 1471 606 creatione
1492 571 1544 606 sit
1566 571 1685 611 intus,
1704 579 1746 606 et

246 628 474 664 reconditus
493 627 532 662 in
550 637 685 662 amore
698 637 828 666 sexus,
845 625 1127 671 prorsus-sieut
1140 625 1393 671 amygdalum
1413 624 1520 659 intus
1539 623 1578 658 in
1593 631 1746 665 crusta;

246 692 369 728 quare
387 692 475 716 cum
496 690 610 715 amor
625 679 863 726 conjugialis
884 690 933 714 ex
950 689 1022 714 sua
1041 685 1186 718 crusta,
1205 689 1308 724 quae
1325 684 1388 713 est
1405 688 1518 712 amor
1536 688 1666 718 sexus,
1685 688 1745 713 re-

246 734 433 775 cluditur,
448 733 575 780 fulget
593 732 658 767 ille
675 743 809 782 coram
828 731 991 778 angelis,
1004 731 1107 767 sicut
1120 742 1280 778 gemma
1292 731 1465 777 beryllus
1479 736 1521 766 et
1534 730 1720 766 astroites
1737 742 1745 771 ;

246 788 324 823 hoc
349 786 406 827 fit,
432 787 527 832 quia
552 785 678 821 amori
706 785 923 831 conjugiali
954 785 1145 830 inscripta
1169 790 1231 819 est
1254 784 1361 819 salus
1387 783 1562 819 universi
1587 784 1745 830 generis

246 839 422 880 humani,
444 850 545 885 quae
574 850 598 874 a
625 839 740 874 nobis
769 838 1007 884 intelligitur
1032 849 1103 883 per
1129 838 1279 872 bonum
1302 837 1528 883 publicum:
1554 836 1633 871 hoc
1654 847 1746 871 nos—

244 900 351 928 trum
369 893 563 939 judicium
578 899 639 927 est
653 892 703 927 de
717 891 871 938 origine
885 891 1004 937 hujus
1019 891 1178 926 amoris.
1214 890 1420 937 Originem
1435 896 1570 925 autem
1584 890 1746 925 virtutis

245 957 316 982 seu
337 946 542 992 potentiae
563 946 649 991 ejus
670 956 720 980 ex
735 944 904 980 versatis
925 944 1055 979 causis
1080 943 1349 979 conclusimus
1370 955 1457 979 esse
1482 944 1745 979 reclusionem

246 1005 287 1035 et
313 999 606 1045 separationem
634 998 782 1033 amoris
809 997 1046 1044 conjugialis
1074 998 1124 1032 ab
1151 1008 1288 1032 amore
1315 1008 1444 1037 sexus,
1473 1008 1575 1043 quae
1604 997 1649 1032 fit
1676 1008 1746 1043 per

245 1052 483 1098 sapientiam
509 1063 534 1087 a
556 1052 655 1092 viro,
677 1058 719 1087 et
744 1062 814 1097 per
838 1061 1015 1086 amorem
1042 1050 1260 1096 sapientiae
1285 1050 1359 1085 viri
1385 1051 1435 1085 ab
1460 1060 1604 1085 uxore:
1633 1061 1746 1085 amor

246 1116 364 1141 sexus
382 1105 489 1140 enim
512 1111 574 1140 est
595 1104 820 1140 communis
841 1115 932 1139 cum
954 1104 1104 1144 bestiis,
1123 1110 1164 1138 at
1185 1114 1298 1138 amor
1315 1103 1551 1150 conjugialis
1572 1109 1633 1138 est
1655 1114 1746 1149 pro-

246 1158 356 1205 prius
373 1158 623 1199 hominibus:
648 1168 770 1203 quare
789 1163 982 1203 quantum
1001 1157 1221 1192 recluditur
1237 1164 1278 1192 et
1296 1164 1503 1202 separatur
1520 1168 1633 1191 amor
1649 1167 1745 1191 con-

245 1211 404 1258 jugialis
422 1212 472 1246 ab
492 1222 628 1246 amore
649 1222 778 1251 sexus,
800 1217 958 1245 tantum
981 1210 1104 1245 homo
1125 1216 1187 1245 est
1208 1210 1342 1250 homo,
1361 1217 1402 1245 et
1423 1221 1503 1246 non
1526 1211 1678 1247 bestia:
1704 1217 1744 1244 et

246 1265 369 1300 homo
387 1275 436 1299 ex
453 1275 526 1300 suo
544 1275 680 1299 amore
693 1263 930 1309 adipiscitur
942 1263 1132 1299 virtutem
1151 1274 1221 1299 seu
1241 1263 1475 1309 potentiam,
1491 1270 1532 1298 et
1550 1263 1678 1299 bestia
1695 1274 1744 1298 ex

246 1317 356 1353 suo.”
407 1317 482 1352 His
499 1317 722 1362 subscripta
738 1323 800 1352 est
818 1317 952 1352 littera
970 1316 1071 1352 “G.''

317 1378 431 1408 110.
467 1371 636 1416 Septimo
656 1370 795 1405 eduxit
815 1370 1006 1410 chartam,
1029 1380 1051 1405 e
1075 1380 1157 1416 qua
1176 1369 1274 1416 legit
1293 1369 1415 1405 haec:
1440 1368 1556 1405 “Nos
1578 1369 1744 1415 popula-

249 1434 312 1459 res
331 1424 370 1458 in
389 1434 546 1459 camera
563 1424 637 1458 sub
651 1430 812 1459 nostrae
829 1422 1027 1458 fenestrae
1044 1423 1132 1458 luce
1151 1422 1460 1458 exhilaravimus
1478 1422 1745 1469 cogitationes

246 1484 288 1512 et
314 1477 407 1512 inde
431 1476 582 1522 judicia
606 1483 744 1511 nostra
767 1486 818 1511 ex
842 1475 1106 1511 meditatione
1131 1476 1181 1511 de
1207 1486 1343 1511 amore
1368 1475 1595 1522 conjugiali.
1645 1474 1745 1522 Quis

246 1540 327 1565 non
345 1530 590 1565 exhilaratur
605 1540 654 1564 ex
675 1529 773 1565 illo?
798 1536 859 1564 est
877 1529 984 1564 enirn
1007 1529 1071 1564 ille
1092 1539 1205 1564 amor
1222 1529 1317 1563 dum
1341 1529 1380 1563 in
1402 1535 1536 1564 mente
1557 1528 1675 1564 simul
1703 1528 1743 1562 in

245 1589 336 1618 toto
361 1593 539 1628 corpore.
591 1582 676 1618 Nos
703 1582 930 1628 judicamus
955 1582 1151 1628 originem
1177 1581 1324 1617 amoris
1352 1582 1456 1617 illius
1482 1592 1531 1617 ex
1555 1581 1744 1627 jucundis

246 1636 352 1682 ejus:
377 1636 466 1682 quis
491 1646 660 1681 usquam
687 1635 763 1671 scit
787 1642 858 1670 aut
882 1635 1001 1671 scivit
1025 1635 1239 1681 vestigium
1266 1635 1386 1670 ullius
1411 1634 1569 1675 amoris,
1593 1634 1669 1670 nisi
1694 1646 1744 1670 ex

244 1689 422 1735 jucundo
440 1695 481 1724 et
493 1688 630 1734 volupi
649 1687 764 1734 ejus?
811 1688 1092 1736 jucunditates
1110 1688 1257 1723 amoris
1270 1688 1508 1736 conjugialis
1527 1688 1564 1722 in
1582 1687 1744 1734 origini-

245 1742 319 1777 bus
345 1741 426 1777 suis
452 1741 681 1777 sentiuntur
700 1747 746 1776 ut
771 1741 1053 1781 beatitudines,
1075 1740 1300 1776 faustitates
1321 1748 1362 1776 et
1388 1741 1609 1781 felicitates,
1631 1751 1677 1776 ac
1703 1741 1742 1775 in

246 1794 560 1830 derivationibus
578 1801 624 1829 ut
641 1794 904 1829 amoenitates
922 1800 963 1829 et
976 1795 1215 1840 voluptates,
1230 1800 1271 1829 et
1289 1794 1328 1829 in
1347 1794 1497 1829 ultimis
1515 1800 1560 1829 ut
1577 1794 1743 1830 deliciae

246 1848 493 1883 deliciarum.
544 1847 614 1883 Est
641 1847 775 1893 itaque
795 1847 913 1894 origo
934 1848 1082 1882 amoris
1103 1858 1231 1886 sexus.
1253 1847 1348 1882 dum
1376 1847 1566 1882 interiora
1587 1848 1742 1886 mentis,

245 1907 287 1936 et
309 1900 402 1936 inde
423 1900 613 1936 interiora
632 1900 821 1946 corporis,
840 1901 1074 1946 aperiuntur
1093 1911 1167 1946 pro
1186 1901 1341 1935 illarum
1362 1900 1660 1946 jucunditatum
1684 1901 1743 1935 in-

245 1954 374 1994 fluxu;
409 1959 451 1989 at
481 1953 594 2000 origo
623 1954 771 1989 amoris
800 1954 1038 1999 conjugialis
1068 1960 1152 1989 erat
1181 1960 1289 1994 tunc,
1318 1964 1408 1989 cum
1439 1954 1609 1999 sphaera
1638 1954 1743 1989 illius

245 2006 393 2042 amoris
421 2006 632 2052 primitiva,
664 2018 734 2052 per
760 2014 923 2052 coeptas
953 2007 1296 2053 desponsationes,
1329 2007 1512 2042 idealiter
1542 2007 1742 2053 promovit

246 2059 345 2095 illas.
395 2058 516 2106 Quod
534 2059 725 2095 virtutem
743 2071 812 2095 seu
832 2060 1053 2107 potentiam
1074 2060 1178 2095 illius
1196 2060 1342 2095 amoris
1360 2060 1576 2100 concernit,
1596 2067 1658 2095 est
1678 2060 1742 2095 illa

245 2123 295 2148 ex
320 2112 636 2158 permeabilitate
663 2112 767 2148 illius
793 2113 939 2148 amoris
965 2123 1055 2148 cum
1082 2124 1154 2148 sua
1173 2124 1286 2153 vena,
1308 2123 1332 2148 a
1353 2120 1488 2148 mente
1514 2113 1553 2147 in
1575 2124 1738 2159 corpus:

246 2176 359 2200 mens
376 2166 482 2200 enirn
501 2172 567 2210 est,
580 2176 602 2200 e
619 2165 750 2211 capite
769 2165 808 2200 in
826 2176 993 2211 corpore
1012 2166 1107 2200 dum
1127 2166 1250 2201 sentit
1268 2173 1309 2201 et
1326 2166 1419 2212 agit,
1439 2166 1633 2211 imprimis
1651 2177 1740 2201 cum

246 2218 457 2253 deliciatur
477 2229 526 2253 ex
552 2218 629 2254 hoc
649 2229 808 2260 amore;
835 2230 908 2254 nos
935 2219 1027 2254 inde
1053 2219 1277 2264 judicamus
1302 2220 1448 2265 gradus
1470 2220 1676 2264 potentiae
1702 2226 1742 2254 et

246 2272 492 2307 constantias
526 2272 772 2307 alternorum
802 2272 901 2318 ejus.
969 2271 1136 2318 Insuper
1163 2273 1283 2308 etiam
1315 2273 1505 2308 virtutem
1537 2274 1740 2318 potentiae

246 2324 480 2360 deducimus
501 2335 551 2360 ex
571 2324 714 2370 stirpe;
740 2324 773 2360 si
801 2324 868 2360 illa
892 2325 1037 2360 nobilis
1063 2331 1124 2361 est
1145 2325 1250 2371 apud
1277 2333 1440 2371 patrem,
1460 2325 1504 2360 fit
1525 2326 1646 2361 etiam
1673 2337 1743 2372 per

245 2377 452 2412 traducem
471 2377 616 2412 nobilis
634 2378 740 2423 apud
760 2378 1010 2424 progeniem;
1037 2378 1144 2424 quod
1163 2378 1351 2414 nobilitas
1371 2379 1436 2413 illa
1455 2389 1524 2424 per
1537 2379 1740 2414 traducem

245 2437 468 2476 generetur,
488 2430 736 2465 hereditetur
755 2437 795 2466 et
817 2431 1045 2470 descendat.
1065 2431 1334 2478 adstipulatur
1354 2432 1455 2467 ratio
1476 2442 1566 2467 cum
1589 2432 1742 2478 experi-

247 2482 391 2519 entia.”
442 2483 517 2518 His
535 2483 758 2529 subscripta
775 2490 836 2519 est
854 2484 989 2519 littera
1008 2489 1027 2502 ‘⁴
1043 2483 1108 2520 F.'’

317 2543 420 2573 111.
452 2536 551 2571 Vice
571 2537 701 2571 odava
723 2536 846 2571 exivit
866 2536 1014 2577 charta,
1036 2547 1085 2572 ex
1110 2547 1190 2582 qua
1214 2537 1310 2584 legit
1331 2537 1452 2573 haec:
1478 2536 1595 2572 “Nos
1617 2548 1742 2583 popu-

246 2588 348 2623 lares
366 2588 405 2623 in
424 2595 562 2624 nostro
576 2596 777 2624 conventu
792 2600 872 2625 non
892 2589 1115 2625 invenimus
1134 2590 1257 2635 ipsam
1273 2590 1466 2637 originem
1485 2590 1630 2626 amoris
1647 2601 1742 2625 con—

246 2641 416 2687 jugialis,
438 2642 532 2687 quia
553 2641 619 2677 illa
641 2641 680 2676 in
702 2642 880 2677 sacrariis
903 2643 1048 2678 mentis
1069 2643 1168 2678 latet
1190 2643 1330 2678 intime
1352 2650 1530 2689 reposta:
1556 2654 1741 2678 consum-

248 2693 467 2729 matissima
484 2694 680 2740 sapientia
698 2705 747 2730 ne
765 2695 927 2741 quidem
946 2695 1081 2741 aliquo
1100 2696 1210 2730 radio
1233 2695 1457 2731 intellectus
1479 2702 1611 2742 potest
1630 2696 1740 2730 illum

248 2756 423 2781 amorem
443 2746 482 2781 in
503 2747 656 2793 origine
673 2758 744 2783 sua
761 2748 979 2794 attingere;
1005 2748 1273 2784 divinavimus
1295 2749 1431 2788 multa,
1450 2749 1520 2784 sed
1542 2755 1633 2794 post
1650 2749 1742 2783 sub-

247 2798 415 2834 tilitates
444 2799 616 2835 inaniter
643 2800 824 2846 agitatas,
853 2812 933 2836 non
964 2801 1152 2837 scivimus
1181 2812 1231 2836 an
1263 2813 1390 2847 nugas
1418 2801 1482 2836 vel
1512 2811 1561 2836 an
1592 2801 1742 2846 judicia

249 2851 429 2897 augurati
454 2852 599 2893 simus:
624 2863 745 2899 quare
770 2853 838 2899 qui
866 2854 1060 2900 originem
1090 2854 1195 2889 illius
1222 2855 1370 2889 amoris
1396 2854 1482 2889 vult
1510 2864 1532 2888 e
1559 2854 1741 2889 sacrariis

250 2903 396 2938 mentis
420 2904 599 2945 educere,
621 2912 662 2940 et
687 2906 781 2941 dare
808 2906 882 2941 sibi
912 2907 950 2940 in
978 2906 1249 2952 conspectum,
1270 2908 1388 2942 adeat
1416 2906 1604 2952 Delphos
1656 2906 1741 2942 Nos

249 2956 509 3002 contemplati
537 2968 675 2993 sumus
704 2969 879 2994 amorem
909 2959 1018 2994 illum
1051 2959 1151 2994 infra
1179 2959 1374 3006 originem
1405 2970 1528 2998 suam,
1550 2959 1658 3004 quod
1689 2960 1742 2994 sit

250 3007 465 3054 spiritualis
485 3009 522 3044 in
542 3010 752 3052 mentibus,
772 3017 812 3046 et
831 3011 882 3046 ibi
902 3012 1006 3047 sicut
1027 3011 1116 3048 fons
1134 3023 1258 3047 venae
1279 3012 1418 3053 dulcis,
1437 3022 1485 3048 ex
1502 3022 1583 3058 quo
1601 3011 1741 3048 defluit
