<?xml version="1.0" encoding="UTF-8"?>
<!DOCTYPE html PUBLIC "-//W3C//DTD XHTML 1.0 Transitional//EN"
    "http://www.w3.org/TR/xhtml1/DTD/xhtml1-transitional.dtd">
<html xmlns="http://www.w3.org/1999/xhtml" xml:lang="en" lang="en">
 <head>
  <title>
</title>
<meta http-equiv="Content-Type" content="text/html;charset=utf-8" />
  <meta name='ocr-system' content='tesseract 3.04.00' />
  <meta name='ocr-capabilities' content='ocr_page ocr_carea ocr_par ocr_line ocrx_word'/>
</head>
<body>
  <div class='ocr_page' id='page_1' title='image "./deliciaesapienti00sweduoft_0349.png"; bbox 0 0 2014 3386; ppageno 0'>
   <div class='ocr_carea' id='block_1_1' title="bbox 521 294 1720 353">
    <p class='ocr_par' dir='ltr' id='par_1_1' title="bbox 521 294 1720 353">
     <span class='ocr_line' id='line_1_1' title="bbox 521 294 1720 353; baseline 0 -12"><span class='ocrx_word' id='word_1_1' title='bbox 521 309 590 341; x_wconf 89' lang='lat' dir='ltr'>DE</span> <span class='ocrx_word' id='word_1_2' title='bbox 620 307 802 341; x_wconf 83' lang='lat' dir='ltr'>AMORE</span> <span class='ocrx_word' id='word_1_3' title='bbox 833 306 1312 342; x_wconf 70' lang='lat' dir='ltr'>scoaTAT0R10.—N.</span> <span class='ocrx_word' id='word_1_4' title='bbox 1330 294 1436 353; x_wconf 89' lang='lat'><strong>&#39;449.</strong></span> <span class='ocrx_word' id='word_1_5' title='bbox 1639 310 1720 353; x_wconf 88' lang='lat'>343</span> 
     </span>
    </p>
   </div>
   <div class='ocr_carea' id='block_1_2' title="bbox 223 424 1726 2132">
    <p class='ocr_par' dir='ltr' id='par_1_2' title="bbox 223 424 1726 2132">
     <span class='ocr_line' id='line_1_2' title="bbox 223 424 1720 480; baseline -0.001 -11"><span class='ocrx_word' id='word_1_6' title='bbox 223 427 342 469; x_wconf 91' lang='lat' dir='ltr'>sicut</span> <span class='ocrx_word' id='word_1_7' title='bbox 367 425 590 480; x_wconf 84' lang='lat' dir='ltr'>palatium</span> <span class='ocrx_word' id='word_1_8' title='bbox 617 439 751 479; x_wconf 93' lang='lat' dir='ltr'>super</span> <span class='ocrx_word' id='word_1_9' title='bbox 775 424 1117 466; x_wconf 87' lang='lat' dir='ltr'>fundationibus</span> <span class='ocrx_word' id='word_1_10' title='bbox 1143 425 1260 476; x_wconf 89' lang='lat' dir='ltr'>suis;</span> <span class='ocrx_word' id='word_1_11' title='bbox 1284 424 1503 466; x_wconf 82' lang='lat' dir='ltr'>&#39;ultimum</span> <span class='ocrx_word' id='word_1_12' title='bbox 1537 425 1720 479; x_wconf 89' lang='lat' dir='ltr'>planum</span> 
     </span>
     <span class='ocr_line' id='line_1_3' title="bbox 223 487 1721 544; baseline -0.001 -11"><span class='ocrx_word' id='word_1_13' title='bbox 223 503 327 534; x_wconf 89' lang='lat' dir='ltr'>cum</span> <span class='ocrx_word' id='word_1_14' title='bbox 345 487 714 544; x_wconf 72' lang='lat' dir='ltr'>superinstruffls</span> <span class='ocrx_word' id='word_1_15' title='bbox 733 495 890 542; x_wconf 89' lang='lat' dir='ltr'>potest</span> <span class='ocrx_word' id='word_1_16' title='bbox 907 488 1146 530; x_wconf 89' lang='lat' dir='ltr'>assimilari</span> <span class='ocrx_word' id='word_1_17' title='bbox 1164 490 1305 530; x_wconf 87' lang='lat' dir='ltr'>etiam</span> <span class='ocrx_word' id='word_1_18' title='bbox 1323 489 1478 538; x_wconf 89' lang='lat' dir='ltr'>humo,</span> <span class='ocrx_word' id='word_1_19' title='bbox 1498 490 1568 531; x_wconf 89' lang='lat' dir='ltr'>cui</span> <span class='ocrx_word' id='word_1_20' title='bbox 1591 504 1721 543; x_wconf 91' lang='lat' dir='ltr'>prae-</span> 
     </span>
     <span class='ocr_line' id='line_1_4' title="bbox 224 551 1721 609; baseline -0.001 -13"><span class='ocrx_word' id='word_1_21' title='bbox 224 560 415 609; x_wconf 86' lang='lat' dir='ltr'>paratae</span> <span class='ocrx_word' id='word_1_22' title='bbox 455 553 630 594; x_wconf 84' lang='lat' dir='ltr'>semina</span> <span class='ocrx_word' id='word_1_23' title='bbox 670 552 840 593; x_wconf 89' lang='lat' dir='ltr'>nobilia</span> <span class='ocrx_word' id='word_1_24' title='bbox 880 552 1227 606; x_wconf 86' lang='lat' dir='ltr'>implantantur.</span> <span class='ocrx_word' id='word_1_25' title='bbox 1290 551 1427 605; x_wconf 81' lang='lat' dir='ltr'>Quod</span> <span class='ocrx_word' id='word_1_26' title='bbox 1475 554 1520 594; x_wconf 93' lang='lat' dir='ltr'>in</span> <span class='ocrx_word' id='word_1_27' title='bbox 1570 555 1721 607; x_wconf 90' lang='lat' dir='ltr'>specie</span> 
     </span>
     <span class='ocr_line' id='line_1_5' title="bbox 225 615 1721 671; baseline -0.001 -11"><span class='ocrx_word' id='word_1_28' title='bbox 225 617 463 660; x_wconf 87' lang='lat' dir='ltr'>concernit</span> <span class='ocrx_word' id='word_1_29' title='bbox 495 628 698 657; x_wconf 90' lang='lat' dir='ltr'>amorem</span> <span class='ocrx_word' id='word_1_30' title='bbox 730 629 883 664; x_wconf 87' lang='lat' dir='ltr'>sexus,</span> <span class='ocrx_word' id='word_1_31' title='bbox 912 621 983 657; x_wconf 88' lang='lat' dir='ltr'>est</span> <span class='ocrx_word' id='word_1_32' title='bbox 1015 629 1194 669; x_wconf 90' lang='lat' dir='ltr'>quoque</span> <span class='ocrx_word' id='word_1_33' title='bbox 1225 615 1301 656; x_wconf 91' lang='lat' dir='ltr'>ille</span> <span class='ocrx_word' id='word_1_34' title='bbox 1333 616 1526 669; x_wconf 90' lang='lat' dir='ltr'>primum</span> <span class='ocrx_word' id='word_1_35' title='bbox 1558 630 1721 671; x_wconf 91' lang='lat' dir='ltr'>corpo—</span> 
     </span>
     <span class='ocr_line' id='line_1_6' title="bbox 225 678 1722 730; baseline -0.001 -7"><span class='ocrx_word' id='word_1_36' title='bbox 225 694 342 730; x_wconf 90' lang='lat' dir='ltr'>reus,</span> <span class='ocrx_word' id='word_1_37' title='bbox 376 693 482 721; x_wconf 90' lang='lat' dir='ltr'>nam</span> <span class='ocrx_word' id='word_1_38' title='bbox 514 679 703 721; x_wconf 86' lang='lat' dir='ltr'>inchoat</span> <span class='ocrx_word' id='word_1_39' title='bbox 745 693 771 720; x_wconf 93' lang='lat' dir='ltr'>a</span> <span class='ocrx_word' id='word_1_40' title='bbox 812 692 978 730; x_wconf 78' lang='lat' dir='ltr'>carne3</span> <span class='ocrx_word' id='word_1_41' title='bbox 1023 679 1128 720; x_wconf 90' lang='lat' dir='ltr'>dein</span> <span class='ocrx_word' id='word_1_42' title='bbox 1160 678 1210 719; x_wconf 89' lang='lat' dir='ltr'>fit</span> <span class='ocrx_word' id='word_1_43' title='bbox 1242 678 1318 719; x_wconf 94' lang='lat' dir='ltr'>ille</span> <span class='ocrx_word' id='word_1_44' title='bbox 1350 679 1587 729; x_wconf 89' lang='lat' dir='ltr'>sensualis,</span> <span class='ocrx_word' id='word_1_45' title='bbox 1616 694 1722 722; x_wconf 91' lang='lat' dir='ltr'>nam</span> 
     </span>
     <span class='ocr_line' id='line_1_7' title="bbox 226 740 1721 800; baseline 0.001 -15"><span class='ocrx_word' id='word_1_46' title='bbox 226 745 423 800; x_wconf 89' lang='lat' dir='ltr'>quinque</span> <span class='ocrx_word' id='word_1_47' title='bbox 454 740 649 784; x_wconf 73' lang='lat' dir='ltr'>¹¹¹sensus</span> <span class='ocrx_word' id='word_1_48' title='bbox 680 757 706 784; x_wconf 93' lang='lat' dir='ltr'>a</span> <span class='ocrx_word' id='word_1_49' title='bbox 737 743 967 784; x_wconf 91' lang='lat' dir='ltr'>communi</span> <span class='ocrx_word' id='word_1_50' title='bbox 998 742 1093 796; x_wconf 89' lang='lat' dir='ltr'>ejus</span> <span class='ocrx_word' id='word_1_51' title='bbox 1118 741 1435 794; x_wconf 53' lang='lat' dir='ltr'>deleetantum</span> <span class='ocrx_word' id='word_1_52' title='bbox 1477 750 1640 797; x_wconf 90' lang='lat' dir='ltr'>postea</span> <span class='ocrx_word' id='word_1_53' title='bbox 1671 745 1721 786; x_wconf 88' lang='lat' dir='ltr'>fit</span> 
     </span>
     <span class='ocr_line' id='line_1_8' title="bbox 224 806 1724 860; baseline -0.001 -8"><span class='ocrx_word' id='word_1_54' title='bbox 224 811 302 853; x_wconf 89' lang='lat' dir='ltr'>ille</span> <span class='ocrx_word' id='word_1_55' title='bbox 319 808 540 851; x_wconf 89' lang='lat' dir='ltr'>naturalis</span> <span class='ocrx_word' id='word_1_56' title='bbox 558 807 808 849; x_wconf 89' lang='lat' dir='ltr'>consimilis</span> <span class='ocrx_word' id='word_1_57' title='bbox 826 807 974 848; x_wconf 90' lang='lat' dir='ltr'>eidem</span> <span class='ocrx_word' id='word_1_58' title='bbox 993 806 1112 860; x_wconf 90' lang='lat' dir='ltr'>apud</span> <span class='ocrx_word' id='word_1_59' title='bbox 1130 806 1358 854; x_wconf 89' lang='lat' dir='ltr'>animalia,</span> <span class='ocrx_word' id='word_1_60' title='bbox 1378 807 1480 860; x_wconf 85' lang='lat' dir='ltr'>quia</span> <span class='ocrx_word' id='word_1_61' title='bbox 1499 814 1568 848; x_wconf 85' lang='lat' dir='ltr'>est</span> <span class='ocrx_word' id='word_1_62' title='bbox 1597 821 1724 850; x_wconf 88' lang='lat' dir='ltr'>amor</span> 
     </span>
     <span class='ocr_line' id='line_1_9' title="bbox 224 868 1720 925; baseline -0.002 -10"><span class='ocrx_word' id='word_1_63' title='bbox 224 887 364 916; x_wconf 87' lang='lat' dir='ltr'>sexus</span> <span class='ocrx_word' id='word_1_64' title='bbox 389 885 534 925; x_wconf 87' lang='lat' dir='ltr'>vagus</span> <span class='ocrx_word' id='word_1_65' title='bbox 559 885 568 922; x_wconf 83' lang='lat'><em>3</em></span> <span class='ocrx_word' id='word_1_66' title='bbox 606 870 687 911; x_wconf 88' lang='lat' dir='ltr'>sed</span> <span class='ocrx_word' id='word_1_67' title='bbox 713 870 816 923; x_wconf 90' lang='lat' dir='ltr'>quia</span> <span class='ocrx_word' id='word_1_68' title='bbox 842 869 981 910; x_wconf 90' lang='lat' dir='ltr'>homo</span> <span class='ocrx_word' id='word_1_69' title='bbox 1008 875 1144 910; x_wconf 86' lang='lat' dir='ltr'>natus</span> <span class='ocrx_word' id='word_1_70' title='bbox 1170 875 1242 910; x_wconf 88' lang='lat' dir='ltr'>est</span> <span class='ocrx_word' id='word_1_71' title='bbox 1274 875 1323 910; x_wconf 87' lang='lat' dir='ltr'>ut</span> <span class='ocrx_word' id='word_1_72' title='bbox 1354 868 1434 910; x_wconf 89' lang='lat' dir='ltr'>fiat</span> <span class='ocrx_word' id='word_1_73' title='bbox 1459 871 1720 923; x_wconf 79' lang='lat' dir='ltr'>spirituali5‚</span> 
     </span>
     <span class='ocr_line' id='line_1_10' title="bbox 225 932 1723 990; baseline -0.002 -11"><span class='ocrx_word' id='word_1_74' title='bbox 225 937 276 980; x_wconf 86' lang='lat' dir='ltr'>fit</span> <span class='ocrx_word' id='word_1_75' title='bbox 307 936 384 978; x_wconf 92' lang='lat' dir='ltr'>ille</span> <span class='ocrx_word' id='word_1_76' title='bbox 416 941 581 990; x_wconf 90' lang='lat' dir='ltr'>postea</span> <span class='ocrx_word' id='word_1_77' title='bbox 613 933 833 975; x_wconf 89' lang='lat' dir='ltr'>naturalis</span> <span class='ocrx_word' id='word_1_78' title='bbox 865 932 1117 981; x_wconf 84' lang='lat' dir='ltr'>rationalis,</span> <span class='ocrx_word' id='word_1_79' title='bbox 1146 938 1192 973; x_wconf 92' lang='lat' dir='ltr'>et</span> <span class='ocrx_word' id='word_1_80' title='bbox 1225 946 1251 973; x_wconf 92' lang='lat' dir='ltr'>a</span> <span class='ocrx_word' id='word_1_81' title='bbox 1282 933 1480 974; x_wconf 89' lang='lat' dir='ltr'>naturali</span> <span class='ocrx_word' id='word_1_82' title='bbox 1510 934 1723 976; x_wconf 86' lang='lat' dir='ltr'>rationali</span> 
     </span>
     <span class='ocr_line' id='line_1_11' title="bbox 226 996 1725 1055; baseline -0.002 -13"><span class='ocrx_word' id='word_1_83' title='bbox 226 1000 490 1055; x_wconf 85' lang='lat' dir='ltr'>spiritualis,</span> <span class='ocrx_word' id='word_1_84' title='bbox 523 1004 571 1039; x_wconf 89' lang='lat' dir='ltr'>et</span> <span class='ocrx_word' id='word_1_85' title='bbox 603 998 787 1038; x_wconf 91' lang='lat' dir='ltr'>demum</span> <span class='ocrx_word' id='word_1_86' title='bbox 817 996 1067 1050; x_wconf 86' lang='lat' dir='ltr'>spiritualis</span> <span class='ocrx_word' id='word_1_87' title='bbox 1099 996 1336 1045; x_wconf 85' lang='lat' dir='ltr'>naturalis,</span> <span class='ocrx_word' id='word_1_88' title='bbox 1371 1003 1418 1038; x_wconf 90' lang='lat' dir='ltr'>et</span> <span class='ocrx_word' id='word_1_89' title='bbox 1455 1003 1564 1038; x_wconf 90' lang='lat' dir='ltr'>tunc</span> <span class='ocrx_word' id='word_1_90' title='bbox 1598 1011 1725 1039; x_wconf 89' lang='lat' dir='ltr'>amor</span> 
     </span>
     <span class='ocr_line' id='line_1_12' title="bbox 225 1060 1721 1116; baseline -0.003 -9"><span class='ocrx_word' id='word_1_91' title='bbox 225 1065 303 1107; x_wconf 91' lang='lat' dir='ltr'>ille</span> <span class='ocrx_word' id='word_1_92' title='bbox 327 1062 472 1105; x_wconf 69' lang='lat' dir='ltr'>factus</span> <span class='ocrx_word' id='word_1_93' title='bbox 495 1061 742 1116; x_wconf 90' lang='lat' dir='ltr'>spiritualis</span> <span class='ocrx_word' id='word_1_94' title='bbox 765 1060 909 1101; x_wconf 88' lang='lat' dir='ltr'>influit</span> <span class='ocrx_word' id='word_1_95' title='bbox 936 1066 982 1101; x_wconf 91' lang='lat' dir='ltr'>et</span> <span class='ocrx_word' id='word_1_96' title='bbox 1009 1060 1106 1113; x_wconf 86' lang='lat' dir='ltr'>agit</span> <span class='ocrx_word' id='word_1_97' title='bbox 1132 1061 1177 1101; x_wconf 94' lang='lat' dir='ltr'>in</span> <span class='ocrx_word' id='word_1_98' title='bbox 1203 1073 1406 1101; x_wconf 90' lang='lat' dir='ltr'>amorem</span> <span class='ocrx_word' id='word_1_99' title='bbox 1433 1062 1721 1109; x_wconf 85' lang='lat' dir='ltr'>rationalem,</span> 
     </span>
     <span class='ocr_line' id='line_1_13' title="bbox 226 1124 1723 1182; baseline -0.003 -11"><span class='ocrx_word' id='word_1_100' title='bbox 226 1135 274 1171; x_wconf 88' lang='lat' dir='ltr'>et</span> <span class='ocrx_word' id='word_1_101' title='bbox 306 1141 386 1182; x_wconf 93' lang='lat' dir='ltr'>per</span> <span class='ocrx_word' id='word_1_102' title='bbox 416 1127 535 1168; x_wconf 91' lang='lat' dir='ltr'>hunc</span> <span class='ocrx_word' id='word_1_103' title='bbox 573 1126 618 1166; x_wconf 91' lang='lat' dir='ltr'>in</span> <span class='ocrx_word' id='word_1_104' title='bbox 655 1137 858 1165; x_wconf 89' lang='lat' dir='ltr'>amorem</span> <span class='ocrx_word' id='word_1_105' title='bbox 891 1124 1165 1172; x_wconf 84' lang='lat' dir='ltr'>sensualem,</span> <span class='ocrx_word' id='word_1_106' title='bbox 1199 1130 1246 1165; x_wconf 90' lang='lat' dir='ltr'>et</span> <span class='ocrx_word' id='word_1_107' title='bbox 1278 1138 1357 1178; x_wconf 93' lang='lat' dir='ltr'>per</span> <span class='ocrx_word' id='word_1_108' title='bbox 1388 1124 1506 1166; x_wconf 92' lang='lat' dir='ltr'>hunc</span> <span class='ocrx_word' id='word_1_109' title='bbox 1540 1126 1723 1166; x_wconf 91' lang='lat' dir='ltr'>demum</span> 
     </span>
     <span class='ocr_line' id='line_1_14' title="bbox 226 1188 1723 1242; baseline -0.003 -8"><span class='ocrx_word' id='word_1_110' title='bbox 226 1194 271 1234; x_wconf 91' lang='lat' dir='ltr'>in</span> <span class='ocrx_word' id='word_1_111' title='bbox 303 1204 506 1233; x_wconf 90' lang='lat' dir='ltr'>amorem</span> <span class='ocrx_word' id='word_1_112' title='bbox 538 1189 665 1231; x_wconf 91' lang='lat' dir='ltr'>illum</span> <span class='ocrx_word' id='word_1_113' title='bbox 697 1189 742 1229; x_wconf 92' lang='lat' dir='ltr'>in</span> <span class='ocrx_word' id='word_1_114' title='bbox 774 1202 964 1241; x_wconf 90' lang='lat' dir='ltr'>corpore</span> <span class='ocrx_word' id='word_1_115' title='bbox 997 1194 1044 1229; x_wconf 91' lang='lat' dir='ltr'>et</span> <span class='ocrx_word' id='word_1_116' title='bbox 1075 1201 1238 1238; x_wconf 90' lang='lat' dir='ltr'>carne;</span> <span class='ocrx_word' id='word_1_117' title='bbox 1286 1194 1332 1229; x_wconf 88' lang='lat' dir='ltr'>et</span> <span class='ocrx_word' id='word_1_118' title='bbox 1371 1190 1474 1242; x_wconf 89' lang='lat' dir='ltr'>quia</span> <span class='ocrx_word' id='word_1_119' title='bbox 1505 1188 1617 1230; x_wconf 91' lang='lat' dir='ltr'>haec</span> <span class='ocrx_word' id='word_1_120' title='bbox 1651 1196 1723 1230; x_wconf 90' lang='lat' dir='ltr'>est</span> 
     </span>
     <span class='ocr_line' id='line_1_15' title="bbox 226 1250 1724 1310; baseline -0.003 -11"><span class='ocrx_word' id='word_1_121' title='bbox 226 1256 321 1310; x_wconf 84' lang='lat' dir='ltr'>ejus</span> <span class='ocrx_word' id='word_1_122' title='bbox 352 1255 540 1309; x_wconf 90' lang='lat' dir='ltr'>planum</span> <span class='ocrx_word' id='word_1_123' title='bbox 572 1253 797 1300; x_wconf 89' lang='lat' dir='ltr'>ultimum,</span> <span class='ocrx_word' id='word_1_124' title='bbox 826 1252 923 1304; x_wconf 86' lang='lat' dir='ltr'>agit</span> <span class='ocrx_word' id='word_1_125' title='bbox 955 1252 999 1292; x_wconf 90' lang='lat' dir='ltr'>in</span> <span class='ocrx_word' id='word_1_126' title='bbox 1031 1250 1142 1292; x_wconf 90' lang='lat' dir='ltr'>illud</span> <span class='ocrx_word' id='word_1_127' title='bbox 1176 1252 1486 1305; x_wconf 87' lang='lat' dir='ltr'>spiritualiter,</span> <span class='ocrx_word' id='word_1_128' title='bbox 1515 1258 1561 1294; x_wconf 94' lang='lat' dir='ltr'>et</span> <span class='ocrx_word' id='word_1_129' title='bbox 1591 1253 1724 1294; x_wconf 91' lang='lat' dir='ltr'>simul</span> 
     </span>
     <span class='ocr_line' id='line_1_16' title="bbox 226 1315 1724 1368; baseline -0.003 -6"><span class='ocrx_word' id='word_1_130' title='bbox 226 1319 515 1362; x_wconf 88' lang='lat' dir='ltr'>rationaliter</span> <span class='ocrx_word' id='word_1_131' title='bbox 537 1323 584 1358; x_wconf 89' lang='lat' dir='ltr'>et</span> <span class='ocrx_word' id='word_1_132' title='bbox 610 1315 910 1366; x_wconf 89' lang='lat' dir='ltr'>sensualiter;</span> <span class='ocrx_word' id='word_1_133' title='bbox 943 1328 995 1356; x_wconf 91' lang='lat' dir='ltr'>ac</span> <span class='ocrx_word' id='word_1_134' title='bbox 1022 1315 1166 1356; x_wconf 90' lang='lat' dir='ltr'>influit</span> <span class='ocrx_word' id='word_1_135' title='bbox 1187 1322 1234 1357; x_wconf 92' lang='lat' dir='ltr'>et</span> <span class='ocrx_word' id='word_1_136' title='bbox 1261 1316 1358 1368; x_wconf 87' lang='lat' dir='ltr'>agit</span> <span class='ocrx_word' id='word_1_137' title='bbox 1381 1316 1446 1357; x_wconf 90' lang='lat' dir='ltr'>ita</span> <span class='ocrx_word' id='word_1_138' title='bbox 1467 1317 1724 1358; x_wconf 89' lang='lat' dir='ltr'>successive</span> 
     </span>
     <span class='ocr_line' id='line_1_17' title="bbox 226 1379 1723 1433; baseline -0.003 -8"><span class='ocrx_word' id='word_1_139' title='bbox 226 1385 333 1425; x_wconf 92' lang='lat' dir='ltr'>dum</span> <span class='ocrx_word' id='word_1_140' title='bbox 360 1383 500 1424; x_wconf 94' lang='lat' dir='ltr'>homo</span> <span class='ocrx_word' id='word_1_141' title='bbox 526 1381 570 1422; x_wconf 90' lang='lat' dir='ltr'>in</span> <span class='ocrx_word' id='word_1_142' title='bbox 598 1379 691 1433; x_wconf 88' lang='lat' dir='ltr'>ejus</span> <span class='ocrx_word' id='word_1_143' title='bbox 718 1379 1018 1420; x_wconf 89' lang='lat' dir='ltr'>meditatione</span> <span class='ocrx_word' id='word_1_144' title='bbox 1045 1385 1131 1428; x_wconf 90' lang='lat' dir='ltr'>est,</span> <span class='ocrx_word' id='word_1_145' title='bbox 1159 1385 1207 1420; x_wconf 90' lang='lat' dir='ltr'>at</span> <span class='ocrx_word' id='word_1_146' title='bbox 1239 1379 1514 1420; x_wconf 87' lang='lat' dir='ltr'>simultanee</span> <span class='ocrx_word' id='word_1_147' title='bbox 1545 1380 1653 1421; x_wconf 90' lang='lat' dir='ltr'>dum</span> <span class='ocrx_word' id='word_1_148' title='bbox 1679 1381 1723 1421; x_wconf 93' lang='lat' dir='ltr'>in</span> 
     </span>
     <span class='ocr_line' id='line_1_18' title="bbox 226 1442 1724 1497; baseline -0.003 -8"><span class='ocrx_word' id='word_1_149' title='bbox 226 1448 392 1489; x_wconf 90' lang='lat' dir='ltr'>ultimo</span> <span class='ocrx_word' id='word_1_150' title='bbox 432 1452 518 1487; x_wconf 89' lang='lat' dir='ltr'>est.</span> <span class='ocrx_word' id='word_1_151' title='bbox 580 1443 716 1497; x_wconf 82' lang='lat' dir='ltr'>Quod</span> <span class='ocrx_word' id='word_1_152' title='bbox 755 1443 996 1484; x_wconf 88' lang='lat' dir='ltr'>fornicatio</span> <span class='ocrx_word' id='word_1_153' title='bbox 1037 1443 1097 1483; x_wconf 89' lang='lat' dir='ltr'>sit</span> <span class='ocrx_word' id='word_1_154' title='bbox 1143 1442 1364 1483; x_wconf 89' lang='lat' dir='ltr'>naturalis</span> <span class='ocrx_word' id='word_1_155' title='bbox 1405 1443 1616 1493; x_wconf 91' lang='lat' dir='ltr'>hominis,</span> <span class='ocrx_word' id='word_1_156' title='bbox 1652 1450 1724 1485; x_wconf 89' lang='lat' dir='ltr'>est</span> 
     </span>
     <span class='ocr_line' id='line_1_19' title="bbox 226 1506 1723 1565; baseline -0.002 -14"><span class='ocrx_word' id='word_1_157' title='bbox 226 1511 331 1565; x_wconf 92' lang='lat' dir='ltr'>quia</span> <span class='ocrx_word' id='word_1_158' title='bbox 361 1524 421 1551; x_wconf 84' lang='lat' dir='ltr'>ex</span> <span class='ocrx_word' id='word_1_159' title='bbox 454 1507 650 1550; x_wconf 88' lang='lat' dir='ltr'>naturali</span> <span class='ocrx_word' id='word_1_160' title='bbox 676 1520 831 1548; x_wconf 89' lang='lat' dir='ltr'>amore</span> <span class='ocrx_word' id='word_1_161' title='bbox 863 1520 1002 1547; x_wconf 89' lang='lat' dir='ltr'>sexus</span> <span class='ocrx_word' id='word_1_162' title='bbox 1034 1506 1242 1559; x_wconf 86' lang='lat' dir='ltr'>proxime</span> <span class='ocrx_word' id='word_1_163' title='bbox 1268 1507 1476 1560; x_wconf 90' lang='lat' dir='ltr'>procedit</span> <span class='ocrx_word' id='word_1_164' title='bbox 1493 1520 1508 1558; x_wconf 70' lang='grc' dir='ltr'>;Δ</span> <span class='ocrx_word' id='word_1_165' title='bbox 1545 1520 1596 1548; x_wconf 89' lang='lat' dir='ltr'>ac</span> <span class='ocrx_word' id='word_1_166' title='bbox 1629 1507 1723 1548; x_wconf 91' lang='lat' dir='ltr'>dari</span> 
     </span>
     <span class='ocr_line' id='line_1_20' title="bbox 226 1570 1726 1628; baseline -0.003 -12"><span class='ocrx_word' id='word_1_167' title='bbox 226 1580 383 1628; x_wconf 91' lang='lat' dir='ltr'>potest</span> <span class='ocrx_word' id='word_1_168' title='bbox 401 1571 622 1614; x_wconf 87' lang='lat' dir='ltr'>naturalis</span> <span class='ocrx_word' id='word_1_169' title='bbox 639 1570 891 1618; x_wconf 88' lang='lat' dir='ltr'>rationalis,</span> <span class='ocrx_word' id='word_1_170' title='bbox 911 1583 1003 1610; x_wconf 90' lang='lat' dir='ltr'>non</span> <span class='ocrx_word' id='word_1_171' title='bbox 1022 1576 1177 1611; x_wconf 88' lang='lat' dir='ltr'>autem</span> <span class='ocrx_word' id='word_1_172' title='bbox 1196 1570 1457 1623; x_wconf 90' lang='lat' dir='ltr'>spiritualis,</span> <span class='ocrx_word' id='word_1_173' title='bbox 1477 1571 1580 1624; x_wconf 88' lang='lat' dir='ltr'>quia</span> <span class='ocrx_word' id='word_1_174' title='bbox 1597 1584 1726 1612; x_wconf 89' lang='lat' dir='ltr'>amor</span> 
     </span>
     <span class='ocr_line' id='line_1_21' title="bbox 226 1633 1722 1689; baseline -0.003 -10"><span class='ocrx_word' id='word_1_175' title='bbox 226 1651 367 1679; x_wconf 87' lang='lat' dir='ltr'>sexus</span> <span class='ocrx_word' id='word_1_176' title='bbox 389 1650 480 1677; x_wconf 92' lang='lat' dir='ltr'>non</span> <span class='ocrx_word' id='word_1_177' title='bbox 504 1640 661 1689; x_wconf 90' lang='lat' dir='ltr'>potest</span> <span class='ocrx_word' id='word_1_178' title='bbox 683 1633 777 1675; x_wconf 90' lang='lat' dir='ltr'>fieri</span> <span class='ocrx_word' id='word_1_179' title='bbox 800 1633 1046 1687; x_wconf 88' lang='lat' dir='ltr'>spiritualis</span> <span class='ocrx_word' id='word_1_180' title='bbox 1071 1634 1331 1686; x_wconf 88' lang='lat' dir='ltr'>priusquam</span> <span class='ocrx_word' id='word_1_181' title='bbox 1357 1633 1406 1674; x_wconf 85' lang='lat' dir='ltr'>fit</span> <span class='ocrx_word' id='word_1_182' title='bbox 1429 1633 1722 1687; x_wconf 87' lang='lat' dir='ltr'>conjugialis;</span> 
     </span>
     <span class='ocr_line' id='line_1_22' title="bbox 226 1696 1723 1750; baseline -0.003 -7"><span class='ocrx_word' id='word_1_183' title='bbox 226 1708 274 1743; x_wconf 91' lang='lat' dir='ltr'>et</span> <span class='ocrx_word' id='word_1_184' title='bbox 300 1713 429 1742; x_wconf 84' lang='lat' dir='ltr'>amor</span> <span class='ocrx_word' id='word_1_185' title='bbox 454 1712 592 1740; x_wconf 87' lang='lat' dir='ltr'>sexus</span> <span class='ocrx_word' id='word_1_186' title='bbox 619 1712 646 1739; x_wconf 90' lang='lat' dir='ltr'>a</span> <span class='ocrx_word' id='word_1_187' title='bbox 671 1697 868 1738; x_wconf 91' lang='lat' dir='ltr'>naturali</span> <span class='ocrx_word' id='word_1_188' title='bbox 899 1696 950 1738; x_wconf 89' lang='lat' dir='ltr'>fit</span> <span class='ocrx_word' id='word_1_189' title='bbox 977 1696 1224 1750; x_wconf 88' lang='lat' dir='ltr'>spiritualis</span> <span class='ocrx_word' id='word_1_190' title='bbox 1250 1696 1356 1737; x_wconf 89' lang='lat' dir='ltr'>dum</span> <span class='ocrx_word' id='word_1_191' title='bbox 1383 1696 1523 1738; x_wconf 91' lang='lat' dir='ltr'>homo</span> <span class='ocrx_word' id='word_1_192' title='bbox 1548 1698 1723 1739; x_wconf 90' lang='lat' dir='ltr'>recedit</span> 
     </span>
     <span class='ocr_line' id='line_1_23' title="bbox 226 1759 1723 1816; baseline -0.003 -10"><span class='ocrx_word' id='word_1_193' title='bbox 226 1779 253 1806; x_wconf 91' lang='lat' dir='ltr'>a</span> <span class='ocrx_word' id='word_1_194' title='bbox 278 1764 464 1806; x_wconf 90' lang='lat' dir='ltr'>libidine</span> <span class='ocrx_word' id='word_1_195' title='bbox 489 1775 622 1816; x_wconf 88' lang='lat' dir='ltr'>vaga,</span> <span class='ocrx_word' id='word_1_196' title='bbox 650 1768 698 1802; x_wconf 89' lang='lat' dir='ltr'>et</span> <span class='ocrx_word' id='word_1_197' title='bbox 723 1761 910 1802; x_wconf 91' lang='lat' dir='ltr'>addicat</span> <span class='ocrx_word' id='word_1_198' title='bbox 937 1774 985 1801; x_wconf 90' lang='lat' dir='ltr'>se</span> <span class='ocrx_word' id='word_1_199' title='bbox 1012 1761 1101 1809; x_wconf 88' lang='lat' dir='ltr'>uni,</span> <span class='ocrx_word' id='word_1_200' title='bbox 1125 1759 1249 1813; x_wconf 89' lang='lat' dir='ltr'>cujus</span> <span class='ocrx_word' id='word_1_201' title='bbox 1272 1761 1450 1801; x_wconf 87' lang='lat' dir='ltr'>animae</span> <span class='ocrx_word' id='word_1_202' title='bbox 1473 1774 1601 1802; x_wconf 90' lang='lat' dir='ltr'>suam</span> <span class='ocrx_word' id='word_1_203' title='bbox 1627 1761 1723 1802; x_wconf 90' lang='lat' dir='ltr'>ani-</span> 
     </span>
     <span class='ocr_line' id='line_1_24' title="bbox 227 1827 1628 1869; baseline -0.004 0"><span class='ocrx_word' id='word_1_204' title='bbox 227 1840 349 1869; x_wconf 91' lang='lat' dir='ltr'>mam</span> <span class='ocrx_word' id='word_1_205' title='bbox 375 1827 548 1868; x_wconf 87' lang='lat' dir='ltr'>adunit.</span> <span class='ocrx_word' id='word_1_206' title='bbox 1626 1854 1628 1856; x_wconf 85' lang='lat'>-</span> 
     </span>
     <span class='ocr_line' id='line_1_25' title="bbox 310 1886 1723 1946; baseline -0.002 -15"><span class='ocrx_word' id='word_1_207' title='bbox 310 1891 446 1946; x_wconf 88' lang='lat'><strong>448.</strong></span> <span class='ocrx_word' id='word_1_208' title='bbox 475 1887 574 1943; x_wconf 87' lang='lat' dir='ltr'>(iv.)</span> <span class='ocrx_word' id='word_1_209' title='bbox 603 1887 731 1939; x_wconf 78' lang='lat' dir='ltr'>Quod</span> <span class='ocrx_word' id='word_1_210' title='bbox 738 1886 984 1940; x_wconf 81' lang='lat' dir='ltr'>fornicatio</span> <span class='ocrx_word' id='word_1_211' title='bbox 1000 1887 1063 1928; x_wconf 83' lang='lat' dir='ltr'>sz&#39;t</span> <span class='ocrx_word' id='word_1_212' title='bbox 1078 1886 1227 1936; x_wconf 78' lang='lat' dir='ltr'>libido,</span> <span class='ocrx_word' id='word_1_213' title='bbox 1247 1887 1329 1928; x_wconf 86' lang='lat' dir='ltr'>sed</span> <span class='ocrx_word' id='word_1_214' title='bbox 1344 1901 1427 1928; x_wconf 86' lang='lat' dir='ltr'>non</span> <span class='ocrx_word' id='word_1_215' title='bbox 1445 1887 1580 1929; x_wconf 79' lang='lat' dir='ltr'>libido</span> <span class='ocrx_word' id='word_1_216' title='bbox 1595 1887 1723 1929; x_wconf 87' lang='lat' dir='ltr'>adul-</span> 
     </span>
     <span class='ocr_line' id='line_1_26' title="bbox 228 1950 1726 2006; baseline -0.003 -10"><span class='ocrx_word' id='word_1_217' title='bbox 228 1952 540 2006; x_wconf 53' lang='grc' dir='ltr'>πνεῖ-ῥυσοὶ</span> <span class='ocrx_word' id='word_1_218' title='bbox 572 1951 814 1992; x_wconf 89' lang='lat' dir='ltr'>fornicatio</span> <span class='ocrx_word' id='word_1_219' title='bbox 847 1951 906 1991; x_wconf 90' lang='lat' dir='ltr'>sit</span> <span class='ocrx_word' id='word_1_220' title='bbox 938 1950 1092 1999; x_wconf 88' lang='lat' dir='ltr'>libido,</span> <span class='ocrx_word' id='word_1_221' title='bbox 1126 1956 1233 1991; x_wconf 86' lang='lat' dir='ltr'>sunt</span> <span class='ocrx_word' id='word_1_222' title='bbox 1265 1963 1455 1992; x_wconf 88' lang='lat' dir='ltr'>causae:</span> <span class='ocrx_word' id='word_1_223' title='bbox 1492 1950 1572 2005; x_wconf 91' lang='lat'>(1.)</span> <span class='ocrx_word' id='word_1_224' title='bbox 1608 1950 1726 2004; x_wconf 81' lang='lat' dir='ltr'>Quia</span> 
     </span>
     <span class='ocr_line' id='line_1_27' title="bbox 227 2014 1724 2071; baseline -0.001 -13"><span class='ocrx_word' id='word_1_225' title='bbox 227 2017 379 2071; x_wconf 88' lang='lat' dir='ltr'>prodit</span> <span class='ocrx_word' id='word_1_226' title='bbox 407 2030 466 2057; x_wconf 88' lang='lat' dir='ltr'>ex</span> <span class='ocrx_word' id='word_1_227' title='bbox 493 2014 687 2056; x_wconf 87' lang='lat' dir='ltr'>naturali</span> <span class='ocrx_word' id='word_1_228' title='bbox 713 2014 925 2064; x_wconf 91' lang='lat' dir='ltr'>homine;</span> <span class='ocrx_word' id='word_1_229' title='bbox 958 2020 1005 2055; x_wconf 90' lang='lat' dir='ltr'>et</span> <span class='ocrx_word' id='word_1_230' title='bbox 1031 2014 1076 2054; x_wconf 92' lang='lat' dir='ltr'>in</span> <span class='ocrx_word' id='word_1_231' title='bbox 1102 2014 1240 2063; x_wconf 91' lang='lat' dir='ltr'>omni,</span> <span class='ocrx_word' id='word_1_232' title='bbox 1268 2014 1390 2068; x_wconf 92' lang='lat' dir='ltr'>quod</span> <span class='ocrx_word' id='word_1_233' title='bbox 1422 2028 1482 2055; x_wconf 85' lang='lat' dir='ltr'>ex</span> <span class='ocrx_word' id='word_1_234' title='bbox 1514 2014 1594 2056; x_wconf 92' lang='lat' dir='ltr'>illo</span> <span class='ocrx_word' id='word_1_235' title='bbox 1621 2028 1724 2068; x_wconf 88' lang='lat' dir='ltr'>pro-</span> 
     </span>
     <span class='ocr_line' id='line_1_28' title="bbox 227 2077 1724 2132; baseline -0.001 -11"><span class='ocrx_word' id='word_1_236' title='bbox 227 2081 309 2130; x_wconf 90' lang='lat' dir='ltr'>dit,</span> <span class='ocrx_word' id='word_1_237' title='bbox 328 2086 401 2121; x_wconf 90' lang='lat' dir='ltr'>est</span> <span class='ocrx_word' id='word_1_238' title='bbox 419 2078 794 2132; x_wconf 90' lang='lat' dir='ltr'>concupiscentia</span> <span class='ocrx_word' id='word_1_239' title='bbox 816 2084 862 2119; x_wconf 90' lang='lat' dir='ltr'>et</span> <span class='ocrx_word' id='word_1_240' title='bbox 886 2077 1052 2128; x_wconf 90' lang='lat' dir='ltr'>libido;</span> <span class='ocrx_word' id='word_1_241' title='bbox 1086 2077 1305 2119; x_wconf 88' lang='lat' dir='ltr'>naturalis</span> <span class='ocrx_word' id='word_1_242' title='bbox 1328 2078 1449 2119; x_wconf 91' lang='lat' dir='ltr'>enim</span> <span class='ocrx_word' id='word_1_243' title='bbox 1471 2077 1611 2119; x_wconf 94' lang='lat' dir='ltr'>homo</span> <span class='ocrx_word' id='word_1_244' title='bbox 1633 2092 1724 2119; x_wconf 91' lang='lat' dir='ltr'>non</span> 
     </span>
    </p>
   </div>
   <div class='ocr_carea' id='block_1_3' title="bbox 156 2141 1725 2197">
    <p class='ocr_par' dir='ltr' id='par_1_3' title="bbox 156 2141 1725 2197">
     <span class='ocr_line' id='line_1_29' title="bbox 156 2141 1725 2197; baseline -0.001 -12"><span class='ocrx_word' id='word_1_245' title='bbox 156 2173 158 2179; x_wconf 29' lang='grc' dir='ltr'><strong><em>ι</em></strong></span> <span class='ocrx_word' id='word_1_246' title='bbox 227 2150 300 2186; x_wconf 88' lang='lat' dir='ltr'>est</span> <span class='ocrx_word' id='word_1_247' title='bbox 326 2143 409 2184; x_wconf 93' lang='lat' dir='ltr'>nisi</span> <span class='ocrx_word' id='word_1_248' title='bbox 436 2155 570 2197; x_wconf 89' lang='lat' dir='ltr'>quam</span> <span class='ocrx_word' id='word_1_249' title='bbox 598 2141 1073 2195; x_wconf 88' lang='lat' dir='ltr'>concupiscentiarum</span> <span class='ocrx_word' id='word_1_250' title='bbox 1105 2147 1153 2182; x_wconf 93' lang='lat' dir='ltr'>et</span> <span class='ocrx_word' id='word_1_251' title='bbox 1185 2141 1420 2182; x_wconf 89' lang='lat' dir='ltr'>libidinum</span> <span class='ocrx_word' id='word_1_252' title='bbox 1447 2142 1725 2183; x_wconf 90' lang='lat' dir='ltr'>domicilium</span> 
     </span>
    </p>
   </div>
   <div class='ocr_carea' id='block_1_4' title="bbox 227 2205 1729 3020">
    <p class='ocr_par' dir='ltr' id='par_1_4' title="bbox 227 2205 1726 2628">
     <span class='ocr_line' id='line_1_30' title="bbox 227 2205 1725 2260; baseline -0.001 -11"><span class='ocrx_word' id='word_1_253' title='bbox 227 2213 276 2249; x_wconf 90' lang='lat' dir='ltr'>et</span> <span class='ocrx_word' id='word_1_254' title='bbox 301 2205 659 2260; x_wconf 86' lang='lat' dir='ltr'>receptaculum,</span> <span class='ocrx_word' id='word_1_255' title='bbox 687 2218 848 2245; x_wconf 92' lang='lat' dir='ltr'>omnes</span> <span class='ocrx_word' id='word_1_256' title='bbox 875 2205 995 2246; x_wconf 91' lang='lat' dir='ltr'>enim</span> <span class='ocrx_word' id='word_1_257' title='bbox 1022 2210 1175 2246; x_wconf 90' lang='lat' dir='ltr'>reatus</span> <span class='ocrx_word' id='word_1_258' title='bbox 1202 2218 1228 2245; x_wconf 89' lang='lat' dir='ltr'>a</span> <span class='ocrx_word' id='word_1_259' title='bbox 1254 2205 1519 2258; x_wconf 89' lang='lat' dir='ltr'>parentibus</span> <span class='ocrx_word' id='word_1_260' title='bbox 1545 2205 1725 2247; x_wconf 91' lang='lat' dir='ltr'>heredi-</span> 
     </span>
     <span class='ocr_line' id='line_1_31' title="bbox 227 2267 1726 2323; baseline 0 -12"><span class='ocrx_word' id='word_1_261' title='bbox 227 2270 316 2312; x_wconf 91' lang='lat' dir='ltr'>tati</span> <span class='ocrx_word' id='word_1_262' title='bbox 356 2270 416 2310; x_wconf 94' lang='lat' dir='ltr'>ibi</span> <span class='ocrx_word' id='word_1_263' title='bbox 456 2269 674 2310; x_wconf 87' lang='lat' dir='ltr'>resident.</span> <span class='ocrx_word' id='word_1_264' title='bbox 740 2267 820 2323; x_wconf 91' lang='lat'><strong>(2.)</strong></span> <span class='ocrx_word' id='word_1_265' title='bbox 866 2267 984 2321; x_wconf 81' lang='lat' dir='ltr'>Quia</span> <span class='ocrx_word' id='word_1_266' title='bbox 1023 2268 1273 2309; x_wconf 87' lang='lat' dir='ltr'>fornicator</span> <span class='ocrx_word' id='word_1_267' title='bbox 1304 2267 1485 2322; x_wconf 66' lang='lat' dir='ltr'>spectat</span> <span class='ocrx_word' id='word_1_268' title='bbox 1517 2283 1635 2322; x_wconf 86' lang='lat' dir='ltr'>vage</span> <span class='ocrx_word' id='word_1_269' title='bbox 1678 2275 1726 2311; x_wconf 92' lang='lat' dir='ltr'>et</span> 
     </span>
     <span class='ocr_line' id='line_1_32' title="bbox 228 2332 1725 2388; baseline -0.001 -14"><span class='ocrx_word' id='word_1_270' title='bbox 228 2334 483 2388; x_wconf 90' lang='lat' dir='ltr'>promiscue</span> <span class='ocrx_word' id='word_1_271' title='bbox 501 2333 558 2374; x_wconf 91' lang='lat' dir='ltr'>ad</span> <span class='ocrx_word' id='word_1_272' title='bbox 577 2345 752 2381; x_wconf 85' lang='lat' dir='ltr'>sexum,</span> <span class='ocrx_word' id='word_1_273' title='bbox 770 2339 816 2374; x_wconf 89' lang='lat' dir='ltr'>et</span> <span class='ocrx_word' id='word_1_274' title='bbox 836 2332 1036 2373; x_wconf 90' lang='lat' dir='ltr'>nondum</span> <span class='ocrx_word' id='word_1_275' title='bbox 1056 2332 1113 2372; x_wconf 92' lang='lat' dir='ltr'>ad</span> <span class='ocrx_word' id='word_1_276' title='bbox 1132 2344 1268 2372; x_wconf 88' lang='lat' dir='ltr'>unam</span> <span class='ocrx_word' id='word_1_277' title='bbox 1286 2346 1311 2372; x_wconf 94' lang='lat' dir='ltr'>e</span> <span class='ocrx_word' id='word_1_278' title='bbox 1333 2346 1447 2372; x_wconf 89' lang='lat' dir='ltr'>sexu</span> <span class='ocrx_word' id='word_1_279' title='bbox 1465 2346 1475 2382; x_wconf 90' lang='lat'>;</span> <span class='ocrx_word' id='word_1_280' title='bbox 1502 2338 1549 2373; x_wconf 93' lang='lat' dir='ltr'>et</span> <span class='ocrx_word' id='word_1_281' title='bbox 1567 2345 1725 2386; x_wconf 87' lang='lat' dir='ltr'>quam-</span> 
     </span>
     <span class='ocr_line' id='line_1_33' title="bbox 229 2395 1725 2449; baseline -0.002 -11"><span class='ocrx_word' id='word_1_282' title='bbox 229 2397 306 2439; x_wconf 89' lang='lat' dir='ltr'>diu</span> <span class='ocrx_word' id='word_1_283' title='bbox 331 2397 375 2437; x_wconf 93' lang='lat' dir='ltr'>in</span> <span class='ocrx_word' id='word_1_284' title='bbox 398 2396 478 2437; x_wconf 89' lang='lat' dir='ltr'>illo</span> <span class='ocrx_word' id='word_1_285' title='bbox 500 2402 622 2437; x_wconf 90' lang='lat' dir='ltr'>statu</span> <span class='ocrx_word' id='word_1_286' title='bbox 644 2402 730 2445; x_wconf 91' lang='lat' dir='ltr'>est,</span> <span class='ocrx_word' id='word_1_287' title='bbox 747 2396 924 2437; x_wconf 88' lang='lat' dir='ltr'>excitat</span> <span class='ocrx_word' id='word_1_288' title='bbox 948 2395 1075 2436; x_wconf 91' lang='lat' dir='ltr'>illum</span> <span class='ocrx_word' id='word_1_289' title='bbox 1099 2395 1240 2436; x_wconf 89' lang='lat' dir='ltr'>libido</span> <span class='ocrx_word' id='word_1_290' title='bbox 1266 2395 1323 2435; x_wconf 90' lang='lat' dir='ltr'>ad</span> <span class='ocrx_word' id='word_1_291' title='bbox 1351 2395 1580 2448; x_wconf 85' lang='lat' dir='ltr'>agendum</span> <span class='ocrx_word' id='word_1_292' title='bbox 1603 2395 1725 2449; x_wconf 91' lang='lat' dir='ltr'>quod</span> 
     </span>
     <span class='ocr_line' id='line_1_34' title="bbox 230 2457 1725 2513; baseline -0.002 -12"><span class='ocrx_word' id='word_1_293' title='bbox 230 2461 353 2513; x_wconf 85' lang='lat' dir='ltr'>agit:</span> <span class='ocrx_word' id='word_1_294' title='bbox 391 2460 473 2500; x_wconf 89' lang='lat' dir='ltr'>sed</span> <span class='ocrx_word' id='word_1_295' title='bbox 514 2460 630 2500; x_wconf 90' lang='lat' dir='ltr'>sicut</span> <span class='ocrx_word' id='word_1_296' title='bbox 666 2457 846 2512; x_wconf 59' lang='lat' dir='ltr'>spectat</span> <span class='ocrx_word' id='word_1_297' title='bbox 886 2459 944 2499; x_wconf 92' lang='lat' dir='ltr'>ad</span> <span class='ocrx_word' id='word_1_298' title='bbox 982 2471 1132 2507; x_wconf 91' lang='lat' dir='ltr'>unam,</span> <span class='ocrx_word' id='word_1_299' title='bbox 1165 2471 1217 2499; x_wconf 89' lang='lat' dir='ltr'>ac</span> <span class='ocrx_word' id='word_1_300' title='bbox 1256 2465 1381 2499; x_wconf 89' lang='lat' dir='ltr'>amat</span> <span class='ocrx_word' id='word_1_301' title='bbox 1417 2459 1560 2499; x_wconf 90' lang='lat' dir='ltr'>vitam</span> <span class='ocrx_word' id='word_1_302' title='bbox 1599 2471 1725 2499; x_wconf 87' lang='lat' dir='ltr'>suam</span> 
     </span>
     <span class='ocr_line' id='line_1_35' title="bbox 230 2520 1724 2577; baseline -0.002 -12"><span class='ocrx_word' id='word_1_303' title='bbox 230 2523 507 2577; x_wconf 88' lang='lat' dir='ltr'>conjungere</span> <span class='ocrx_word' id='word_1_304' title='bbox 530 2535 631 2564; x_wconf 91' lang='lat' dir='ltr'>cum</span> <span class='ocrx_word' id='word_1_305' title='bbox 655 2521 749 2575; x_wconf 86' lang='lat' dir='ltr'>ejus</span> <span class='ocrx_word' id='word_1_306' title='bbox 770 2523 880 2571; x_wconf 87' lang='lat' dir='ltr'>vita,</span> <span class='ocrx_word' id='word_1_307' title='bbox 905 2521 1280 2575; x_wconf 88' lang='lat' dir='ltr'>concupiscentia</span> <span class='ocrx_word' id='word_1_308' title='bbox 1302 2520 1352 2563; x_wconf 89' lang='lat' dir='ltr'>fit</span> <span class='ocrx_word' id='word_1_309' title='bbox 1378 2520 1558 2563; x_wconf 71' lang='lat' dir='ltr'>affeffio</span> <span class='ocrx_word' id='word_1_310' title='bbox 1580 2527 1724 2571; x_wconf 88' lang='lat' dir='ltr'>casta,</span> 
     </span>
     <span class='ocr_line' id='line_1_36' title="bbox 230 2585 940 2628; baseline -0.003 0"><span class='ocrx_word' id='word_1_311' title='bbox 230 2600 282 2628; x_wconf 90' lang='lat' dir='ltr'>ac</span> <span class='ocrx_word' id='word_1_312' title='bbox 310 2587 450 2628; x_wconf 91' lang='lat' dir='ltr'>libido</span> <span class='ocrx_word' id='word_1_313' title='bbox 475 2585 525 2627; x_wconf 88' lang='lat' dir='ltr'>fit</span> <span class='ocrx_word' id='word_1_314' title='bbox 553 2599 679 2626; x_wconf 88' lang='lat' dir='ltr'>amor</span> <span class='ocrx_word' id='word_1_315' title='bbox 704 2585 940 2626; x_wconf 90' lang='lat' dir='ltr'>humanus.</span> 
     </span>
    </p>

    <p class='ocr_par' dir='ltr' id='par_1_5' title="bbox 231 2647 1729 3020">
     <span class='ocr_line' id='line_1_37' title="bbox 315 2647 1726 2704; baseline -0.002 -13"><span class='ocrx_word' id='word_1_316' title='bbox 315 2659 455 2704; x_wconf 82' lang='grc'><strong>449.</strong></span> <span class='ocrx_word' id='word_1_317' title='bbox 487 2648 623 2703; x_wconf 83' lang='lat' dir='ltr'>Quod</span> <span class='ocrx_word' id='word_1_318' title='bbox 646 2648 787 2690; x_wconf 88' lang='lat' dir='ltr'>libido</span> <span class='ocrx_word' id='word_1_319' title='bbox 807 2649 1121 2690; x_wconf 90' lang='lat' dir='ltr'>fornicationis</span> <span class='ocrx_word' id='word_1_320' title='bbox 1144 2661 1235 2689; x_wconf 91' lang='lat' dir='ltr'>non</span> <span class='ocrx_word' id='word_1_321' title='bbox 1258 2648 1316 2690; x_wconf 91' lang='lat' dir='ltr'>sit</span> <span class='ocrx_word' id='word_1_322' title='bbox 1340 2647 1480 2689; x_wconf 91' lang='lat' dir='ltr'>libido</span> <span class='ocrx_word' id='word_1_323' title='bbox 1502 2647 1726 2696; x_wconf 89' lang='lat' dir='ltr'>adulterii,</span> 
     </span>
     <span class='ocr_line' id='line_1_38' title="bbox 231 2711 1727 2769; baseline -0.001 -14"><span class='ocrx_word' id='word_1_324' title='bbox 231 2714 417 2769; x_wconf 89' lang='lat' dir='ltr'>quisque</span> <span class='ocrx_word' id='word_1_325' title='bbox 437 2728 497 2755; x_wconf 87' lang='lat' dir='ltr'>ex</span> <span class='ocrx_word' id='word_1_326' title='bbox 516 2713 745 2755; x_wconf 89' lang='lat' dir='ltr'>communi</span> <span class='ocrx_word' id='word_1_327' title='bbox 762 2714 1058 2767; x_wconf 89' lang='lat' dir='ltr'>perceptione</span> <span class='ocrx_word' id='word_1_328' title='bbox 1077 2711 1352 2766; x_wconf 63' lang='lat' dir='ltr'>perspeffitat.</span> <span class='ocrx_word' id='word_1_329' title='bbox 1415 2711 1544 2765; x_wconf 83' lang='lat' dir='ltr'>Quae</span> <span class='ocrx_word' id='word_1_330' title='bbox 1568 2711 1659 2760; x_wconf 80' lang='lat' dir='ltr'>leX,</span> <span class='ocrx_word' id='word_1_331' title='bbox 1679 2718 1727 2753; x_wconf 91' lang='lat' dir='ltr'>et</span> 
     </span>
     <span class='ocr_line' id='line_1_39' title="bbox 232 2774 1728 2831; baseline -0.002 -13"><span class='ocrx_word' id='word_1_332' title='bbox 232 2778 332 2831; x_wconf 90' lang='lat' dir='ltr'>quis</span> <span class='ocrx_word' id='word_1_333' title='bbox 359 2776 516 2830; x_wconf 86' lang='lat' dir='ltr'>judex,</span> <span class='ocrx_word' id='word_1_334' title='bbox 543 2777 740 2830; x_wconf 88' lang='lat' dir='ltr'>imputat</span> <span class='ocrx_word' id='word_1_335' title='bbox 766 2776 1028 2818; x_wconf 90' lang='lat' dir='ltr'>fornicatori</span> <span class='ocrx_word' id='word_1_336' title='bbox 1054 2775 1200 2817; x_wconf 88' lang='lat' dir='ltr'>simile</span> <span class='ocrx_word' id='word_1_337' title='bbox 1232 2776 1418 2824; x_wconf 88' lang='lat' dir='ltr'>crimen,</span> <span class='ocrx_word' id='word_1_338' title='bbox 1446 2775 1566 2828; x_wconf 91' lang='lat' dir='ltr'>quod</span> <span class='ocrx_word' id='word_1_339' title='bbox 1599 2774 1728 2816; x_wconf 87' lang='lat' dir='ltr'>adul-</span> 
     </span>
     <span class='ocr_line' id='line_1_40' title="bbox 234 2838 1726 2892; baseline -0.001 -11"><span class='ocrx_word' id='word_1_340' title='bbox 234 2840 358 2882; x_wconf 88' lang='lat' dir='ltr'>tero?</span> <span class='ocrx_word' id='word_1_341' title='bbox 417 2840 566 2881; x_wconf 90' lang='lat' dir='ltr'>Causa</span> <span class='ocrx_word' id='word_1_342' title='bbox 592 2839 710 2881; x_wconf 91' lang='lat' dir='ltr'>unde</span> <span class='ocrx_word' id='word_1_343' title='bbox 742 2838 828 2881; x_wconf 91' lang='lat' dir='ltr'>hoc</span> <span class='ocrx_word' id='word_1_344' title='bbox 861 2853 922 2881; x_wconf 89' lang='lat' dir='ltr'>ex</span> <span class='ocrx_word' id='word_1_345' title='bbox 953 2839 1183 2881; x_wconf 90' lang='lat' dir='ltr'>communi</span> <span class='ocrx_word' id='word_1_346' title='bbox 1210 2839 1507 2892; x_wconf 88' lang='lat' dir='ltr'>perceptione</span> <span class='ocrx_word' id='word_1_347' title='bbox 1531 2838 1726 2887; x_wconf 88' lang='lat' dir='ltr'>videtur,</span> 
     </span>
     <span class='ocr_line' id='line_1_41' title="bbox 237 2901 1727 2957; baseline -0.001 -13"><span class='ocrx_word' id='word_1_348' title='bbox 237 2909 308 2944; x_wconf 92' lang='lat' dir='ltr'>est</span> <span class='ocrx_word' id='word_1_349' title='bbox 330 2904 433 2957; x_wconf 92' lang='lat' dir='ltr'>quia</span> <span class='ocrx_word' id='word_1_350' title='bbox 454 2903 695 2944; x_wconf 88' lang='lat' dir='ltr'>fornicatio</span> <span class='ocrx_word' id='word_1_351' title='bbox 718 2916 809 2943; x_wconf 90' lang='lat' dir='ltr'>non</span> <span class='ocrx_word' id='word_1_352' title='bbox 835 2909 907 2944; x_wconf 88' lang='lat' dir='ltr'>est</span> <span class='ocrx_word' id='word_1_353' title='bbox 934 2903 1146 2956; x_wconf 88' lang='lat' dir='ltr'>opposita</span> <span class='ocrx_word' id='word_1_354' title='bbox 1167 2903 1309 2943; x_wconf 90' lang='lat' dir='ltr'>amori</span> <span class='ocrx_word' id='word_1_355' title='bbox 1332 2901 1590 2955; x_wconf 72' lang='lat' dir='ltr'>conjugiah,</span> <span class='ocrx_word' id='word_1_356' title='bbox 1611 2903 1727 2943; x_wconf 89' lang='lat' dir='ltr'>sicut</span> 
     </span>
     <span class='ocr_line' id='line_1_42' title="bbox 237 2965 1729 3020; baseline -0.001 -12"><span class='ocrx_word' id='word_1_357' title='bbox 237 2972 309 3008; x_wconf 86' lang='lat' dir='ltr'>est</span> <span class='ocrx_word' id='word_1_358' title='bbox 334 2966 632 3008; x_wconf 90' lang='lat' dir='ltr'>adulterium:</span> <span class='ocrx_word' id='word_1_359' title='bbox 667 2972 824 3020; x_wconf 88' lang='lat' dir='ltr'>potest</span> <span class='ocrx_word' id='word_1_360' title='bbox 850 2966 895 3007; x_wconf 91' lang='lat' dir='ltr'>in</span> <span class='ocrx_word' id='word_1_361' title='bbox 921 2966 1223 3007; x_wconf 89' lang='lat' dir='ltr'>fornicatione</span> <span class='ocrx_word' id='word_1_362' title='bbox 1245 2967 1369 3007; x_wconf 89' lang='lat' dir='ltr'>intus</span> <span class='ocrx_word' id='word_1_363' title='bbox 1390 2965 1576 3007; x_wconf 90' lang='lat' dir='ltr'>recondi</span> <span class='ocrx_word' id='word_1_364' title='bbox 1603 2979 1729 3008; x_wconf 84' lang='lat' dir='ltr'>amor</span> 
     </span>
    </p>
   </div>
  </div>
 </body>
</html>
