2014 3386
336 333 415 375 144
668 338 670 340 ’
785 328 1027 364 DELICIAE
1058 326 1361 361 SAPIENTIAE

330 442 466 496 Quod
489 442 593 484 inde
615 441 852 485 inclinatio
875 456 922 483 se
945 441 1127 483 uniendi
1149 447 1196 483 et
1216 441 1336 482 sicut
1353 438 1586 482 reuniendi
1608 449 1710 481 cum
1727 437 1824 481 viro

326 506 450 547 insit.
512 516 550 558 3.
584 504 720 558 Quod
752 520 812 547 ex
844 505 922 546 illa
947 505 1127 553 unione,
1155 510 1202 545 et
1234 509 1420 557 propter
1450 502 1576 543 illam
1608 515 1710 544 cum
1741 516 1824 544 suo

329 570 546 623 compari,
580 569 747 609 femina
778 575 993 609 nascatur
1023 581 1151 608 amor
1181 568 1275 616 viri,
1309 573 1356 608 et
1388 566 1465 607 fiat
1503 566 1603 619 plus
1635 572 1682 606 et
1722 564 1823 619 plus

329 645 457 674 amor
482 631 574 685 ejus
601 646 680 685 per
705 631 978 684 conjugium,
1003 632 1106 685 quia
1132 637 1238 672 tunc
1265 643 1391 671 amor
1412 630 1635 683 impendit
1653 628 1825 682 jugiter

330 695 642 748 cogitationes
668 708 771 735 suas
803 694 861 734 ad
893 693 1260 747 conjungendum
1287 693 1370 733 sibi
1395 693 1552 733 virum.
1610 704 1651 743 4.
1687 691 1823 744 Quod

330 758 635 811 conjungatur
674 758 807 798 unico
847 771 929 798 suo
974 770 1053 810 per
1093 757 1424 810 applicationes
1465 756 1521 796 ad
1563 756 1684 797 vitae
1729 754 1824 808 ejus

330 822 566 863 desideria.
630 830 665 874 5.
699 820 834 874 Quod
867 819 1200 873 conjungantur
1225 834 1304 873 per
1329 819 1543 873 sphaeras
1570 819 1824 860 circumsti-

331 892 509 939 pantes,
537 898 589 926 ac
616 885 821 926 unientes
847 898 896 925 se
928 882 1244 924 universaliter
1269 889 1316 924 et
1348 882 1638 935 singulariter
1660 895 1823 923 secun—

328 949 437 989 dum
474 948 607 1002 quale
643 948 811 989 amoris
843 946 1111 1000 conjugialis
1141 945 1261 999 apud
1293 959 1475 994 uxore5‚
1509 952 1555 986 et
1587 944 1719 986 simul
1750 958 1822 986 se-

327 1012 526 1054 cundum
558 1011 690 1065 quale
722 1011 972 1063 sapientiae
1003 1009 1265 1063 recipientis
1302 1008 1429 1048 illum
1464 1009 1582 1061 apud
1619 1008 1822 1049 maritos.

327 1075 366 1116 6.
402 1074 537 1128 Quod
578 1075 716 1115 etiam
758 1073 1094 1126 conjungantur
1130 1086 1209 1126 per
1240 1071 1631 1125 appropriationes
1662 1071 1822 1112 virium

328 1140 594 1179 maritorum
616 1138 673 1178 ab
696 1137 927 1178 uxoribus.
989 1146 1027 1189 7.
1061 1135 1137 1176 Ex
1160 1136 1318 1189 quibus
1342 1141 1487 1188 patet,
1512 1135 1632 1188 quod
1654 1133 1824 1188 jugiter

329 1201 498 1255 aliquid
540 1201 690 1242 mariti
730 1200 1060 1241 transcribatur
1090 1199 1134 1239 in
1167 1211 1372 1246 uxorem,
1406 1203 1452 1238 et
1482 1198 1521 1238 ei
1553 1198 1825 1239 inscribatur

329 1266 444 1306 sicut
471 1264 579 1318 ejus.
638 1263 715 1305 Ex
741 1263 810 1304 his
837 1269 884 1304 et
910 1263 998 1303 illis
1022 1262 1327 1315 consequitur,
1356 1260 1476 1315 quod
1498 1261 1651 1314 imago
1673 1261 1824 1302 mariti

327 1328 544 1370 formetur
570 1328 615 1368 in
641 1341 798 1376 uxore,
828 1340 886 1367 ex
914 1340 1001 1380 qua
1026 1326 1224 1379 imagine
1251 1338 1367 1365 uxor
1390 1324 1596 1378 percipit,
1623 1324 1750 1366 videt
1775 1330 1824 1366 et

328 1392 471 1433 sentit
498 1391 575 1432 illa
600 1404 715 1445 quae
740 1391 785 1431 in
818 1391 984 1430 marito
1016 1395 1137 1437 sunt,
1166 1389 1211 1429 in
1242 1402 1305 1436 se,
1334 1394 1381 1429 et
1412 1388 1518 1429 inde
1549 1388 1666 1429 sicut
1698 1401 1746 1429 se
1778 1388 1824 1428 in

326 1454 434 1505 illo;
473 1454 664 1508 percipit
705 1467 765 1494 ex
806 1452 1238 1500 communicatione,
1271 1452 1398 1492 videt
1439 1465 1498 1492 ex
1539 1449 1741 1504 aspectu,
1773 1457 1823 1492 et

327 1517 470 1559 sentit
508 1531 568 1558 ex
607 1515 757 1557 tactu:
804 1516 924 1570 quod
957 1515 1127 1556 sentiat
1160 1515 1471 1568 receptionem
1504 1515 1569 1554 sui
1601 1515 1766 1555 amoris
1797 1527 1825 1555 a

328 1581 492 1621 marito
519 1594 579 1621 ex
611 1578 736 1621 tactu
767 1580 812 1620 in
844 1578 1006 1632 palmis
1038 1591 1171 1632 super
1196 1578 1339 1631 genis,
1369 1577 1500 1624 ulnis,
1526 1577 1747 1626 manibus,
1775 1582 1823 1618 et

327 1642 601 1697 pectoribus,
627 1649 900 1696 aperuerunt
925 1641 1032 1682 mihi
1055 1649 1147 1682 tres
1170 1655 1336 1682 uxores
1359 1641 1403 1681 in
1430 1640 1547 1690 aula,
1571 1646 1618 1682 et
1643 1646 1824 1694 septem

326 1707 372 1748 in
398 1713 568 1755 roseto,
597 1707 654 1747 de
680 1706 839 1759 quibus
865 1706 909 1745 in
939 1704 1324 1745 Memorabilibus.

413 1778 536 1823 174.
572 1768 707 1823 (xvi.)
745 1768 873 1819 Quod
889 1768 981 1809 sint
1001 1767 1140 1822 officia
1155 1767 1350 1820 propria
1367 1766 1474 1815 viri,
1493 1772 1535 1807 et
1554 1765 1695 1820 officia
1709 1772 1822 1818 pro-

322 1832 433 1885 pria
451 1833 608 1873 uxoris
619 1847 639 1880 ,·
660 1839 702 1872 et
715 1832 834 1885 quod
845 1846 959 1872 uxor
974 1845 1056 1870 non
1068 1830 1217 1883 possit
1233 1830 1406 1870 intrare
1421 1829 1466 1870 in
1480 1829 1619 1883 officia
1630 1829 1824 1881 propria

328 1895 434 1944 viri,
448 1909 521 1935 nec
532 1895 605 1935 vir
618 1895 662 1935 z'n
680 1894 819 1949 officia
826 1894 1021 1947 propria
1035 1893 1203 1941 uxoris,
1217 1899 1259 1934 et
1270 1893 1362 1934 illis
1377 1893 1464 1933 rite
1467 1891 1822 1945 sungz'.-—Quod

329 1959 422 1999 sint
454 1957 602 1999 officia
634 1958 814 2011 propria
845 1958 941 2006 viri,
975 1964 1022 1997 et
1060 1957 1240 2010 propria
1276 1957 1445 2005 uxoris,
1474 1969 1565 1996 non
1604 1969 1717 2008 opus
1748 1961 1821 1996 est

329 2021 556 2062 illustrare
593 2014 671 2073 per
711 2021 1021 2061 recensionem
1063 2019 1258 2067 illorum,
1300 2026 1404 2060 sunt
1445 2019 1565 2059 enim
1607 2018 1734 2071 plura
1773 2024 1822 2059 et

327 2084 479 2134 varia3
512 2090 559 2124 et
577 2084 764 2137 quisque
787 2083 873 2123 scit
891 2083 1148 2136 dispescere
1171 2082 1249 2122 illa
1270 2082 1314 2122 in
1338 2095 1547 2122 numeros
1572 2081 1820 2122 secundum

327 2160 496 2200 genera
519 2153 566 2188 et
588 2148 776 2200 species,
797 2146 934 2186 modo
957 2146 1168 2186 intendat
1191 2146 1390 2186 animum
1413 2145 1471 2185 ad
1494 2144 1821 2198 dispiciendam

327 2211 419 2251 illa.
481 2208 643 2251 Officia
674 2223 752 2263 per
783 2223 898 2263 quae
931 2222 1097 2249 uxores
1130 2209 1394 2262 praeprimis
1431 2222 1479 2248 se
1512 2220 1613 2248 curn
1647 2207 1821 2248 maritis

328 2273 622 2326 conjungunt,
647 2280 753 2314 sunt
777 2273 1073 2314 educationes
1095 2272 1317 2313 infantum
1341 2272 1572 2325 utriusque
1595 2284 1747 2320 sexus,
1766 2283 1819 2312 ac

328 2336 578 2391 puellarum
607 2350 746 2390 usque
771 2337 828 2376 ad
855 2342 1056 2377 aetatem
1083 2349 1170 2389 qua
1197 2335 1362 2376 dantur
1385 2334 1554 2387 nuptui.

410 2407 533 2452 175.
575 2398 710 2452 Quod
737 2413 853 2440 uxor
885 2412 976 2440 non
1004 2400 1148 2453 possit
1179 2399 1350 2439 intrare
1383 2399 1427 2438 in
1460 2396 1607 2438 officia
1638 2396 1819 2450 propria

325 2462 422 2511 viri,
451 2469 497 2504 et
524 2463 723 2503 vicissim
756 2476 839 2504 nec
866 2463 932 2503 vir
958 2463 1002 2504 in
1035 2461 1183 2503 officia
1214 2461 1394 2514 propria
1426 2461 1595 2509 uxoris,
1623 2466 1692 2501 est
1717 2461 1820 2514 quia

326 2525 538 2567 differunt
571 2526 687 2567 sicut
720 2526 943 2579 sapientia
974 2532 1020 2567 et
1053 2525 1145 2578 ejus
1176 2538 1317 2572 amor,
1346 2537 1424 2564 seu
1451 2524 1566 2564 sicut
1594 2524 1819 2577 cogitatio

327 2596 375 2630 et
406 2588 501 2642 ejus
530 2587 722 2637 affectio,
750 2603 828 2629 seu
861 2590 976 2630 sicut
1008 2586 1264 2629 intellectus
1296 2593 1342 2628 et
1375 2586 1468 2639 ejus
1499 2586 1740 2627 voluntas:
1772 2587 1818 2627 in

326 2651 486 2694 officiis
517 2653 706 2705 propriis
733 2653 929 2692 virorum
962 2651 1128 2704 primas
1159 2651 1256 2703 agit
1287 2648 1818 2702 intellectus,‘cogitatio

327 2723 374 2758 et
415 2716 664 2769 sapientia;
712 2715 755 2755 in
797 2714 955 2755 officiis
996 2720 1150 2755 autem
1191 2713 1382 2767 propriis
1421 2726 1613 2754 uxorum
1650 2712 1818 2766 primas

327 2779 425 2832 agit
457 2778 686 2827 voluntas,
714 2776 891 2818 affectio
923 2783 969 2818 et
1001 2789 1153 2827 amor3
1186 2782 1233 2817 et
1259 2789 1375 2816 uxor
1407 2789 1465 2816 ex
1497 2775 1566 2816 his
1597 2775 1705 2816 facit
1737 2788 1818 2815 sua

327 2841 489 2890 officia,
517 2847 565 2882 et
595 2841 661 2881 vir
692 2854 750 2881 ex
783 2840 871 2880 illis
908 2839 1015 2880 facit
1047 2852 1154 2889 sua;
1195 2851 1331 2891 quare
1363 2837 1510 2878 officia
1546 2837 1725 2878 illorum
1755 2850 1817 2879 ex

325 2917 407 2946 sua
445 2911 608 2945 natura
647 2909 752 2944 sunt
785 2903 991 2954 diversa;
1024 2902 1104 2943 sed
1137 2907 1276 2955 usque
1309 2899 1594 2953 conjunctiva
1625 2900 1669 2940 in
1701 2900 1816 2940 serie

326 2968 598 3010 successiva.
678 2965 886 3008 Creditur
930 2979 956 3007 a
1001 2964 1171 3015 multis,
1214 2963 1335 3016 quod
1381 2963 1590 3004 mulieres
1635 2962 1814 3016 possint
