2014 3386
644 335 711 368 DE
743 334 924 368 AMORE
956 313 1383 386 coNJUG1AL1.—'N5
1410 336 1450 377 9.
1743 335 1791 378 13

297 451 469 492 bescere,
490 455 531 486 et
557 449 596 485 in
623 449 823 485 mentibus
849 448 996 485 nostris
1021 447 1182 489 aboleri,
1204 458 1251 483 ac
1276 447 1359 483 fieri
1387 446 1648 487 insensibiles,
1671 452 1711 482 et
1736 447 1794 482 sic

297 505 447 545 nullae;
472 509 514 539 et
534 514 625 538 curn
644 502 701 538 ita
717 502 918 548 exspirata
934 508 1029 538 sunt
1047 501 1279 548 imaginaria
1296 507 1433 536 nostra
1451 500 1609 547 gaudia,
1625 499 1792 535 timeba-

295 568 383 593 mus
402 555 595 603 jasturam
614 555 745 591 omnis
760 554 1023 602 jucunditatis
1036 554 1143 590 vitae
1161 561 1332 595 nostrae,
1346 560 1388 589 et
1409 552 1502 588 facti
1521 552 1693 588 [¹]sumus
1711 564 1794 588 am-

294 609 402 656 bigui
423 610 474 645 de
495 608 685 644 felicitate
705 615 877 650 aeterna,
897 619 992 643 num
1013 608 1067 643 sit
1086 607 1240 653 aliqua:
1274 614 1315 642 et
1341 613 1479 653 postea
1500 606 1634 653 vagati
1656 617 1793 641 sumus

294 673 364 709 per
375 662 460 698 vias
473 668 515 698 et
531 673 654 702 areas,
666 661 884 708 quaesituri
904 667 1061 707 portam
1076 672 1146 707 per
1159 671 1278 707 quam
1295 659 1548 700 intravimus;
1570 659 1639 695 sed
1658 659 1792 705 vagati

294 726 431 752 sumus
445 725 515 761 per
526 725 646 762 gyros
659 721 700 750 et
712 725 842 761 gyros,
854 725 901 750 ac
916 713 1248 760 interrogavimus
1261 712 1402 748 obvios
1415 724 1424 754 3
1445 723 1494 748 ex
1512 712 1656 758 quibus
1670 712 1792 758 aliqui

294 768 492 809 dixerunt,
515 768 623 814 quod
645 774 761 814 porta
786 778 867 803 non
890 767 1125 808 inveniatur,
1147 766 1242 812 quia
1266 766 1535 812 paradisiacus
1562 765 1627 801 hic
1653 766 1793 801 hortus

293 827 355 857 est
369 821 568 867 spatiosus
586 820 845 867 labyrinthus,
864 820 933 866 qui
950 819 1043 856 talis
1060 826 1131 860 est,
1151 826 1196 854 ut
1215 819 1284 865 qui
1301 819 1389 854 vult
1405 819 1522 860 exire,
1543 818 1716 864 penitius
1736 818 1794 853 in-

293 880 396 914 tret:
422 879 562 920 ‘quare
580 885 661 909 non
680 873 850 920 potestis
867 873 983 909 aliter
999 884 1119 920 quam
1138 872 1204 908 hic
1225 883 1386 907 manere
1408 872 1447 907 in
1466 879 1695 912 aeternum;
1720 882 1793 906 vos

293 927 390 963 estis
416 927 455 962 in
482 927 616 962 medio
641 927 740 973 ejus,
764 927 831 962 ubi
858 933 999 962 omnes
1021 926 1187 961 deliciae
1210 932 1303 961 sunt
1330 925 1369 960 in
1395 936 1468 960 suo
1493 925 1691 960 centro.'”
1744 924 1794 960 Et

294 990 415 1026 porro
428 980 615 1015 dixerunt
627 980 678 1015 ad
692 980 860 1016 comites
871 979 1012 1026 angeli,
1028 979 1140 1015 “Hic
1153 989 1260 1014 nunc
1274 990 1343 1025 per
1356 990 1478 1013 unum
1492 978 1598 1013 diem
1617 984 1658 1013 et
1676 978 1794 1012 dimi-

294 1033 404 1068 dium
422 1033 621 1074 sedimus;
654 1039 695 1068 et
720 1033 814 1079 quia
830 1033 981 1079 absque
998 1043 1069 1078 spe
1088 1032 1317 1068 inveniendi
1335 1031 1487 1067 exitum
1508 1042 1656 1072 sumus,
1677 1042 1793 1077 repo-

293 1085 445 1121 suimus
460 1097 533 1121 nos
547 1097 667 1132 super
681 1092 815 1122 roseto
827 1085 915 1127 hoc,
927 1092 969 1121 et
982 1084 1210 1132 speetamus
1223 1085 1372 1120 circum
1385 1096 1459 1120 nos
1473 1085 1512 1119 in
1527 1084 1643 1130 copia
1654 1084 1791 1125 olivas,

293 1149 402 1179 uvas,
421 1139 602 1174 aurantia
622 1145 663 1175 et
683 1139 825 1180 citros;
858 1139 929 1174 sed
947 1149 1028 1186 quo
1046 1139 1134 1185 plus
1153 1138 1220 1173 illa
1237 1137 1473 1185 spectamus,
1491 1148 1540 1173 eo
1560 1138 1647 1183 plus
1666 1137 1793 1172 delas-

293 1198 405 1227 satur
423 1191 531 1227 visus
552 1192 739 1233 videndo,
761 1192 952 1227 odoratus
973 1192 1191 1231 odorando,
1213 1198 1256 1227 et
1279 1197 1421 1238 gustus
1441 1191 1663 1237 gustando:
1694 1190 1793 1225 haec

293 1255 413 1280 causa
433 1251 494 1280 est
516 1245 749 1286 maestitiae,
767 1244 908 1287 luctus,
929 1251 970 1281 et
991 1244 1300 1292 lacrymationis,
1323 1244 1364 1279 in
1385 1244 1530 1291 quibus
1552 1254 1625 1279 vos
1645 1243 1791 1279 videtis

294 1297 403 1333 nos.'’

367 1349 443 1386 His
471 1350 629 1391 auditis,
655 1351 821 1397 angelus
850 1351 1029 1387 cohortis
1058 1350 1161 1386 dixit
1191 1350 1278 1391 illis,
1311 1355 1332 1369 ‘⁴
1346 1350 1417 1386 Est
1447 1350 1512 1386 hic
1541 1349 1791 1396 labyrinthus

293 1403 561 1449 paradisiacus
578 1414 671 1440 vere
685 1404 873 1440 introitus
891 1404 932 1439 in
949 1404 1123 1445 caelum;
1149 1404 1242 1439 novi
1263 1404 1424 1444 exitum,
1438 1410 1479 1457 et
1497 1404 1665 1439 educam
1683 1403 1791 1439 vos.''

295 1455 371 1491 His
396 1455 524 1496 dietis,
545 1457 731 1492 sedentes
751 1463 1020 1498 surrexerunt,
1041 1464 1084 1492 et
1110 1457 1281 1503 amplexi
1303 1457 1500 1503 angelum,
1522 1463 1563 1491 et
1594 1467 1675 1491 una
1699 1467 1790 1491 cum

291 1508 459 1544 cohorte
472 1509 559 1555 ejus
572 1509 755 1545 comitati
768 1516 863 1545 sunt
881 1510 1004 1546 illum.
1048 1509 1098 1545 Et
1111 1510 1276 1557 angelus
1295 1510 1334 1545 in
1348 1510 1413 1545 via
1425 1510 1565 1545 docuit
1580 1510 1679 1550 illos,
1694 1509 1790 1556 quid

289 1564 480 1610 gaudium
494 1564 666 1600 caeleste
679 1570 721 1600 et
739 1563 832 1599 inde
845 1562 1015 1599 felicitas
1027 1569 1199 1603 aeterna,
1214 1563 1321 1608 quod
1342 1574 1422 1598 non
1437 1563 1518 1598 sint
1536 1563 1701 1599 deliciae
1719 1575 1788 1610 pa-

289 1615 506 1652 radisiacae
523 1623 711 1652 externae
730 1616 806 1652 nisi
823 1616 940 1652 simul
957 1626 1049 1651 cum
1069 1616 1145 1651 illis
1160 1615 1243 1651 sint
1261 1615 1427 1651 deliciae
1442 1616 1710 1662 paradisiacae
1729 1617 1787 1652 in-

288 1675 426 1705 ternae
440 1680 450 1710 ;
472 1669 668 1705 “deliciae
686 1669 956 1716 paradisiacae
968 1675 1156 1705 externae
1173 1675 1266 1704 sunt
1277 1669 1399 1704 modo
1413 1669 1580 1705 deliciae
1597 1680 1786 1705 sensuum

286 1722 475 1768 corporis,
493 1729 536 1758 at
555 1722 722 1758 deliciae
742 1722 1012 1769 paradisiacae
1034 1722 1213 1758 internae
1233 1728 1327 1758 sunt
1344 1721 1510 1758 deliciae
1527 1721 1784 1758 affectionum

285 1775 462 1817 animae;
483 1775 559 1811 hae
573 1775 648 1811 nisi
663 1775 702 1810 in
717 1775 794 1811 illis
807 1775 898 1816 sint,
913 1786 994 1811 non
1006 1782 1067 1812 est
1080 1776 1164 1811 vita
1174 1775 1367 1815 caelestis,
1379 1775 1474 1821 quia
1487 1786 1567 1810 non
1579 1781 1641 1811 est
1651 1774 1787 1810 anima

287 1827 326 1863 in
342 1827 439 1863 illis:
464 1834 505 1863 et
523 1839 642 1864 omne
656 1828 842 1864 delicium
856 1828 1006 1875 absque
1023 1840 1096 1864 sua
1112 1829 1450 1874 correspondente
1464 1828 1607 1868 anima,
1621 1839 1671 1863 ex
1689 1838 1784 1863 con-

285 1881 403 1916 tinuo
420 1881 666 1927 elanguescit
684 1888 725 1917 et
745 1882 950 1927 torpescit,
968 1888 1010 1917 et
1028 1882 1116 1927 plus
1134 1882 1308 1917 delassat
1325 1882 1502 1917 animum
1522 1892 1643 1927 quam
1661 1881 1784 1916 labor.

286 1932 389 1969 Sunt
410 1934 539 1969 ubivis
561 1934 600 1969 in
622 1934 742 1970 caelis
763 1934 869 1970 horti
893 1934 1139 1980 paradisiaci,
1161 1942 1202 1970 et
1231 1946 1280 1970 ex
1301 1934 1363 1970 his
1381 1934 1502 1969 etiam
1524 1940 1618 1969 sunt
1638 1933 1785 1980 gaudia

285 1986 447 2033 angelis,
468 1994 510 2022 et
538 1994 733 2033 quantum
765 1987 805 2022 in
832 1987 909 2023 illis
935 1994 996 2023 est
1021 1988 1210 2023 delicium
1231 1988 1398 2028 animae,
1419 1994 1576 2023 tantum
1598 1993 1693 2022 sunt
1718 1986 1786 2022 illa

283 2039 430 2086 gaudia
449 2040 525 2075 illis
542 2040 723 2087 gaudia.’'

358 2091 433 2128 His
455 2093 612 2134 auditis,
631 2093 913 2140 quaesiverunt
934 2104 1084 2135 omnes,
1104 2092 1244 2140 “Quid
1265 2099 1327 2129 est
1347 2093 1534 2128 delicium
1557 2092 1723 2134 animae,
1742 2099 1783 2128 et

285 2144 392 2180 unde
410 2145 487 2180 hoc
497 2145 538 2181 ?’'

359 2197 584 2244 Respondit
600 2199 776 2246 angelus,
794 2204 815 2218 ‘⁸
829 2199 1027 2235 Delicium
1045 2199 1201 2235 animae
1222 2205 1284 2235 est
1304 2210 1353 2234 ex
1369 2209 1506 2234 amore
1526 2205 1567 2234 et
1588 2198 1785 2244 sapientia

284 2260 309 2285 a
326 2249 521 2292 Domino;
547 2259 588 2287 et
605 2253 698 2298 quia
715 2263 828 2288 amor
845 2259 906 2288 est
923 2252 1110 2293 efficiens,
1122 2259 1163 2288 et
1181 2259 1242 2288 est
1255 2252 1431 2288 efficiens
1450 2263 1520 2298 per
1532 2251 1782 2298 sapientiam,

285 2301 376 2339 ideo
389 2310 451 2339 est
464 2304 670 2351 utriusque
684 2306 800 2341 sedes
815 2305 853 2340 in
868 2305 1024 2346 effectu,
1037 2313 1078 2341 et
1091 2305 1330 2341 effeetusrest
1343 2316 1456 2341 usus..
1492 2304 1582 2340 Hoc
1595 2304 1783 2340 delicium

284 2366 309 2391 a
327 2355 502 2392 Domino
521 2357 651 2392 influit
672 2358 712 2393 in
729 2358 916 2399 animam,
935 2365 975 2394 et
996 2359 1205 2394 descendit
1223 2370 1292 2405 per
1309 2357 1515 2404 superiora
1535 2364 1576 2393 et
1598 2357 1784 2393 inferiora

285 2409 430 2444 mentis
449 2409 488 2444 in
507 2420 646 2446 omnes
663 2422 802 2447 sensus
820 2411 1010 2457 corporis,
1024 2418 1065 2447 et
1084 2412 1222 2457 implet
1239 2423 1282 2447 se
1301 2411 1339 2446 in
1360 2411 1455 2451 illis;
1483 2411 1574 2445 inde
1590 2410 1781 2457 gaudium

285 2460 331 2496 fit
350 2462 552 2508 gaudium,
574 2470 615 2499 et
649 2463 693 2499 fit
717 2471 924 2499 aeternum
952 2465 1001 2500 ab
1028 2465 1207 2500 Aeterno
1233 2476 1256 2500 a
1281 2463 1384 2511 Quo.
1435 2463 1603 2498 Vidistis
1626 2463 1781 2509 paradi-

284 2513 409 2555 siaca;
438 2522 480 2551 et
499 2526 685 2552 assevero
702 2517 827 2558 vobis,
846 2518 954 2564 quod
977 2529 1058 2553 non
1079 2517 1229 2563 aliquid
1253 2518 1304 2552 ibi
1327 2517 1388 2558 sit,
1413 2528 1461 2552 ne
1483 2516 1643 2563 quidem
1667 2515 1782 2551 folio-

285 2566 379 2608 lum,
397 2569 506 2614 quod
526 2579 605 2604 non
623 2576 685 2605 est
702 2581 751 2605 ex
767 2571 956 2617 conjugio
970 2571 1117 2606 amoris
1135 2578 1176 2606 et
1193 2570 1412 2616 sapientiae
1431 2570 1470 2604 in
1489 2581 1582 2610 usu;
1608 2579 1731 2615 quare
1747 2567 1781 2603 si

286 2618 408 2656 homo
427 2620 466 2656 in
485 2621 562 2657 hoc
579 2629 650 2663 est,
669 2629 730 2658 est
749 2623 787 2658 in
807 2623 990 2669 paradiso
1009 2623 1181 2663 caelesti,
1202 2623 1257 2658 ita
1275 2624 1313 2658 in
1332 2623 1479 2658 caelo.”

356 2681 411 2718 9.
447 2673 544 2710 Post
562 2674 660 2710 haec
676 2676 840 2722 angelus
859 2675 1003 2712 ductor
1020 2677 1139 2712 rediit
1158 2677 1197 2711 in
1215 2677 1366 2716 aedem,
1385 2676 1434 2711 ad
1456 2675 1554 2715 illos,
1573 2674 1640 2720 qui
1660 2673 1781 2708 firmi-

286 2731 348 2760 ter
366 2725 441 2760 sibi
462 2735 747 2772 persuaserant‚
766 2729 875 2774 quod
893 2729 1083 2775 gaudium
1106 2729 1277 2764 caeleste
1298 2736 1338 2764 et
1360 2728 1528 2764 felicitas
1545 2734 1707 2762 aeterna
1728 2726 1780 2761 sit

287 2784 478 2823 perpetua
505 2780 743 2826 glorificatio
778 2781 864 2822 Dei,
891 2792 938 2817 ac
971 2782 1010 2816 in
1040 2789 1247 2818 aeternum
1277 2792 1500 2828 perennans
1530 2780 1697 2819 festum:
1731 2789 1780 2813 ex

287 2839 415 2870 causa,
437 2831 530 2876 quia
556 2832 596 2867 in
622 2834 772 2869 mundo
792 2835 1045 2870 crediderant
1065 2835 1173 2881 quod
1199 2842 1296 2870 tunc
1321 2835 1444 2870 visuri
1469 2834 1549 2869 sint
1576 2832 1717 2872 Deum,
1739 2837 1781 2867 et

289 2882 382 2927 quia
397 2883 480 2919 vita
496 2885 592 2920 caeli
611 2896 660 2921 ex
677 2887 788 2921 cultu
808 2887 881 2923 Dei
899 2894 1066 2923 vocatur
1083 2894 1319 2934 perpetuum
1341 2888 1599 2924 Sabbathum.

361 2933 435 2970 His
452 2937 615 2983 angelus
633 2938 745 2979 dixit,
761 2944 781 2958 ¹⁴
794 2939 1014 2986 Sequimini
1031 2951 1105 2980 me,
1119 2947 1160 2976 et
1179 2941 1428 2976 introducam
1444 2952 1516 2976 vos
1535 2942 1571 2976 in
1587 2941 1778 2987 gaudium

289 2988 498 3024 vestrum.''
545 2989 594 3025 Et
613 2990 833 3027 introduxit
848 2992 936 3028 illos
956 2993 995 3027 in
1014 3004 1175 3039 parvam
1191 2995 1340 3034 urbem,
1357 2994 1396 3029 in
1414 2995 1529 3040 eujus
1544 2995 1676 3030 medio
1693 3001 1779 3030 erat
