2014 3386
511 361 578 394 DE
610 359 790 400 AMORE
821 358 1247 402 CONJUclAL1.—N.
1277 362 1370 403 320.
1603 363 1684 407 253

188 488 341 518 sexus.
399 485 440 526 4.
473 472 520 515 Si
538 473 959 514 administrationes
978 472 1269 514 continentes
1286 472 1392 514 foris
1410 472 1686 515 abstrahunt

189 546 394 582 mentem
419 551 446 579 a
470 537 762 579 familiaribus
789 537 927 586 dorni,
955 542 1003 578 et
1028 536 1134 577 inde
1160 536 1331 590 absque
1357 549 1477 577 nova
1501 533 1687 578 domina

189 604 374 646 timetur
399 613 615 642 aerumna
641 606 688 641 et
716 614 861 640 casus.
926 609 960 652 5.
996 598 1042 640 Si
1068 605 1225 640 mutua
1257 599 1427 640 auxilia
1458 606 1505 641 et
1537 599 1686 641 officia

188 672 400 721 poscunt,
434 671 484 706 ut
521 665 566 705 in
597 664 732 704 variis
770 664 967 716 negotiis
1003 669 1051 704 et
1089 664 1252 716 operis.
1313 663 1352 704 6.
1386 663 1629 704 Praeterea
1660 677 1687 704 a

187 730 324 784 genio
356 727 561 781 conjugis
592 727 791 780 separati
823 732 899 768 aut
930 732 1184 780 separatae,
1219 727 1406 780 pendet,
1440 739 1547 767 num
1579 733 1686 780 post

188 794 381 848 primum
408 791 669 844 conjugium
701 791 845 844 possit
871 796 950 831 aut
977 803 1068 830 non
1101 791 1247 842 possit
1273 790 1424 831 vivere
1451 789 1575 831 solus
1607 803 1687 831 seu

187 857 358 910 absque
385 862 612 897 consorte.
673 864 712 906 7.
746 853 1016 907 Conjugium
1040 853 1320 907 praecedens
1347 854 1485 894 etiam
1508 853 1581 894 vel
1604 854 1686 895 dat

188 921 399 962 timorem
423 933 505 973 pro
530 919 626 959 vita
651 916 914 970 conjugiali,
941 916 1014 958 vel
1047 917 1127 957 dat
1158 916 1360 957 favorem
1383 930 1466 970 pro
1492 916 1584 957 illa.
1646 918 1684 958 8.

187 983 357 1025 Audivi
379 983 500 1036 quod
524 995 651 1023 amor
668 981 1003 1035 polygamicus,
1024 987 1070 1021 et
1094 993 1223 1021 amor
1245 994 1398 1028 sexus,
1424 986 1522 1021 tum
1545 980 1685 1021 libido

187 1046 514 1095 deflorationis,
547 1059 599 1087 ac
641 1045 783 1086 libido
822 1045 1073 1092 varietatis,
1107 1044 1391 1097 quorundam
1432 1044 1609 1084 animos
1641 1045 1686 1084 in

187 1110 444 1164 cupidinem
476 1110 534 1150 ad
566 1110 733 1150 iterata
765 1107 975 1161 conjugia
1007 1107 1297 1157 induxerint;
1331 1113 1380 1147 ut
1407 1113 1455 1148 et
1486 1110 1684 1160 quorun-

187 1173 295 1215 dum
317 1174 508 1222 animos
533 1173 720 1214 timores
743 1171 857 1225 legis
880 1177 926 1212 et
948 1170 1109 1219 famae,
1134 1171 1171 1211 si
1193 1170 1492 1211 moechantur
1513 1184 1520 1210 :
1555 1184 1686 1224 prae-

187 1244 259 1279 ter
275 1237 403 1291 plura
425 1237 528 1286 alia,
548 1250 662 1290 quae
685 1235 1007 1276 inclinationes
1025 1240 1244 1275 externas
1265 1234 1323 1274 ad
1345 1234 1685 1275 matrimonium

187 1307 475 1355 promovent.

270 1375 405 1419 320.
449 1363 547 1417 (iii.)
585 1362 714 1414 Quod
733 1362 840 1411 illis,
865 1361 1022 1415 quibus
1045 1360 1244 1412 nonfuit
1268 1374 1395 1401 amor
1414 1374 1518 1401 vere
1540 1363 1685 1416 cmgju-

181 1427 339 1481 gialis,
367 1427 486 1468 nz'lzz'l
511 1427 651 1467 obstet
673 1433 715 1467 et
744 1426 872 1475 obsit,
900 1425 1006 1479 quin
1037 1423 1371 1465 matrimonium
1401 1423 1564 1464 iterato
1587 1437 1685 1464 con—

187 1490 561 1540 trahant—Illis,
589 1491 749 1544 quibus
782 1503 872 1531 non
905 1489 987 1530 suit
1018 1501 1147 1529 amor
1178 1487 1462 1540 conjugialis,
1491 1501 1582 1527 non
1615 1495 1686 1528 est

187 1555 369 1609 aliquod
395 1554 625 1596 vinculum
657 1553 892 1607 spirituale
924 1566 1002 1593 seu
1034 1553 1276 1600 internum,
1305 1551 1385 1591 sed
1419 1551 1557 1591 modo
1588 1551 1687 1591 vin-

187 1619 338 1661 culum
371 1618 579 1659 naturale
611 1632 690 1659 seu
722 1623 990 1666 externum;
1019 1622 1066 1657 et
1099 1616 1134 1656 si
1166 1628 1257 1655 non
1284 1613 1512 1654 vinculum
1545 1615 1687 1655 inter-

188 1696 295 1724 num
322 1683 530 1724 continet
557 1687 802 1722 externum
833 1681 878 1721 in
910 1693 991 1720 suo
1017 1679 1175 1720 ordine
1198 1684 1245 1719 et
1271 1684 1446 1726 tenore,
1475 1677 1561 1718 hoc
1595 1691 1686 1718 non

187 1747 391 1800 persistit
432 1745 566 1786 aliter
605 1757 740 1799 quam
781 1744 898 1785 sicut
938 1743 1077 1784 fascia
1117 1742 1274 1783 ablato
1315 1741 1528 1794 ligaculo‚
1571 1755 1686 1795 quae

187 1810 349 1852 diffluit
396 1809 645 1851 secundum
685 1806 855 1861 jactum
901 1820 980 1848 seu
1019 1812 1232 1847 ventum:
1281 1818 1417 1845 causa
1457 1811 1543 1853 est,
1585 1804 1688 1858 quia

187 1873 396 1915 naturale
419 1879 566 1914 ortum
589 1885 718 1913 suum
741 1872 866 1912 ducit
890 1884 916 1911 a
942 1869 1178 1924 spirituali,
1198 1876 1244 1910 et
1268 1869 1311 1909 in
1335 1882 1415 1908 sua
1437 1867 1689 1909 existentia

188 1951 280 1979 non
302 1937 423 1978 aliud
450 1943 520 1978 est
543 1949 678 1990 quam
701 1935 939 1988 congeries
962 1948 1022 1974 ex
1045 1932 1352 1987 spiritualibus
1375 1938 1686 1985 congregata;

188 2015 326 2056 quare
352 2001 388 2042 si
415 2000 621 2042 naturale
648 2006 883 2053 separatur
908 2012 934 2039 a
960 2011 1040 2038 suo
1058 1995 1293 2050 spirituali,
1322 1995 1442 2049 quod
1470 1995 1688 2048 produxit

190 2072 237 2107 et
263 2066 389 2119 quasi
411 2065 571 2118 genuit
598 2063 722 2112 illud,
747 2076 837 2104 non
870 2062 1134 2103 continetur
1159 2059 1353 2113 amplius
1379 2059 1578 2107 interius,
1607 2058 1688 2099 sed

190 2130 329 2171 modo
350 2129 553 2170 exterius
579 2142 605 2169 a
636 2126 872 2180 spirituali,
900 2125 1021 2179 quod
1054 2124 1305 2166 circumdat
1332 2129 1378 2164 et
1405 2122 1545 2163 vincit
1577 2121 1687 2162 illud

188 2193 233 2234 in
260 2193 503 2241 communi,
533 2198 580 2233 et
606 2204 696 2232 non
730 2190 840 2231 illud
873 2189 1066 2242 colligat
1098 2193 1145 2229 et
1178 2186 1448 2239 colligatum
1480 2191 1612 2226 tenet
1642 2185 1687 2225 in

188 2256 430 2310 singulari:
464 2255 568 2296 inde
601 2261 686 2303 est,
720 2253 840 2308 quod
873 2251 1081 2294 naturale
1113 2256 1376 2304 separatum
1408 2263 1434 2290 a
1465 2247 1688 2302 spirituali

188 2320 308 2374 apud
350 2320 463 2360 duos
503 2318 736 2371 conjuges,
770 2331 862 2358 non
902 2316 1039 2358 faciat
1079 2314 1278 2368 aliquam
1320 2310 1687 2365 conjunctionem

189 2384 421 2431 mentium,
441 2389 488 2424 et
515 2383 579 2423 sic
603 2395 694 2422 non
717 2381 1024 2428 voluntatum,
1049 2379 1129 2420 sed
1151 2377 1298 2419 solum
1321 2373 1688 2428 conjunctionem

188 2447 438 2501 aliquarum
479 2444 770 2486 affectionum
812 2451 1121 2490 externarum,
1156 2454 1270 2495 quae
1303 2439 1552 2481 cohaerent
1585 2450 1687 2478 cum

189 2510 397 2551 sensibus
419 2510 634 2562 corporis.
695 2507 830 2561 Quod
853 2507 1021 2548 talibus
1045 2505 1154 2546 nihil
1177 2505 1332 2546 obstet
1355 2509 1402 2543 et
1429 2502 1561 2549 obsit,
1582 2500 1688 2554 quin

189 2573 481 2614 matrimonia
506 2573 672 2614 iterata
698 2572 876 2626 possint
900 2569 1184 2617 contrahere,
1210 2573 1280 2608 est
1301 2566 1404 2620 quia
1426 2563 1689 2606 essentialia

190 2635 388 2689 conjugii
415 2649 505 2676 non
532 2635 620 2676 illis
645 2635 841 2683 fuerunt,
865 2640 911 2675 et
939 2632 1044 2673 inde
1076 2631 1164 2672 illis
1191 2643 1274 2671 nec
1301 2635 1407 2683 post
1434 2627 1686 2681 separatio-

191 2713 295 2741 nem
327 2713 407 2754 per
438 2706 634 2740 mortem
666 2698 816 2752 aliqua
841 2698 1023 2746 insunt;
1056 2695 1160 2736 ideo
1187 2700 1296 2735 tunc
1329 2694 1373 2734 in
1405 2692 1543 2746 pleno
1569 2690 1686 2731 arbi-

191 2763 281 2804 trio
306 2768 427 2812 sunt,
452 2761 685 2803 sensuales
717 2774 820 2801 suas
851 2757 1114 2800 affectiones
1147 2757 1303 2810 ligare,
1331 2756 1366 2795 si
1394 2755 1554 2795 viduus
1585 2764 1687 2793 cum

192 2839 473 2880 quacunque,
498 2831 544 2866 et
569 2825 605 2866 si
626 2824 760 2865 vidua
782 2836 883 2865 curn
906 2834 1188 2876 quocunque,
1214 2819 1340 2860 lubet
1366 2824 1412 2858 et
1436 2817 1570 2857 licet:
1604 2815 1688 2868 ipsi

194 2902 278 2930 nec
303 2888 437 2930 aliter
463 2888 520 2929 de
546 2887 765 2941 conjugiis
791 2899 925 2941 quam
953 2883 1215 2926 naturaliter
1237 2882 1459 2935 cogitant,
1484 2885 1530 2919 et
1553 2890 1686 2931 quam

194 2965 255 2993 ex
281 2952 534 2993 commodis
566 2957 752 3005 propter
776 2950 924 2991 varias
950 2947 1253 2989 necessitates
1280 2951 1326 2986 et
1352 2943 1577 2984 utilitates
1602 2954 1686 2981 ex-

195 3021 364 3066 ternas,
388 3028 502 3070 quae
529 3027 608 3069 per
633 3019 829 3056 mortem
855 3012 1019 3054 iterum
1045 3015 1236 3064 possunt
1264 3021 1342 3062 per
1368 3005 1502 3047 aliam
1529 3017 1685 3059 perso-
