2014 3386
291 332 371 375 186
751 343 993 377 DELICIAE
1021 343 1326 378 SAPIENTIAE

284 456 396 493 caelo
421 454 653 492 immediate
677 466 797 502 supra
823 455 922 496 illos,
949 456 1017 503 qui
1051 454 1322 496 1¹lclamabant,
1352 455 1418 493 “O
1447 468 1567 504 quam
1596 457 1781 499 eruditi‚··

254 521 261 526 ⁴
284 515 412 546 erant.

359 563 411 598 Et
435 562 595 598 locutus
620 573 711 597 cum
738 562 815 597 illis
840 562 891 598 de
916 562 1102 603 clamore,
1127 569 1170 598 et
1199 563 1395 604 dixerunt,
1414 563 1522 610 quod
1551 563 1698 600 eruditi
1724 563 1783 599 illi

284 621 431 656 essent,
449 615 519 661 qui
537 615 667 651 solum
686 615 984 656 ratiocinantur,
1004 627 1096 650 num
1111 618 1167 651 sit
1182 615 1245 652 vel
1263 627 1337 651 non
1353 618 1416 657 sit,
1434 623 1476 652 et
1493 627 1583 652 raro
1599 617 1782 663 cogitant

284 668 388 714 quod
404 670 463 703 ita
484 670 537 703 sit
549 681 567 710 ,·
592 673 744 714 “quare
763 675 856 703 sunt
873 668 976 704 sicut
993 669 1100 704 venti
1120 669 1188 715 qui
1206 669 1303 716 flant
1320 675 1358 705 et
1377 676 1596 710 transeunt,
1615 680 1661 705 ac
1678 669 1783 706 sicut

284 721 454 757 cortices
471 721 619 756 circum
637 722 797 756 arbores
815 721 918 766 121qui
936 721 1086 767 absque
1104 721 1279 757 medulla
1294 729 1397 763 sunt,
1414 729 1484 758 aut
1501 723 1607 758 sicut
1623 729 1783 759 crustae

284 774 432 809 circum
447 774 678 820 amygdalas
690 775 840 820 absque
855 774 1009 814 nucleo,
1024 781 1095 809 aut
1108 774 1211 810 sicut
1224 775 1451 821 superficies
1465 775 1614 811 circum
1629 774 1782 811 fruetus

285 828 434 873 absque
452 838 591 868 carne;
617 838 709 862 nam
731 834 887 862 mentes
905 827 1064 862 illorum
1083 834 1177 862 sunt
1193 828 1343 874 absque
1361 828 1538 864 interiori
1558 828 1723 874 judicio,
1741 835 1784 864 et

286 881 408 916 modo
425 880 562 915 unitae
579 891 670 915 cum
688 880 870 916 sensibus
887 880 1084 926 corporis:
1110 891 1231 926 quare
1256 882 1289 916 si
1315 893 1396 917 non
1423 881 1496 927 ipsi
1517 892 1658 917 sensus
1677 881 1784 927 judi-

285 940 389 974 cant,
415 933 515 968 nihil
543 940 714 979 possunt
739 933 998 974 concludere;
1031 934 1165 973 verbo,
1191 940 1285 969 sunt
1311 944 1417 968 mere
1442 934 1658 974 sensuales,
1685 941 1726 969 et
1758 944 1784 970 a

286 986 402 1022 nobis
427 994 623 1022 vocantur
648 986 971 1021 ratiocinatores:
1004 993 1202 1021 vocantur
1226 986 1537 1027 ratiocinatores,
1563 987 1658 1032 quia
1689 998 1783 1022 nus-

284 1051 404 1085 quam
423 1040 672 1075 concludunt
688 1039 850 1085 aliquid,
870 1039 939 1075 sed
958 1046 1166 1074 assumunt
1182 1039 1371 1085 quicquid
1389 1040 1567 1081 audiunt,
1582 1051 1628 1075 ac
1646 1040 1783 1085 dispu-
1840 1077 1841 1080 ,

283 1099 373 1128 tant
391 1104 486 1128 num
505 1093 568 1133 sit,
582 1093 731 1139 jugiter
743 1092 1078 1133 contradicend03
1105 1092 1203 1127 nihil
1222 1093 1310 1138 plus
1327 1099 1464 1128 amant
1480 1104 1599 1139 quam
1617 1092 1782 1139 aggredi

286 1146 392 1192 ipsas
410 1146 612 1186 veritates,
631 1153 672 1181 et
690 1146 747 1182 sic
766 1146 851 1181 illas
869 1145 1093 1190 discerpere
1112 1145 1312 1181 mittendo
1334 1145 1373 1180 in
1394 1146 1504 1182 lites:
1528 1146 1570 1181 hi
1590 1152 1695 1186 sunt,
1712 1145 1782 1192 qui

285 1200 456 1235 credunt
473 1210 515 1235 se
534 1210 626 1245 prae
645 1199 832 1235 omnibus
851 1198 890 1233 in
910 1198 1061 1234 mundo
1079 1198 1293 1234 eruditos.”

358 1252 433 1288 His
444 1253 603 1293 auditis,
616 1252 751 1299 rogavi
762 1252 937 1298 angelos,
953 1258 997 1286 ut
1008 1252 1252 1287 deducerent
1265 1262 1327 1287 me
1338 1251 1386 1286 ad
1401 1251 1499 1287 illos.
1546 1251 1597 1286 Et
1608 1250 1784 1286 deduxe-

285 1313 379 1342 runt
400 1318 464 1342 me
485 1308 535 1342 ad
557 1318 710 1348 cavum,
729 1319 753 1343 a
777 1318 858 1354 quo
878 1307 1025 1353 gradus
1050 1307 1100 1342 ad
1128 1306 1354 1342 inferiorem
1374 1312 1519 1341 terram
1540 1305 1785 1345 tendebant:

285 1365 327 1395 et
353 1359 644 1400 descendimus,
666 1367 707 1395 et
732 1359 858 1395 secuti
885 1370 1022 1395 sumus
1046 1359 1272 1398 clamorem,
1291 1357 1360 1394 “O
1377 1368 1496 1404 quam
1523 1356 1667 1392 eruditi
1681 1357 1712 1397 ;”
1742 1362 1784 1392 et

285 1422 378 1448 ecce
404 1419 519 1448 erant
544 1412 697 1459 aliquot
723 1413 881 1448 centeni
907 1419 1060 1448 stantes
1087 1412 1126 1447 in
1151 1422 1235 1447 uno
1260 1412 1361 1452 loco,
1387 1411 1591 1456 pulsantes
1617 1409 1783 1445 humum

287 1465 468 1511 pedibus.
521 1465 612 1501 Hoc
633 1465 805 1511 primum
825 1466 1001 1507 miratus,
1018 1465 1208 1511 quaesivi,
1229 1464 1341 1500 “Cur
1360 1470 1468 1499 stant
1490 1463 1555 1503 ita,
1574 1468 1615 1498 et
1635 1461 1784 1508 plantis

286 1519 447 1565 pulsant
465 1518 631 1553 humum
644 1519 684 1555 ?¹'
710 1526 751 1554 et
768 1519 861 1560 dixi,
880 1525 900 1538 “
916 1519 982 1554 Sic
999 1525 1168 1564 possunt
1185 1517 1352 1564 pedibus
1369 1526 1560 1552 excavare
1577 1514 1744 1550 solum.¹'

358 1572 422 1607 Ad
438 1572 516 1607 hoc
530 1572 778 1607 subriserunt
791 1572 933 1619 angeli,
948 1579 990 1607 et
1007 1572 1205 1612 dixerunt,
1221 1576 1241 1589 ‘⁴
1252 1571 1461 1616 Apparent
1472 1569 1580 1615 quod
1593 1568 1649 1603 ita
1661 1573 1783 1607 stent.

287 1626 381 1671 quia
399 1625 498 1660 nihil
517 1625 699 1671 cogitant
720 1625 770 1660 de
790 1626 923 1671 aliqua
943 1636 994 1666 re,
1013 1625 1121 1671 quod
1144 1624 1200 1659 ita
1216 1624 1280 1664 sit,
1298 1623 1367 1659 sed
1389 1622 1520 1658 solum
1540 1632 1634 1656 num
1655 1620 1720 1660 sit,
1737 1629 1784 1655 ac

288 1677 470 1724 litigant:
505 1685 546 1713 et
577 1689 668 1713 cum
695 1679 889 1724 cogitatio
917 1689 996 1713 non
1027 1678 1133 1713 ultra
1157 1676 1420 1723 progreditur,
1441 1680 1636 1721 apparent
1661 1672 1784 1708 modo

286 1731 440 1767 calcare
458 1738 499 1767 et
516 1738 643 1766 terere
661 1742 780 1766 unam
799 1732 967 1778 glebam,
986 1738 1027 1766 et
1045 1741 1125 1766 non
1145 1729 1365 1776 progredi.’'

360 1784 417 1820 At
450 1791 548 1819 tunc
572 1784 721 1819 accessi
755 1785 806 1819 ad
839 1783 1202 1830 congregationem.
1223 1789 1264 1817 et
1296 1792 1389 1817 ecce
1413 1779 1660 1826 apparebant
1685 1776 1785 1812 mihi

289 1837 475 1872 homines
502 1837 601 1872 facie
628 1848 708 1872 non
735 1837 934 1877 indecora,
960 1843 1000 1871 et
1031 1836 1070 1871 in
1095 1835 1273 1871 vestibus
1294 1833 1467 1874 ornatis;
1501 1832 1571 1868 sed
1598 1831 1786 1866 dixerunt

288 1890 431 1936 angeli,
448 1890 688 1935 “Apparent
705 1889 805 1924 tales
824 1889 863 1924 in
879 1888 1037 1934 propria
1050 1888 1156 1927 luce:
1182 1893 1223 1922 at
1240 1886 1273 1921 si
1291 1887 1358 1920 lux
1374 1897 1396 1921 e
1414 1885 1526 1920 caelo
1544 1883 1684 1923 influit,
1699 1893 1786 1917 mu-

287 1949 426 1978 tantur
441 1942 572 1983 facies,
591 1949 632 1988 et
652 1953 812 1987 quoque
829 1948 961 1976 vestes
976 1941 1007 1976 :’'
1031 1947 1073 1975 et
1094 1939 1239 1975 facium
1263 1946 1325 1974 est
1346 1939 1418 1979 ita:
1444 1944 1486 1973 et
1505 1944 1604 1972 tunc
1620 1946 1786 1982 appare-

288 1996 386 2031 bant
404 1995 578 2031 faciebus
597 1995 731 2035 furvis,
747 1994 876 2029 induti
891 1993 1016 2029 saccis
1030 1993 1172 2040 nigris;
1198 1992 1268 2028 sed
1287 1992 1374 2027 luce
1392 1991 1467 2026 hac
1480 1988 1694 2029 subtrafia.
1707 1987 1783 2024 visi

289 2055 383 2085 sunt
400 2055 445 2084 ut
463 2048 582 2094 prius.

363 2102 459 2138 Mox
479 2101 637 2136 locutus
658 2111 745 2135 sum
766 2110 856 2134 cum
876 2098 1073 2144 aliquibus
1090 2109 1138 2133 ex
1157 2097 1245 2138 illis,
1263 2103 1304 2132 et
1324 2095 1418 2136 dixi,
1438 2094 1618 2130 “Audivi
1636 2093 1786 2130 clamo-

290 2166 372 2191 rem
398 2155 538 2190 turbae
563 2138 711 2189 circiim
742 2163 826 2192 vos,
846 2151 901 2187 ‘O
927 2162 1044 2197 quarn
1075 2149 1256 2190 eruditi;'
1283 2160 1404 2195 quare
1431 2148 1550 2183 liceat
1579 2148 1628 2183 de
1656 2148 1784 2187 rebus,

289 2219 392 2254 quae
417 2217 596 2244 summae
618 2205 857 2242 eruditionis
878 2211 984 2245 sunt,
1002 2203 1211 2239 vobiscum
1229 2203 1421 2238 ventilare
1442 2201 1613 2247 aliquem
1636 2210 1788 2252 sermo-

292 2261 420 2298 nem.'¹
662 2257 665 2261 ”
1745 2262 1748 2263 ’

365 2314 415 2350 Et
432 2313 738 2359 responderunt,
758 2316 778 2330 ‘¹
793 2310 867 2346 Dic
885 2309 1075 2356 quicquid
1097 2309 1218 2349 lubet,
1232 2315 1272 2344 et
1290 2306 1617 2344 satisfaciemus.”

365 2368 415 2404 Et
433 2367 623 2414 quaesivi,
643 2365 815 2413 “Qualis
834 2364 908 2400 erit
927 2364 1077 2410 religio,
1096 2374 1166 2409 per
1183 2373 1301 2408 quam
1321 2362 1498 2396 salvatur
1515 2361 1638 2396 homo
1653 2359 1693 2396 ?'’

365 2422 415 2458 Et
441 2422 639 2461 dixerunt,
661 2425 682 2446 ‘r‘
699 2420 980 2465 Dispescemus
1006 2417 1108 2452 hanc
1134 2416 1488 2462 interrogationem
1516 2415 1556 2449 in
1574 2415 1726 2461 plures,
1747 2419 1789 2449 et

292 2482 505 2521 antequam
525 2474 596 2509 has
614 2472 896 2511 conclusimus,
914 2481 993 2506 non
1013 2480 1226 2515 possumus
1239 2479 1474 2514 responsum
1490 2468 1605 2503 dare:
1629 2478 1675 2502 ac
1691 2478 1789 2503 ven-

291 2528 424 2564 tilatio
444 2528 587 2562 Prima
609 2526 696 2566 erit,
720 2525 825 2560 Num
848 2524 987 2570 religio
1013 2523 1065 2558 sit
1085 2522 1257 2568 aliquid:
1285 2522 1468 2561 Secunda,
1492 2521 1598 2555 Num
1619 2520 1788 2555 salvatio

292 2582 344 2617 sit
354 2581 418 2616 vel
431 2590 532 2615 non:
558 2580 702 2618 Tertia,
715 2578 820 2613 Num
833 2588 913 2612 una
923 2576 1062 2621 religio
1073 2576 1160 2621 plus
1171 2574 1316 2610 efficiat
1328 2585 1447 2620 quam
1458 2574 1602 2609 altera:
1622 2574 1789 2618 Quarta.

296 2634 401 2670 Num
416 2633 572 2668 caelum
591 2639 632 2667 et
652 2631 850 2666 infernum
866 2630 965 2666 sint:
992 2630 1152 2675 Quinta,
1172 2627 1278 2663 Num
1292 2627 1376 2662 vita
1392 2633 1556 2663 aeterna
1574 2632 1666 2672 post
1684 2635 1790 2660 mor-

293 2695 375 2723 tem
394 2687 466 2727 sit;
493 2693 650 2732 praeter
667 2684 814 2731 plura.''

368 2740 418 2775 Et
435 2739 613 2786 quaesivi
633 2739 683 2774 de
702 2738 840 2784 primo,
859 2737 965 2772 Num
980 2735 1119 2781 religio
1133 2734 1185 2770 sit
1202 2733 1350 2780 aliquid
1365 2744 1373 2769 :
1399 2744 1445 2769 ac
1461 2738 1680 2778 coeperunt
1692 2741 1790 2767 ven·

293 2793 409 2828 tilare
435 2793 513 2828 hoc
537 2791 654 2837 copia
677 2797 1012 2837 argumentorum,
1039 2799 1133 2823 num
1160 2787 1212 2823 sit
1238 2787 1398 2833 religio:
1429 2793 1470 2822 et
1495 2797 1596 2832 quae
1622 2791 1790 2820 vocatur

296 2846 362 2886 ita,
382 2857 477 2880 num
500 2845 553 2881 sit
573 2844 719 2890 aliquid
739 2854 747 2879 t
772 2850 811 2878 et
834 2842 941 2889 petii,
961 2849 1006 2877 ut
1031 2840 1221 2876 referrent
1247 2840 1324 2874 hoc
1344 2840 1394 2875 ad
1416 2838 1789 2886 congregationem:

294 2909 343 2935 ac
369 2898 612 2934 retulerunt:
644 2902 685 2932 et
713 2907 927 2931 commune
955 2905 1188 2940 responsum
1220 2893 1306 2932 fuit.
1333 2893 1440 2938 quod
1471 2891 1694 2938 propositio
1724 2889 1791 2925 illa

296 2958 412 3000 egeat
431 2958 512 2987 tam
530 2949 658 2986 multa
673 2947 942 2995 inquisitione,
961 2955 1006 2983 ut
1023 2958 1102 2982 non
1123 2946 1249 2992 possit
1268 2945 1370 2980 finiri
1391 2946 1495 2980 intra
1511 2954 1730 2991 vesperam.

370 3004 571 3053 Quaesivi,
587 3007 608 3022 ‘⁸
622 3002 727 3038 Num
745 3013 769 3038 a
785 3002 898 3038 vobis
918 3001 1045 3048 possit
1062 3000 1164 3035 finiri
1183 3000 1286 3034 intra
1303 3010 1451 3034 annum
1462 2998 1502 3034 ?''
