2014 3386
296 343 350 398 36
757 355 1004 387 DELICIAE
1037 355 1341 388 SAPIENTIAE

297 468 428 511 Haec
456 469 558 524 quia
584 482 701 512 nunc
734 483 814 524 per
838 470 1079 520 rationem,
1108 476 1154 512 et
1180 470 1312 512 simul
1338 484 1418 525 per
1442 471 1791 526 experientiam,

295 531 567 581 confirmata
587 539 709 582 sunt,
737 533 953 575 ulteriore
979 534 1378 576 demonstratione
1404 548 1495 576 non
1522 541 1678 589 egent.

379 606 470 651 41·
514 595 627 651 (vii.)
666 597 794 648 Quod
828 597 1090 650 spirituales
1127 597 1330 650 Nuptiae
1363 597 1675 652 z‘ntellzgantur
1706 605 1795 653 per

291 658 478 714 Domini
503 659 652 709 verba,
691 660 812 714 quod
835 667 942 713 post
971 660 1335 702 resurrec‘lz'onem
1371 674 1455 702 non
1489 661 1651 703 dentur
1679 668 1791 715 nup-

293 722 573 777 tuz‘.—Apud
595 722 921 777 Evangelz’stas
948 724 1164 777 leguntur
1188 723 1330 770 haec:

359 805 514 847 Quidam
535 805 731 838 Sadducaei
756 813 931 848 negantes
948 804 1249 838 resurre<stionem
1269 807 1537 848 interrogarunt
1552 807 1689 850 Jesum,
1710 807 1791 840 “di-

467 856 600 889 centes,
620 849 805 890 Magister,
828 850 952 882 Moses
972 850 1129 891 scripsit.
1143 875 1167 888 .,
1186 850 1222 883 Si
1242 850 1343 891 cujus
1362 851 1474 883 frater
1492 858 1655 884 mortuus
1672 851 1791 889 fuerit,

467 893 606 925 habens
630 904 789 932 uxorem,
815 894 915 935 isque
940 894 1112 934 improlis,
1137 900 1176 926 ut
1199 895 1305 926 ducat
1329 894 1439 926 frater
1465 895 1544 936 ejus
1568 905 1727 934 uxorem,
1753 901 1791 927 et

468 937 663 969 exsuscitet
675 947 799 969 semen
813 938 914 969 {ratri
931 947 996 969 suo
1011 949 1016 970 :
1039 937 1198 970 fuerunt.
1213 945 1366 978 ,septem
1381 938 1520 978 fratres,
1534 949 1684 980 quorum
1698 948 1792 971 unus

468 987 551 1022 post
567 982 730 1020 alterum,
748 987 964 1022 acceperunt
980 991 1129 1013 uxorem
1146 991 1153 1020 ς
1178 982 1429 1023 sed-improles
1447 983 1579 1015 mortui
1596 989 1681 1015 sunt
1694 992 1717 1023 ς.
1732 1007 1740 1014 .
1755 1006 1762 1014 .
1777 1002 1786 1014 .-

467 1025 767 1057 demum..etiam
799 1025 1005 1057 mulier...:
1039 1025 1075 1056 in
1104 1024 1366 1057 resurrectione
1394 1036 1490 1066 ergo,
1516 1026 1617 1067 eujus
1646 1026 1790 1058 illorum

467 1068 528 1100 fiet
543 1070 659 1101 uxor?
694 1093 702 1101 .
717 1093 724 1101 .
738 1094 746 1101 .
761 1069 846 1101 .Sed
863 1069 1086 1109 respondens
1102 1068 1208 1111 Jesus
1225 1070 1314 1101 dixit
1334 1069 1414 1108 illis,
1434 1069 1512 1102 Filii
1529 1070 1662 1102 saeculi
1679 1069 1786 1110 hujus

468 1113 611 1153 nuptias
635 1111 771 1144 faciunt
790 1119 825 1145 et
850 1113 975 1153 nuptui
999 1113 1153 1151 dantur:
1178 1113 1237 1154 qui
1257 1123 1344 1145 vero
1363 1113 1464 1153 digni
1492 1114 1730 1151 habebuntur,
1747 1118 1787 1146 ut

468 1157 649 1188 saeculum
662 1157 811 1188 alterum
824 1162 1100 1197 consequantur,
1112 1162 1147 1188 et
1160 1155 1460 1189 resurrectionem
1472 1167 1493 1188 a
1504 1159 1666 1196 mortuis,
1675 1165 1791 1197 neque

467 1201 611 1240 nuptias
636 1200 778 1238 facient,
797 1209 911 1241 neque
937 1201 1063 1240 nuptui
1079 1201 1282 1238 dabuntur:
1307 1210 1380 1232 non
1401 1201 1497 1232 enim
1523 1201 1614 1232 mori
1634 1200 1791 1242 amplius

468 1250 631 1284 possunt,
649 1244 785 1275 similes
803 1244 900 1276 enim
917 1244 1057 1284 angelis
1077 1250 1172 1282 sunt,
1189 1250 1225 1276 et
1248 1244 1310 1276 filii
1330 1244 1398 1276 Dei
1422 1250 1516 1283 sunt,
1534 1254 1614 1276 cum
1631 1251 1716 1277 sunt
1738 1253 1793 1275 re-

468 1286 700 1319 surrectionis
726 1287 796 1320 filii.
856 1287 962 1329 Quod
989 1293 1110 1319 autem
1138 1294 1328 1328 resurgant
1355 1288 1497 1326 mortui,
1524 1289 1632 1320 etiarn
1666 1288 1792 1320 Moses

467 1331 638 1363 indicavit
651 1331 695 1363 ad
710 1332 846 1368 rubum.
861 1341 940 1363 cum
954 1331 1038 1364 dicit
1053 1332 1248 1363 Dominum
1265 1332 1380 1364 Deum
1396 1331 1605 1370 Abrahami,
1621 1338 1657 1364 et
1672 1332 1793 1364 Deum

469 1374 571 1413 Isaci,
596 1381 632 1407 et
657 1375 772 1407 Deum
797 1375 944 1417 jacobi;
972 1375 1046 1416 jam
1070 1385 1157 1407 vero
1176 1375 1273 1407 Deus
1298 1386 1371 1407 non
1397 1381 1452 1407 est
1476 1382 1700 1408 mortuorum
1725 1377 1790 1409 sed

467 1419 666 1450 viventium
681 1428 689 1456 ;
714 1429 842 1450 omnes
859 1419 956 1451 enim
976 1419 1032 1450 Illi
1049 1419 1175 1452 vivunt
1186 1419 1205 1431 ''
1222 1419 1318 1459 (Luc.
1334 1429 1392 1452 xx.
1407 1420 1514 1460 27-38
1529 1429 1537 1459 ς
1561 1419 1693 1452 Matth.
1706 1420 1792 1454 xxii.

468 1470 573 1502 22-31
590 1471 597 1502 3
621 1463 734 1494 Marc.
751 1463 811 1495 xii.
831 1462 960 1503 18-27).

292 1548 408 1591 Sunt
441 1549 530 1591 duo
556 1563 671 1603 quae
703 1549 926 1591 Dominus
958 1564 1038 1604 per
1067 1548 1181 1592 haec
1214 1549 1398 1602 docuit;
1435 1550 1642 1604 primum,
1670 1550 1792 1606 quod

291 1612 430 1654 homo
452 1619 558 1666 post
581 1619 778 1655 mortem
801 1620 1035 1667 resurgat;
1069 1620 1116 1655 et
1139 1614 1350 1663 alterurn,
1370 1614 1491 1668 quod
1515 1627 1606 1656 non
1629 1614 1794 1656 dentur

292 1677 452 1730 nuptui
474 1677 519 1717 in
546 1676 689 1718 caelo.
753 1675 889 1730 Quod
921 1677 1062 1718 homo
1093 1683 1199 1731 post
1232 1683 1430 1718 mortem
1461 1683 1684 1731 resurgat,
1713 1690 1793 1731 per

291 1740 421 1789 haec,
447 1738 583 1793 Quod
611 1740 736 1782 Deus
758 1754 849 1782 non
877 1741 934 1782 sit
962 1747 1244 1798 mortuorum
1270 1740 1350 1782 sed
1376 1741 1624 1782 viventium
1652 1740 1790 1790 Deus,

291 1810 338 1845 et
357 1804 478 1857 quod
495 1803 750 1853 Abraham,
770 1804 886 1853 Isac,
906 1810 952 1845 et
974 1804 1119 1858 Jacob
1136 1804 1294 1844 vivant
1315 1817 1325 1854 ;
1358 1816 1410 1844 ac
1430 1817 1564 1857 porro
1587 1803 1631 1844 in
1655 1803 1791 1845 Para-

290 1866 398 1908 bola
420 1867 476 1907 de
503 1867 660 1908 Divite
686 1868 731 1908 in
755 1867 953 1917 Inferno,
978 1874 1025 1909 et
1048 1868 1105 1909 de
1129 1867 1305 1908 Lazaro
1327 1867 1372 1907 in
1396 1865 1536 1908 Caelo
1556 1865 1677 1919 (Luc.
1697 1867 1789 1908 xvi.

290 1929 466 1984 22-31).
528 1929 757 1980 Alterum,
792 1931 912 1985 quod
946 1944 1037 1972 non
1070 1931 1235 1972 dentur
1263 1930 1422 1983 nuptui
1454 1930 1498 1971 in
1536 1929 1680 1978 caelo,
1711 1943 1792 1984 per

290 1993 419 2042 haec,
445 1992 581 2046 Quod
608 1994 680 2048 qui
707 1994 832 2047 digni
858 1994 1099 2043 habentur,
1122 2000 1174 2035 ut
1201 1999 1539 2046 consequantur
1560 1992 1791 2034 saeculum

291 2056 500 2105 alterum,
530 2070 620 2098 non
653 2058 834 2110 nuptias
860 2057 1043 2106 saciant,
1071 2070 1217 2111 neque
1250 2056 1407 2109 nuptui
1434 2056 1624 2097 dentur:
1668 2055 1790 2110 quod

291 2133 383 2162 non
401 2119 516 2161 aliae
535 2121 717 2173 nuptiae
735 2120 805 2162 hic
825 2121 1144 2175 intelligantur
1161 2132 1295 2174 quam
1314 2119 1499 2173 nuptiae
1518 2118 1789 2173 spirituales,

291 2188 422 2237 patet
439 2183 678 2224 manifeste
700 2198 760 2224 ex
779 2184 928 2225 verbis
946 2198 1060 2238 quae
1079 2184 1371 2226 continenter
1388 2190 1650 2236 sequuntur,
1670 2182 1791 2236 quod

291 2260 384 2288 non
407 2246 600 2300 amplius
622 2247 799 2300 possint
822 2248 949 2295 mori,
974 2248 1078 2301 quia
1099 2246 1268 2287 similes
1290 2245 1467 2299 angelis
1489 2252 1610 2295 sunt,
1633 2258 1687 2286 ac
1714 2244 1790 2286 filii

292 2310 393 2359 Dei,
422 2323 523 2350 cum
550 2309 626 2351 filii
651 2309 1021 2351 resurreetionis:
1056 2323 1135 2363 per
1161 2310 1343 2364 nuptias
1371 2308 1628 2363 spirituales
1654 2307 1789 2349 intel-

292 2373 447 2426 ligitur
487 2371 747 2426 conjunctio
779 2386 881 2414 cum
914 2373 1129 2422 Domino,
1164 2379 1211 2414 et
1243 2372 1355 2414 haec
1388 2372 1438 2414 fit
1470 2373 1514 2414 in
1546 2372 1704 2422 terris;
1743 2377 1790 2413 et

292 2450 394 2478 cum
420 2434 540 2478 saeta
565 2442 636 2478 est
662 2436 706 2476 in
733 2437 879 2485 terris,
907 2436 1046 2477 etiam
1073 2434 1191 2478 facta
1216 2442 1287 2477 est
1314 2437 1358 2477 in
1385 2435 1550 2487 caelis3
1583 2448 1719 2488 quare
1744 2435 1789 2475 in

292 2500 431 2542 caelis
471 2513 563 2541 non
603 2499 716 2541 fiunt
756 2499 920 2540 iterum
953 2500 1153 2553 nuptiae,
1189 2505 1234 2540 et
1274 2500 1441 2540 dantur
1472 2499 1661 2551 nuptui3
1702 2497 1789 2538 hoc

292 2564 432 2604 etiam
472 2562 747 2616 intelligitur
778 2576 857 2616 per
887 2562 1015 2611 haec,
1052 2562 1193 2603 “Filii
1231 2562 1401 2603 saeculi
1441 2561 1569 2614 hujus
1607 2561 1790 2614 nuptias

292 2627 462 2669 faciunt
489 2632 535 2668 et
563 2626 721 2680 nuptui
747 2626 939 2676 dantur;
972 2626 1048 2679 qui
1074 2639 1183 2667 vero
1209 2626 1335 2678 digni
1361 2625 1588 2665 habentur
1613 2630 1663 2665 ut
1689 2637 1790 2664 sae-

252 2711 256 2716 ·
294 2690 444 2732 culum
461 2689 663 2731 alterum
686 2695 1037 2742 consequantur,
1062 2702 1206 2742 neque
1230 2688 1412 2741 nuptias
1434 2687 1618 2736 faciunt,
1643 2700 1790 2740 neque

294 2754 451 2807 nuptui
490 2751 693 2794 dantur.”
763 2751 823 2793 Hi
863 2764 1043 2806 quoque
1084 2765 1110 2792 a
1151 2751 1350 2792 Domino
1390 2756 1612 2791 vocantur
1648 2749 1790 2791 “Filii

294 2815 583 2870 nuptiarum‘’
624 2814 810 2869 (Mattlz.
842 2815 903 2855 ix.
943 2823 1017 2867 15;
1054 2813 1197 2855 Marc.
1225 2814 1266 2854 ii.
1299 2812 1396 2866 19);
1430 2818 1476 2854 et
1513 2826 1632 2854 nunc
1667 2815 1790 2853 “an-

294 2879 426 2934 geli‚''
455 2878 574 2920 “filii
606 2877 732 2927 Dei,”
764 2883 811 2920 et
845 2877 961 2918 “filii
992 2874 1369 2918 resurreffiionisl’
1430 2874 1566 2928 Quod
1600 2875 1791 2917 “facere

295 2942 508 2996 nuptias'’
539 2942 598 2983 sit
630 2941 844 2994 conjungi
877 2940 1092 2989 Domino,
1125 2945 1173 2980 et
1205 2939 1326 2993 quod
1360 2938 1565 2979 “intrare
1597 2939 1641 2980 in
1673 2951 1789 2992 nup-

295 3006 413 3048 tias’'
440 3007 498 3048 sit
523 3005 661 3059 recipi
686 3004 732 3046 in
757 3003 933 3046 caelum
960 3017 987 3045 a
1013 3003 1226 3052 Domino,
1254 3007 1380 3057 patet
1407 3015 1467 3043 ex
1493 3001 1588 3043 his:
