2014 3386
312 348 398 390 224
692 349 704 361 ⁰
776 347 1020 380 DELICIAE
1052 348 1354 382 SAPIENTIAE

311 461 621 512 occumberet,
649 468 696 504 et
730 463 792 504 sic
826 464 1000 505 sanitas
1032 470 1078 505 et
1112 465 1279 506 mentis
1311 471 1359 507 et
1397 466 1598 520 corporis
1630 466 1810 510 illorum

309 526 713 580 pessumdaretur;
760 526 921 568 horum
962 527 1263 582 periculorum
1304 535 1351 571 et
1392 529 1586 583 plurium
1618 530 1810 573 aliorum

309 590 500 630 timores
522 590 786 631 obsiderent
810 598 989 632 mentes
1012 592 1223 641 virorum,
1243 593 1327 633 nisi
1350 607 1431 646 pro
1453 594 1692 635 sedatione
1714 601 1810 636 tur-

308 652 469 693 barum
495 652 756 694 intellectus
783 654 964 695 illorum
991 655 1114 695 domi
1145 655 1266 708 apud
1297 670 1464 697 uxores
1489 657 1639 698 forent
1665 657 1809 710 asyla.

311 716 554 757 Praeterea
581 730 673 770 pax
701 723 748 758 et
776 717 1086 771 tranquillitas
1118 725 1334 760 serenant
1367 727 1547 761 mentes
1579 727 1626 761 et
1653 721 1810 774 dispo-

310 785 425 819 nunt
450 779 551 820 illas
578 779 636 820 ad
668 786 799 832 grate
822 781 1132 833 recipiendum
1164 781 1514 823 benevolentias
1537 783 1721 824 oblatas
1752 784 1812 825 ab

311 843 541 892 uxoribus,
570 857 684 897 quae
717 857 902 884 omnem
935 858 1120 897 operam
1161 845 1432 899 impendunt
1463 846 1522 887 ad
1553 847 1809 888 sedandum

311 906 454 947 nubes
487 907 725 955 mentium,
760 921 872 960 quas
904 909 1230 961 perspicaciter
1269 909 1390 962 apud
1428 911 1616 951 maritos
1651 911 1808 952 obser-

308 976 449 1021 vant;
482 983 533 1011 ac
557 970 636 1011 illa
660 971 845 1024 insuper
870 978 1120 1012 amoenant
1147 973 1432 1025 praesentias
1463 973 1668 1014 illarum:
1702 974 1809 1015 inde

309 1039 455 1086 patet,
476 1033 598 1087 quod
621 1033 854 1075 simulatio
876 1035 1044 1075 amoris
1067 1035 1183 1076 sicut
1207 1049 1311 1076 vere
1334 1035 1601 1089 conjugialis
1624 1043 1809 1091 propter

308 1109 470 1150 pacem
502 1103 550 1138 et
582 1097 967 1150 tranquillitatem
999 1097 1123 1138 domi
1161 1098 1220 1139 sit
1258 1100 1512 1139 necessitas
1549 1106 1596 1140 et
1629 1113 1806 1153 quoque

307 1160 495 1202 utilitas.
558 1160 772 1210 Accedit,
793 1161 913 1214 quod
932 1162 1054 1214 apud
1077 1176 1245 1203 uxores
1264 1176 1354 1203 non
1377 1163 1468 1204 sint
1492 1162 1808 1204 simulationes

309 1225 425 1265 sicut
452 1224 571 1277 apud
599 1225 744 1275 viros;
778 1225 856 1265 sed
885 1225 921 1265 si
953 1225 1098 1266 instar
1129 1225 1307 1266 illarum
1334 1233 1572 1279 apparent,
1600 1232 1706 1267 sunt
1737 1239 1807 1267 re-

307 1287 392 1329 alis
424 1288 605 1336 amoris,
639 1289 742 1341 quia
774 1294 911 1328 natae
944 1295 1049 1329 sunt
1081 1301 1260 1330 amores
1293 1287 1551 1330 intelle&us
1582 1290 1807 1340 virorum;

307 1365 445 1405 quare
484 1351 662 1392 favores
695 1351 962 1392 maritorum
1002 1351 1200 1405 benigne
1232 1359 1494 1406 acceptant,
1528 1353 1565 1394 si
1606 1366 1698 1394 non
1730 1365 1808 1394 ore

308 1429 450 1469 usque
478 1415 629 1456 corde.

393 1477 525 1519 286.
569 1476 686 1532 (xv.)
724 1477 853 1529 Quod
873 1478 969 1519 sint
993 1485 1184 1533 propter
1201 1479 1384 1532 famam
1408 1486 1540 1520 extra
1561 1479 1808 1520 domum.—

309 1541 542 1583 Fortunae
576 1542 773 1582 virorum
806 1548 854 1583 ut
887 1542 1127 1596 plurimum
1159 1543 1424 1596 dependent
1458 1556 1484 1582 a
1514 1543 1651 1592 fama,
1683 1542 1806 1597 quod

307 1606 400 1646 sint
428 1604 548 1658 justi,
583 1605 744 1645 sinceri
776 1611 823 1646 et
856 1604 992 1656 τεθῇ
1025 1612 1072 1647 et
1104 1606 1217 1646 haec
1250 1606 1370 1647 fama
1402 1607 1541 1647 etiam
1574 1605 1807 1660 dependet

307 1669 366 1710 ab
392 1682 551 1717 uxore,
579 1682 695 1722 quae
727 1669 814 1709 scit
848 1668 941 1721 ejus
968 1670 1112 1710 vitam
1143 1669 1439 1710 familiarem:
1474 1684 1611 1724 quare
1642 1670 1680 1711 si
1710 1670 1802 1711 dis-

306 1729 532 1774 sidentiae
559 1733 780 1773 mentium
809 1732 987 1773 illorum
1014 1733 1059 1773 in
1085 1740 1267 1787 apertas
1294 1734 1565 1782 inimicitias,
1594 1733 1732 1782 rixas,
1756 1739 1805 1776 et

307 1797 398 1837 odii
429 1797 588 1844 minas,
622 1803 928 1849 erumperent,
957 1803 1003 1837 et
1035 1796 1121 1837 hae
1153 1797 1211 1837 ab
1243 1811 1385 1837 uxore
1422 1803 1468 1837 et
1505 1796 1600 1849 ejus
1631 1797 1802 1845 amicis,

307 1873 422 1913 aque
454 1860 720 1900 domesticis
752 1858 1091 1912 evulgarentur,
1123 1859 1254 1900 facile
1287 1867 1576 1901 verterentur
1605 1860 1650 1900 in
1683 1860 1803 1900 vitu·

307 1924 444 1976 peria,
473 1936 588 1976 quae
615 1923 785 1962 nomini
817 1922 910 1974 ejus
937 1922 1151 1963 dedecori
1183 1929 1230 1963 et
1263 1922 1472 1963 infamiae
1505 1922 1664 1963 forent.
1725 1921 1803 1963 Ad

306 1988 418 2030 talia
443 1988 661 2029 evitanda
687 2001 778 2028 non
805 1988 1005 2041 suppetit
1032 1987 1120 2028 alia
1146 1988 1291 2041 copia,
1320 2001 1454 2041 quam
1481 1987 1554 2028 vel
1586 1995 1635 2028 ut
1663 1988 1802 2029 simu-

306 2052 401 2093 late
427 2051 578 2092 faveat
601 2051 746 2096 uxori.
770 2050 843 2092 vel
867 2057 915 2091 ut
938 2057 1205 2104 separentur
1228 2051 1376 2104 quoad
1404 2051 1603 2091 domum.

389 2115 514 2169 287.
558 2112 690 2168 (xvi.)
729 2112 857 2163 Quod
872 2113 965 2154 sint
978 2121 1169 2167 propter
1193 2114 1345 2155 varios
1359 2114 1551 2165 favores
1573 2115 1802 2167 exspec‘la·

306 2185 373 2221 tos
409 2193 438 2220 a
475 2181 663 2234 conjuge,
691 2184 771 2218 aut
800 2178 855 2218 ab
885 2179 977 2233 ejus
1007 2177 1219 2230 cognatis,
1243 2184 1284 2218 et
1313 2177 1377 2217 sic
1399 2183 1593 2230 propter
1624 2178 1803 2219 timores

299 2243 505 2296 J’ac'lurae
533 2241 888 2283 illorum—Hoc
921 2241 971 2282 fit
1005 2241 1223 2293 imprimis
1255 2241 1298 2280 in
1326 2240 1547 2293 conjugiis
1573 2241 1804 2282 dissimilis

305 2311 456 2347 status
487 2311 534 2346 et
567 2304 844 2345 conditionis
878 2303 954 2358 (de
986 2304 1145 2358 quibus
1177 2304 1385 2344 videatur
1416 2317 1563 2357 supra,
1597 2317 1639 2345 n.
1668 2303 1800 2358 250);

304 2370 425 2410 sicut
457 2381 559 2410 cum
600 2368 779 2409 ducitur
811 2382 927 2408 uxor
958 2367 1191 2421 opulenta,
1226 2373 1273 2408 et
1309 2366 1422 2407 haec
1455 2367 1664 2408 recondit
1696 2381 1802 2408 suos

305 2445 516 2473 nummos
542 2432 586 2472 in
614 2431 853 2480 crumenis,
881 2437 960 2472 aut
987 2444 1124 2483 gazas
1150 2431 1194 2470 in
1221 2429 1525 2483 hypothecis;
1559 2436 1605 2471 et
1638 2429 1738 2484 plus
1764 2431 1801 2471 si

305 2493 522 2536 audac‘ter
552 2497 712 2544 instat,
740 2495 861 2549 quod
893 2508 953 2535 ex
985 2494 1141 2535 debito
1173 2494 1323 2534 mariti
1355 2494 1429 2541 sit,
1457 2508 1516 2534 ex
1549 2507 1631 2534 suo
1662 2506 1801 2534 censu

303 2565 350 2600 et
376 2559 525 2600 reditu
552 2565 813 2600 sustentare
839 2558 1050 2608 domum;
1082 2557 1203 2610 quod
1226 2557 1330 2597 inde
1354 2557 1444 2597 sint
1467 2555 1655 2598 coactae
1676 2557 1799 2597 simi-

304 2621 522 2663 litudines
548 2622 714 2662 amoris
741 2622 857 2662 sicut
884 2620 1168 2673 conjugialis,
1197 2620 1502 2660 communiter
1527 2625 1686 2660 notum
1713 2625 1798 2660 est.

304 2684 478 2726 Similia
503 2684 615 2725 fiunt
643 2698 745 2725 cum
773 2698 915 2725 uxore
942 2682 1090 2732 ducta,
1118 2682 1242 2735 cujus
1275 2689 1503 2735 parentes,
1532 2683 1720 2735 cognati
1743 2688 1799 2724 vet

301 2748 449 2798 amici,
477 2748 522 2789 in
554 2747 714 2788 officiis
746 2748 1001 2800 dignitatis,
1029 2747 1074 2787 in
1107 2746 1307 2799 negotiis
1341 2746 1466 2795 lucri,
1494 2751 1541 2787 et
1573 2746 1618 2786 in
1650 2746 1799 2799 operis

302 2811 519 2853 mercium
546 2817 666 2859 sunt,
691 2812 765 2864 qui
788 2811 844 2851 de
871 2816 996 2852 statu
1018 2809 1112 2863 ejus
1134 2809 1405 2863 prosperiori
1431 2815 1622 2862 possunt
1645 2809 1798 2862 dispo-

303 2889 437 2926 nere;
471 2874 591 2929 quod
629 2880 816 2928 propter
852 2874 965 2915 haec
998 2874 1136 2915 etiam
1168 2873 1259 2913 sint
1291 2871 1602 2913 simulationes
1632 2871 1798 2911 amoris

303 2939 421 2980 sicut
452 2937 732 2991 conjugialis,
766 2937 1069 2978 communiter
1100 2942 1260 2977 notum
1292 2941 1374 2976 est.
1437 2934 1573 2988 Quod
1604 2933 1717 2976 haec
1749 2939 1797 2976 et

303 3000 384 3043 illa
409 3001 499 3043 sint
526 3007 713 3055 propter
739 3001 926 3042 timores
947 2998 1149 3054 jacturae
1175 2998 1369 3049 illorum,
1397 3004 1540 3053 patet.
