2014 3386
298 324 378 378 138
757 334 1000 368 DELICIAE
1032 334 1336 368 SAPIENTIAE
1372 349 1379 351 >

293 446 414 501 apud
447 461 615 489 uxores
646 452 693 489 et
722 447 938 499 feminas;
970 448 1093 502 quod
1123 448 1193 490 ita*
1218 448 1293 499 sit,
1325 447 1384 490 ad
1415 448 1568 491 vivum
1608 448 1717 491 mihi
1746 447 1793 492 in

294 511 467 553 mundo
492 511 716 566 spirituali
739 517 978 554 ostensum
1004 518 1089 554 est.

365 600 386 623 ’¹‘
402 599 615 648 Quondam
638 607 724 636 erat
744 612 876 636 sermo
895 601 944 636 de
971 601 1046 636 hac
1071 611 1113 636 re
1140 601 1204 643 ibi,
1223 611 1269 637 ac
1287 601 1362 637 viri
1388 613 1437 637 ex
1463 601 1719 648 persuasione
1744 603 1795 638 ab

293 653 483 689 uxoribus
502 653 714 694 instabant,
733 654 844 699 quod
863 654 919 689 illi
938 661 1086 694 ament,
1105 661 1146 689 et
1164 665 1243 690 non
1262 665 1417 695 uxores,
1435 656 1505 690 sed
1525 655 1632 701 quod
1651 665 1795 691 uxores

294 717 472 742 amorem
494 706 688 752 recipiant
708 707 758 741 ab
780 707 868 742 illis.
919 706 978 743 Ut
998 707 1046 742 lis
1064 707 1183 753 hujus
1203 707 1335 743 arcani
1356 707 1618 749 dirimeretur,
1639 709 1795 744 ablatae
1831 710 1834 715 '

294 766 389 794 sunt
406 770 430 794 a
441 759 536 794 viris
554 770 694 795 omnes
712 758 884 795 feminae
901 770 981 795 una
997 770 1087 795 cum
1101 760 1302 801 uxoribus,
1317 767 1357 796 et
1374 761 1492 796 simul
1510 771 1601 796 cum
1617 761 1692 796 illis
1710 761 1797 807 ipsa

295 812 465 858 sphaera
480 812 627 847 amoris
645 823 762 848 sexus
777 819 932 848 remota
944 819 1004 848 est
1017 824 1025 854 ;
1051 823 1131 859 qua
1147 819 1303 848 remota
1314 813 1388 848 viri
1409 813 1450 848 in
1464 820 1613 849 statum
1632 824 1813 860 prorsus-

295 865 560 912 peregrinum,
579 872 620 901 et
637 866 747 912 prius
761 877 958 911 nusquam
978 873 1220 911 perceptum,
1234 873 1440 907 venerunt,
1458 877 1507 902 ex
1525 877 1605 912 quo
1624 866 1795 901 multum

295 919 505 965 conquesti
531 925 637 955 sunt.
687 919 802 954 Tune
830 929 921 954 cum
957 919 996 953 in
1027 918 1096 962 illo
1125 925 1249 960 erant,
1275 918 1470 954 adductae
1500 926 1594 955 sunt
1623 919 1673 954 ad
1705 919 1796 955 illos

295 972 479 1014 feminae,
498 979 539 1008 et
557 973 607 1007 ad
626 972 791 1007 maritos
809 983 964 1012 uxores,
983 981 1030 1007 ac
1051 972 1126 1007 hae
1143 978 1185 1007 et
1211 971 1300 1007 illae
1320 972 1465 1007 blande
1491 972 1797 1018 alloquebantur

296 1025 406 1067 illos:
433 1026 503 1061 sed
523 1026 573 1061 ad
600 1025 813 1060 blanditias
840 1025 996 1060 illarum
1023 1025 1155 1071 frigidi
1181 1023 1276 1060 faeti
1302 1031 1405 1065 sunt,
1424 1031 1465 1060 et
1490 1031 1722 1060 averterunt
1742 1034 1796 1066 se,

296 1085 338 1114 et
355 1078 542 1114 dixerunt
564 1079 667 1114 inter
687 1089 740 1120 se,
760 1083 780 1097 “
793 1077 899 1125 Quid
919 1077 1025 1114 hoc?
1051 1077 1159 1125 Quid
1181 1077 1329 1113 femina
1339 1077 1379 1114 ?''
1425 1077 1475 1112 Et
1492 1088 1582 1113 cum
1601 1078 1795 1124 quaedam

296 1128 486 1185 dicerent,
509 1132 617 1178 quod
643 1142 788 1167 uxores
815 1131 973 1167 illorum
1000 1137 1145 1171 essent,
1172 1131 1478 1176 respondebant,
1501 1130 1642 1178 “Quid
1667 1130 1796 1167 uxor?

296 1196 378 1221 non
407 1185 688 1231 cognoscimus
718 1184 828 1220 vos.''
877 1184 934 1219 At
962 1195 1053 1219 cum
1083 1195 1228 1219 uxores
1264 1183 1314 1219 de
1349 1183 1424 1219 hac
1460 1194 1621 1229 prorsus
1653 1182 1798 1230 frigida

297 1238 568 1274 indifferentia
599 1238 775 1273 virorum
807 1237 1029 1283 inciperent
1059 1236 1248 1277 indolere,
1278 1243 1318 1272 et
1345 1237 1539 1282 quaedam
1568 1236 1796 1282 lacrymare,

296 1292 466 1338 sphaera
490 1291 636 1326 amoris
662 1301 780 1326 sexus
806 1290 999 1331 feminini,
1021 1296 1061 1325 et
1086 1289 1334 1336 conjugialis,
1356 1300 1458 1335 quae
1484 1288 1677 1324 hactenus
1703 1288 1798 1325 viris

297 1346 430 1380 ablata
446 1344 534 1385 fuit,
552 1343 739 1379 restituta
754 1350 837 1383 est:
863 1350 904 1378 et
921 1349 1019 1378 tunc
1035 1342 1109 1378 viri
1128 1342 1234 1378 illico
1255 1342 1295 1377 in
1315 1349 1464 1378 statum
1483 1341 1654 1387 priorem
1679 1350 1796 1377 suum

298 1398 523 1438 redierunt3
548 1403 746 1433 amatores
763 1396 940 1442 conjugii
967 1396 1006 1430 in
1029 1407 1156 1435 suum,
1175 1402 1216 1431 et
1241 1402 1441 1430 amatores
1467 1406 1585 1430 sexus
1611 1394 1651 1429 in
1668 1405 1798 1430 suum.

299 1451 365 1488 Sic
394 1449 568 1487 convicti
599 1457 692 1486 sunt
720 1450 805 1490 viri,
832 1450 941 1495 quod
972 1449 1072 1484 nihil
1102 1448 1249 1484 amoris
1278 1448 1527 1494 conjugialis.
1554 1458 1604 1483 ne
1633 1446 1796 1493 quidem

298 1504 446 1540 amoris
464 1515 593 1544 sexus,
607 1503 713 1549 apud
733 1503 821 1538 illos
839 1502 1023 1543 resideat,
1038 1502 1107 1538 sed
1126 1502 1255 1537 solum
1274 1501 1379 1547 apud
1397 1512 1541 1536 uxores
1558 1506 1599 1535 et
1617 1499 1798 1535 feminas.

299 1556 379 1593 Sed
398 1569 524 1603 usque
543 1563 683 1603 postea
700 1566 846 1591 uxores
865 1566 914 1591 ex
931 1555 1144 1602 prudentia
1160 1564 1232 1590 sua
1248 1555 1504 1590 adduxerunt
1519 1553 1627 1589 viros
1643 1553 1694 1588 ad
1713 1563 1798 1588 cre·

299 1611 488 1651 dendum,
503 1610 611 1656 quod
629 1620 742 1644 amor
754 1609 926 1644 resideat
943 1608 1050 1655 apud
1063 1608 1182 1649 viros,
1197 1614 1237 1644 et
1250 1607 1358 1654 quod
1375 1607 1509 1653 aliqua
1521 1605 1695 1642 scintilla
1711 1605 1799 1652 ejus

300 1664 426 1711 possit
443 1665 493 1699 ab
511 1663 588 1699 illis
605 1662 775 1698 transire
793 1662 832 1697 in
850 1672 905 1698 se.

300 1757 604 1812 Experientia
634 1756 748 1798 haec
774 1756 847 1798 hic
875 1753 1074 1797 addu&a
1099 1760 1185 1804 est,
1213 1759 1263 1795 ut
1290 1753 1460 1794 sciatur
1483 1751 1604 1806 quod
1630 1765 1798 1793 uxores

300 1822 392 1863 sint
426 1835 618 1869 amoreS‚
653 1826 700 1862 et
731 1820 812 1860 viri
852 1819 1155 1872 receptiones.
1231 1816 1367 1870 Quod
1398 1816 1480 1857 viri
1516 1816 1608 1856 sint
1639 1827 1798 1868 recep-

300 1886 452 1927 tiones
484 1883 733 1925 secundum
761 1883 1035 1936 sapientiam
1062 1880 1181 1935 apud
1207 1894 1270 1929 se,
1297 1879 1516 1933 imprimis
1547 1877 1798 1919 secundum

300 1949 419 1991 hanc
462 1962 523 1989 ex
568 1942 803 2000 religione,
846 1945 966 1999 quod
1011 1944 1111 1986 sola
1153 1957 1270 1985 uxor
1311 1942 1508 1984 amanda
1550 1942 1624 1991 sit,
1666 1946 1797 1995 patet

301 2026 362 2054 ex
405 2025 475 2060 eo,
514 2010 636 2064 quod
679 2009 786 2050 dum
830 2008 929 2049 sola
971 2021 1088 2048 uxor
1124 2013 1317 2055 amatur,
1354 2018 1482 2046 amor
1525 2010 1798 2046 concentre-

302 2082 401 2126 tur;
452 2079 498 2115 et
540 2074 644 2127 quia
684 2073 824 2113 etiam
867 2071 1150 2119 nobilitatur,
1189 2075 1375 2111 maneat
1415 2069 1460 2109 in
1501 2082 1583 2109 suo
1619 2067 1797 2116 robore,

303 2138 531 2180 consistat
571 2143 618 2179 et
658 2136 905 2189 persistat3
946 2140 994 2175 et
1026 2133 1147 2188 quod
1179 2131 1346 2186 alioqui
1382 2131 1515 2180 soret,
1543 2131 1659 2172 sicut
1691 2130 1799 2171 dum

304 2202 506 2244 triticum
547 2214 606 2241 ex
651 2199 815 2241 horreo
856 2196 1087 2252 projicitur
1126 2196 1184 2238 ad
1229 2209 1383 2245 canes,
1425 2194 1545 2236 unde
1584 2193 1636 2236 fit
1675 2192 1800 2235 domi

304 2271 503 2319 egestas.

388 2329 515 2370 162.
558 2325 655 2381 (vi.)
694 2324 823 2377 Quod
837 2323 1075 2380 conjunflz'o
1095 2322 1176 2364 illa
1185 2322 1280 2378 fiat
1299 2336 1328 2363 a
1342 2319 1512 2374 primis
1533 2318 1684 2361 diebus
1700 2332 1799 2360 con-

297 2391 428 2445 jugiz'
439 2389 678 2432 successive
687 2404 707 2437 ‚·
732 2395 774 2430 et
789 2389 909 2442 quod
924 2387 1053 2440 apud
1068 2386 1183 2436 illos,
1203 2385 1283 2440 qui
1299 2385 1344 2426 in
1365 2398 1514 2426 amore
1533 2397 1634 2424 vere
1653 2384 1823 2438 coryza-.-

299 2453 422 2508 gialz'
444 2459 560 2502 sunt,
583 2452 779 2505 penitius
810 2458 852 2492 et
875 2450 1072 2504 penitius
1098 2449 1143 2491 in
1174 2446 1646 2490 aeternum—Primus
1673 2444 1799 2486 calor

305 2516 502 2571 conjugii
539 2529 631 2557 non
662 2514 913 2568 conjungit,
942 2514 1082 2555 trahit
1114 2513 1233 2554 enim
1265 2525 1325 2552 ex
1358 2523 1512 2551 amore
1544 2522 1696 2557 sexus,
1724 2507 1800 2562 qui

306 2587 379 2624 est
404 2580 605 2633 corporis
628 2585 674 2620 et
697 2579 801 2619 inde
825 2578 1031 2631 spiritus;
1066 2583 1112 2618 et
1135 2575 1256 2630 quod
1278 2588 1338 2616 ex
1361 2586 1551 2626 corpore
1573 2573 1618 2612 in
1641 2571 1811 2625 spiritu.

307 2650 393 2692 est,
421 2643 507 2684 hoc
536 2656 627 2683 non
655 2648 858 2683 moratur
883 2641 985 2691 diu;
1018 2640 1097 2681 sed
1130 2651 1257 2679 amor
1283 2637 1357 2691 qui
1389 2643 1459 2677 est
1486 2650 1545 2677 ex
1572 2635 1732 2689 spiritu
1754 2633 1810 2674 in'

307 2720 512 2761 corpore,
545 2712 761 2746 moratur.
821 2703 970 2745 Amor
1007 2702 1204 2756 spiritus,
1238 2706 1285 2741 et
1323 2714 1348 2741 e
1388 2700 1548 2753 spiritu
1579 2696 1798 2751 corporiS,

306 2771 558 2814 insinuatur
583 2768 818 2809 animabus
844 2774 891 2808 et
918 2765 1146 2807 mentibus
1173 2763 1417 2816 conjugum
1443 2775 1531 2802 una
1557 2773 1658 2802 cum
1684 2759 1797 2800 ami-

308 2835 417 2876 citia
457 2839 504 2875 et
540 2829 846 2882 confidentia;
893 2842 995 2871 cum
1036 2829 1122 2870 hae
1158 2827 1275 2868 duae
1316 2838 1417 2867 cum
1458 2837 1613 2865 amore
1653 2823 1799 2877 primo

307 2924 1802 2946 Μ.

341 2988 362 3011 *
387 2989 494 3019 NOTA
519 2984 800 3018 ED1TOR18.—Ab
814 2983 957 3014 Auctore
971 2982 1023 3012 hic
1037 2979 1255 3021 paragraphus
1269 2979 1366 3017 signis
1381 2977 1537 3008 citationis
1551 2976 1692 3006 inclusus
1705 2979 1763 3006 est.
1790 2965 1792 2967 ¹
