2014 3386
427 335 495 368 DE
527 334 706 368 AMORE
738 334 1165 378 CONJUGIAL1.—N.
1197 315 1458 379 153[s22cund0].
1622 337 1702 380 129

201 457 369 495 quarum
388 447 519 494 plures
536 454 671 483 tamen
692 448 830 484 bestiis
848 459 870 483 a
888 447 1098 483 nativitate
1126 447 1341 494 impressae
1367 453 1473 484 sunt.
1524 458 1555 493 3.
1582 447 1702 495 Quod

197 501 449 538 ,rationalitas
478 501 531 537 sit
559 501 697 537 bestiis
729 512 856 547 aeque
884 512 931 537 ac
961 501 1202 537 hominibus.
1262 510 1297 544 4.
1324 500 1457 548 Quare
1487 501 1520 537 si
1550 501 1703 537 bestiae

202 554 430 599 potuissent
450 553 570 600 loqui,
588 561 671 589 tam
694 554 863 590 solerter
883 554 1218 589 ratiocinarentur
1238 554 1288 589 de
1309 554 1419 589 omni
1442 565 1483 589 re
1505 554 1608 589 sicut
1631 554 1704 589 ho-

202 607 350 648 mines;
377 607 491 653 cujus
509 606 566 642 rei
589 607 779 642 indicium
799 614 870 648 est,
889 607 997 653 quod
1019 607 1201 653 cogitent
1221 618 1270 643 ex
1291 607 1447 642 ratione
1468 613 1509 642 et
1530 607 1704 652 pruden-

201 659 259 694 tia
283 670 408 706 aeque
433 670 480 695 ac
506 660 702 695 homines.
755 668 785 705 5.
813 659 932 707 Quod
960 659 1186 696 intellectus
1213 660 1265 695 sit
1295 660 1423 695 solum
1455 660 1704 695 modificatio

202 712 302 748 lucis
319 724 341 748 e
359 713 453 754 sole,
468 719 710 759 cooperante
724 713 867 754 calore,
883 713 1016 749 medio
1034 713 1206 753 aethere,
1222 713 1277 748 ita
1294 720 1339 748 ut
1357 713 1480 748 modo
1497 713 1549 748 sit
1566 712 1705 748 activi-

201 772 263 801 tas
282 765 481 801 interioris
497 773 673 806 naturae,
687 773 727 801 et
741 767 850 812 quod
869 766 968 802 haec
982 766 1110 812 possit
1123 766 1299 806 exaltari,
1315 777 1440 812 usque
1455 772 1500 801 ut
1515 772 1705 812 appareat

201 818 308 854 sicut
327 818 536 864 sapientia.
585 819 619 854 6.
646 818 764 866 Quod
793 819 885 855 ideo
905 830 1051 855 vanum
1073 819 1126 855 sit
1147 819 1309 854 credere
1330 819 1438 864 quod
1465 819 1590 854 homo
1610 826 1705 865 post

202 878 373 907 mortem
401 872 490 918 plus
510 872 620 908 vivat
640 883 760 919 quam
787 872 927 913 bestia,
947 873 1022 908 nisi
1044 873 1152 919 quod
1179 872 1283 908 forte
1305 872 1432 918 possit
1458 883 1528 918 per
1548 872 1704 918 aliquot

202 924 288 960 dies
310 932 402 971 post
423 925 578 960 obitum
598 936 647 960 ex
668 925 922 961 exhalatione
938 925 1044 961 vitae
1065 925 1244 971 corporis
1269 936 1458 971 apparere
1480 925 1585 960 sicut
1603 925 1705 960 nim-

202 978 276 1013 bus
302 978 375 1013 sub
401 978 533 1023 specie
559 978 702 1019 larvae,
724 985 939 1024 antequam
967 979 1186 1024 dissipatur
1207 978 1246 1013 in
1269 986 1476 1019 naturam;
1501 978 1568 1013 vix
1589 977 1707 1013 aliter

201 1042 321 1077 quam
341 1031 444 1066 sicut
457 1031 676 1077 virgultum
694 1042 743 1067 ex
761 1031 892 1067 cinere
907 1032 1193 1067 exsuscitatum
1208 1038 1372 1077 apparet
1388 1032 1426 1066 in
1442 1031 1705 1066 similitudine

201 1095 296 1120 suae
315 1083 478 1120 formae.
529 1092 562 1127 7.
590 1083 898 1130 Consequenter
914 1085 1022 1131 quod
1041 1084 1191 1131 religio,
1210 1095 1312 1131 quae
1330 1085 1450 1120 docet
1466 1084 1592 1119 vitam
1612 1090 1705 1130 post

202 1144 386 1178 mortem,
403 1137 457 1172 sit
476 1137 694 1178 inventum,
712 1145 757 1172 ut
778 1137 978 1184 simplices
997 1144 1211 1173 teneantur
1228 1137 1466 1173 intrinsecus
1485 1137 1524 1172 in
1542 1137 1705 1173 vinculo

203 1201 274 1236 per
290 1190 377 1236 ejus
395 1191 515 1236 leges,
534 1190 638 1226 sicut
655 1196 844 1226 tenentur
863 1190 1111 1226 extrinsecus
1130 1201 1201 1236 per
1217 1190 1393 1226 civitatis
1410 1190 1531 1236 leges.

277 1243 352 1279 His
366 1243 620 1283 addiderunt,
635 1244 742 1289 quod
757 1254 865 1279 mere
879 1244 1075 1290 ingeniosi
1091 1244 1147 1278 ita
1161 1243 1459 1285 ratiocinentur,
1475 1254 1556 1279 non
1570 1249 1704 1279 autem

203 1296 484 1342 intelligentes.
536 1296 586 1332 Et
603 1296 897 1342 quaesiverunt,
917 1296 1054 1343 “Quid
1076 1297 1346 1343 intelligentes
1359 1296 1399 1332 ?¹'

276 1349 474 1385 Dixerunt
492 1350 600 1396 quod
619 1360 699 1385 non
718 1350 957 1390 audiverint,
975 1350 1045 1385 sed
1063 1350 1171 1396 quod
1191 1350 1248 1385 sic
1266 1350 1493 1396 opinentur.

275 1407 537 1450 152[secundo].
574 1402 649 1438 His
676 1402 824 1438 auditis
854 1403 1042 1438 dixerunt
1068 1413 1209 1438 omnes
1236 1403 1304 1449 qui
1332 1403 1382 1438 ad
1409 1413 1566 1438 mensas
1592 1401 1707 1437 sede-

203 1455 311 1496 bant,
331 1461 351 1474 ⁴⁴
365 1455 430 1490 Oh
452 1455 584 1501 qualia
606 1466 711 1490 nunc
733 1455 773 1490 in
794 1455 910 1491 terris
931 1452 1138 1501 tempo'ra;
1164 1456 1242 1491 heu
1264 1456 1460 1502 sapientia
1477 1467 1576 1501 quas
1597 1455 1706 1490 vices

203 1508 345 1550 subiit3
373 1519 540 1544 versane
566 1514 627 1544 est
654 1508 692 1543 in
721 1508 1044 1555 ingeniositatem
1070 1508 1250 1544 fatuam?
1301 1509 1369 1544 Sol
1391 1509 1552 1549 occidit,
1571 1515 1611 1544 et
1633 1509 1707 1544 sub

202 1569 309 1597 terra
328 1568 390 1597 est
415 1572 436 1597 e
457 1561 654 1597 diametro
679 1561 889 1607 oppositus
915 1572 1009 1597 suae
1036 1561 1227 1597 meridiei.
1278 1561 1378 1608 Quis
1404 1572 1485 1596 non
1507 1572 1556 1596 ex
1582 1562 1707 1597 docu-

204 1622 343 1650 mento
361 1625 410 1650 ex
431 1614 578 1650 relictis
600 1621 641 1650 et
667 1614 840 1650 inventis
862 1614 901 1649 in
923 1614 1032 1650 silvis
1053 1614 1152 1650 scire
1179 1621 1323 1660 potest,
1342 1615 1450 1660 quod
1478 1614 1602 1649 homo
1623 1625 1704 1649 non

205 1667 423 1704 instructus
448 1667 541 1703 talis
561 1666 641 1703 sit?
693 1667 815 1702 Estne
841 1667 946 1702 sicut
971 1666 1210 1703 instruitur?
1260 1666 1500 1703 Nasciturne
1526 1668 1565 1702 in
1593 1667 1706 1714 igno-

203 1721 334 1757 rantia
358 1731 452 1767 prae
478 1719 645 1756 bestiis?
697 1720 887 1756 Discetne
911 1719 1058 1767 1¹1gradi
1085 1727 1126 1756 et
1154 1720 1292 1766 loqui?
1353 1720 1394 1756 Si
1423 1732 1504 1756 non
1533 1720 1706 1756 disceret

202 1773 363 1820 mgradi,
377 1785 472 1808 num
491 1784 533 1809 se
549 1784 670 1819 super
687 1774 809 1819 pedes
828 1773 1024 1820 erigeret?
1075 1773 1124 1809 Et
1142 1773 1175 1809 si
1190 1784 1270 1809 non
1286 1773 1456 1809 disceret
1474 1773 1595 1819 loqui,
1608 1784 1704 1808 num

204 1826 369 1862 mutiret
389 1826 538 1872 aliquid
560 1825 847 1872 cogitationis?
899 1826 1022 1862 Estne
1047 1826 1179 1862 omnis
1204 1826 1328 1862 homo
1353 1827 1457 1862 sicut
1485 1826 1706 1874 instruitur,

204 1878 407 1915 insaniens
437 1890 485 1915 ex
515 1879 636 1919 falsis,
657 1890 704 1914 ac
734 1879 892 1925 sapiens
922 1890 972 1914 ex
999 1879 1130 1915 veris?
1156 1886 1196 1914 et
1223 1879 1426 1915 insaniens
1450 1890 1499 1915 ex
1528 1879 1638 1915 falsis
1665 1879 1704 1914 in

204 1932 314 1968 omni
341 1932 551 1978 phantasia
577 1933 685 1978 quod
712 1932 764 1968 sit
789 1931 1010 1978 sapientior
1029 1932 1211 1978 sapiente
1237 1943 1286 1967 ex
1310 1931 1445 1968 veris?
1496 1932 1706 1967 Danturne

204 1986 389 2021 homines
414 1985 514 2021 fatui
535 1992 576 2021 et
596 1985 746 2026 vesani,
765 1985 834 2031 qui
857 1996 936 2020 non
965 1985 1053 2031 plus
1080 1986 1264 2021 homines
1286 1992 1389 2026 sunt,
1408 1996 1528 2031 quam
1552 1985 1705 2021 inventi

205 2039 246 2074 in
264 2038 402 2074 silvis?
453 2038 597 2074 Nonne
622 2038 723 2074 cassi
752 2038 944 2074 memoria
970 2039 1031 2074 his
1057 2038 1207 2074 similes
1233 2038 1355 2074 sunt?
1407 2039 1490 2074 Nos
1508 2050 1557 2074 ex
1575 2039 1637 2074 his
1664 2044 1706 2073 et

205 2091 282 2127 illis
300 2091 580 2130 conclusimus,
596 2092 704 2138 quod
723 2091 846 2126 homo
859 2092 1009 2138 absque
1028 2090 1291 2127 instructione
1309 2103 1390 2127 non
1409 2092 1463 2127 sit
1481 2091 1615 2132 homo,
1631 2101 1705 2126 nec

204 2145 344 2186 bestia,
362 2145 431 2180 sed
450 2145 558 2191 quod
578 2145 630 2180 sit
655 2144 794 2185 forma,
812 2155 914 2191 quae
933 2144 1107 2190 recipere
1134 2151 1268 2190 potest
1291 2144 1330 2179 in
1349 2156 1392 2180 se
1414 2145 1453 2179 id
1475 2145 1583 2190 quod
1610 2144 1707 2180 facit

204 2198 422 2238 hominem,
440 2205 481 2233 et
506 2198 562 2233 sic
579 2198 687 2243 quod
715 2208 795 2233 non
818 2205 1003 2233 nascatur
1028 2198 1162 2236 homo.
1182 2198 1251 2233 sed
1274 2199 1381 2243 quod
1404 2197 1473 2233 fiat
1494 2197 1639 2238 homo;
1665 2204 1706 2233 et

204 2252 312 2298 quod
339 2251 462 2287 homo
482 2250 575 2287 talis
600 2250 730 2286 forma
750 2257 945 2290 nascatur,
968 2257 1012 2285 ut
1037 2251 1089 2286 sit
1114 2261 1307 2297 organum
1335 2251 1530 2296 recipiens
1551 2251 1657 2286 vitae
1683 2261 1707 2286 a

207 2304 305 2345 Deo,
324 2311 487 2350 propter
512 2304 630 2339 finem
659 2310 704 2339 ut
729 2303 782 2339 sit
809 2302 1045 2349 subjectum,
1068 2303 1107 2338 in
1134 2304 1242 2350 quod
1275 2304 1383 2339 Deus
1409 2315 1528 2339 omne
1554 2304 1704 2339 bonum

205 2364 340 2404 posset
362 2357 516 2397 inferre,
531 2364 571 2392 et
590 2367 660 2402 per
673 2357 862 2392 unionem
878 2356 1023 2392 Secum
1039 2356 1265 2392 beatificare
1285 2357 1323 2392 in
1339 2363 1560 2392 aeternum.
1612 2357 1706 2392 Per-

205 2411 374 2457 cipimus
388 2421 436 2446 ex
450 2421 635 2446 sermone
649 2416 794 2459 vestro,
810 2410 919 2457 quod
934 2409 1130 2455 sapientia
1144 2409 1264 2445 hodie
1281 2410 1319 2444 in
1334 2416 1492 2445 tantum
1507 2408 1706 2445 exstincta

205 2470 275 2499 aut
304 2463 499 2498 infatuata
525 2463 588 2503 sit,
616 2469 662 2498 ut
692 2463 741 2498 de
771 2470 878 2498 statu
905 2463 1012 2498 vitae
1039 2463 1248 2498 hominum
1276 2463 1444 2498 relativo
1471 2463 1522 2498 ad
1552 2470 1704 2498 statum

205 2517 313 2552 vitae
331 2516 559 2556 bestiarum,
578 2527 738 2562 prorsus
756 2516 854 2551 nihil
875 2516 1023 2556 sciant:
1051 2516 1143 2551 inde
1161 2522 1232 2556 est,
1251 2516 1360 2562 quod
1383 2526 1456 2551 nec
1476 2516 1606 2551 sciant
1623 2523 1704 2551 sta-

206 2576 292 2605 tum
310 2569 416 2605 vitae
434 2569 609 2604 hominis
631 2575 722 2615 post
741 2576 931 2604 mortem:
956 2575 997 2604 at
1016 2569 1071 2603 illi
1092 2569 1161 2615 qui
1184 2568 1291 2604 hunc
1311 2568 1419 2604 scire.
1434 2575 1614 2614 possunt,
1634 2568 1705 2604 sed

207 2633 288 2658 non
309 2622 451 2658 volunt
472 2622 583 2662 scire,
605 2629 645 2657 et
667 2622 759 2657 inde
786 2622 896 2656 illum
919 2628 1077 2668 negant,
1100 2628 1145 2656 ut
1170 2621 1322 2656 faciunt
1349 2621 1466 2655 multi
1492 2632 1540 2656 ex
1562 2621 1708 2656 vestris

207 2674 457 2716 Christianis,
485 2675 703 2710 assimilare
731 2685 944 2720 possumus
972 2674 1144 2709 inventis
1172 2674 1212 2709 in
1240 2674 1371 2713 silvis:
1408 2685 1488 2708 non
1521 2674 1628 2719 quod
1657 2684 1707 2708 ex

208 2727 722 2774 privationeinstrufflonis
741 2727 796 2762 ita
816 2727 966 2773 stupidi
988 2725 1081 2762 facti
1103 2727 1194 2767 sint,
1213 2727 1283 2762 sed
1303 2726 1410 2772 quod
1435 2737 1504 2771 per
1526 2726 1705 2761 fallacias

207 2792 409 2822 sensuum,
439 2791 542 2827 quae
570 2787 664 2816 sunt
693 2780 880 2816 tenebrae
908 2779 1135 2821 veritatum,
1165 2779 1404 2825 semetipsos
1435 2779 1490 2814 ita
1519 2779 1705 2823 stupidos

208 2833 409 2869 fecerint.'’

278 2889 540 2933 153[secunda],
575 2884 653 2921 Sed
675 2891 772 2920 tunc
789 2884 952 2931 quidam
975 2884 1014 2919 in
1038 2884 1172 2920 medio
1195 2883 1364 2919 Palladii
1383 2890 1505 2923 stans,
1526 2883 1564 2917 in
1585 2893 1705 2918 manu

208 2945 349 2974 tenens
379 2939 563 2984 palmam,
589 2938 701 2978 dixit,
729 2937 945 2973 “Evolvite
974 2947 1125 2983 quaeso
1155 2937 1232 2972 hoc
1261 2947 1460 2975 arcanum,
1492 2935 1702 2981 quomodo

210 2992 342 3033 homo,
368 2991 497 3027 forma
524 2990 598 3027 Dei
624 2998 790 3032 creatus,
818 2990 961 3026 mutari
990 2989 1122 3036 potuit
1150 2989 1189 3024 in
1216 2989 1385 3025 formam
1412 2988 1582 3023 diaboli:
1622 2988 1707 3024 scio
