2014 3386
544 343 611 376 DE
643 341 823 375 AMORE
856 338 1280 383 CONJUGIAL1.—N.
1309 314 1404 383 225.
1639 328 1712 369 181

219 458 345 514 jugio
378 457 564 500 boniet
594 456 713 507 veri;
761 461 807 497 et
853 466 1005 496 coram
1047 451 1244 510 naturali
1288 450 1472 493 homine
1514 464 1573 491 ex
1606 463 1716 491 con-

219 523 345 577 jugio
370 521 519 564 cordis
549 527 596 562 et
629 519 871 573 pulmonis,
895 518 999 572 quia
1030 530 1108 558 cor
1134 515 1462 569 correspondet
1488 514 1644 562 amori,
1669 519 1716 554 et

225 586 380 639 pulmo
398 582 674 634 intelle&ui;
702 583 782 624 sed
800 583 904 636 quia
921 581 1144 635 plerisque
1163 579 1315 621 deficit
1333 579 1492 620 horum
1511 578 1715 626 scientia,

224 649 510 691 confirmatio
551 661 630 701 per
668 647 782 688 haec
823 646 922 699 plus
958 645 1236 686 inumbraret
1278 657 1413 697 quam
1453 643 1717 684 illustraret.

224 714 299 755 Ex
325 712 627 755 translatione
649 710 778 764 hujus
800 710 1020 763 sphaerae
1045 722 1072 749 a
1094 722 1209 749 sexu
1232 707 1446 748 feminino
1472 707 1517 747 in
1540 719 1717 747 mascu-

222 777 379 826 linum,
407 782 491 825 est,
511 775 632 829 quod
660 787 789 815 mens
812 774 950 815 etiam
971 771 1291 813 incendatur'a
1317 770 1413 811 sola
1436 770 1718 823 cogitatione

223 842 281 882 de
307 854 448 891 sexu;
480 839 600 893 quod
632 839 773 880 etiam
799 838 903 878 inde
930 837 988 878 sit
1012 836 1225 877 formatio
1257 835 1559 887 propagativa
1581 840 1627 874 et
1654 834 1718 874 sic

223 904 464 950 excitatio.
498 903 728 956 sequitur;
773 913 878 942 nam
910 900 994 941 nisi
1025 899 1216 940 accedat
1248 898 1372 938 calor
1403 897 1460 938 ad
1494 897 1640 938 lucem
1674 897 1718 937 in

223 967 369 1016 terris,
404 966 515 1007 nihil
546 967 673 1019 viget
709 971 757 1006 et
794 964 1025 1005 excitatur
1060 962 1118 1003 ad
1154 960 1515 1002 fructificandum
1549 960 1718 1014 aliquid
1751 973 1756 978 ·

223 1031 297 1071 ibi.

308 1103 434 1148 224.
478 1090 597 1146 (xv.)
643 1090 771 1142 Quod
806 1089 884 1131 ubi
908 1103 1035 1131 amor
1064 1102 1165 1129 vere
1202 1086 1467 1142 coqjugialis
1503 1092 1582 1136 est,
1615 1086 1722 1127 lzaec

222 1156 418 1210 sphaera
450 1154 700 1208 recipiatur
728 1154 784 1195 ab
821 1167 968 1202 uxore,
995 1158 1039 1193 et
1072 1152 1193 1193 unice
1225 1158 1312 1204 per
1342 1165 1524 1192 uxorem
1558 1165 1587 1191 a
1622 1164 1718 1191 ma-

223 1221 323 1262 rito.
385 1219 520 1272 Quod
543 1218 621 1259 illa
646 1217 852 1270 sphaera,
876 1216 995 1270 apud
1017 1216 1118 1257 illos
1141 1216 1215 1269 qui
1237 1215 1281 1255 in
1304 1227 1457 1255 amore
1480 1228 1584 1255 vere
1608 1227 1718 1255 con-

218 1283 375 1337 jugiali
414 1289 535 1331 sunt,
563 1282 807 1334 recipiatur
845 1294 872 1321 a
911 1280 1077 1321 marito
1116 1279 1246 1320 unice
1288 1291 1368 1331 per
1408 1291 1619 1326 uxorem,
1647 1283 1719 1318 est

220 1359 438 1388 ‘arcanum
478 1346 627 1393 hodie,
661 1351 708 1386 et
750 1350 906 1385 tamen
945 1344 989 1383 in
1029 1356 1077 1383 se
1112 1355 1203 1382 non
1244 1354 1458 1382 arcanum
1496 1347 1581 1390 est,
1615 1341 1719 1394 quia

223 1423 416 1463 sponsus
438 1415 485 1450 et
508 1409 729 1461 primitius
753 1408 940 1448 maritus
965 1406 1051 1447 hoc
1070 1411 1225 1459 potest
1247 1405 1388 1456 scire;
1422 1418 1573 1445 nonne
1596 1405 1719 1457 quic-

224 1473 330 1527 quid
370 1472 577 1526 procedit
610 1485 669 1512 ex
702 1484 870 1523 sponsa
900 1476 946 1510 et
979 1469 1177 1522 primitia
1217 1482 1360 1509 uxore
1401 1467 1719 1520 conjugialiter

223 1535 379 1585 afficit,
413 1549 504 1576 non
544 1541 698 1575 autem
731 1540 837 1574 tunc
880 1533 1000 1586 quod
1040 1532 1247 1585 procedit
1283 1545 1342 1572 ex
1383 1530 1481 1571 aliis
1513 1544 1537 1571 e
1569 1529 1718 1571 sexu?

224 1598 380 1640 Simile
403 1606 473 1640 est
493 1611 593 1639 cum
616 1597 703 1638 illis
726 1598 799 1650 qui
821 1597 864 1636 in
879 1610 1033 1637 amore
1052 1609 1156 1636 vere
1179 1593 1420 1647 conjugiali
1439 1594 1687 1634 convivunt
1706 1607 1716 1644 ;

225 1668 271 1704 et
304 1663 407 1716 quia
433 1661 626 1714 sphaera
650 1661 772 1701 vitae
799 1672 1177 1713 unumquemque,
1206 1664 1302 1698 tam
1328 1658 1470 1697 virum
1497 1669 1631 1710 quam
1652 1656 1717 1697 fe-

219 1726 408 1774 minam,
442 1724 768 1775 circumstipat‚
803 1723 943 1763 dense
984 1736 1010 1763 a
1051 1719 1249 1775 pectore,
1284 1726 1330 1761 et
1370 1733 1468 1761 rare
1504 1733 1531 1760 a
1568 1726 1715 1772 tergo,

223 1794 353 1841 patet
390 1787 509 1828 unde
541 1793 626 1834 est,
659 1785 780 1839 quod
819 1786 984 1834 mariti,
1012 1785 1086 1838 qui
1118 1789 1356 1837 peramant
1387 1796 1492 1823 suas
1533 1796 1715 1831 uxores,

224 1856 501 1892 convertant
530 1863 581 1890 >se
613 1849 671 1889 ad
703 1848 818 1897 illas,
843 1855 888 1889 et
910 1847 1106 1889 interdiu
1128 1847 1256 1888 vultu
1282 1846 1463 1887 favente
1490 1845 1717 1899 aspiciant

223 1914 353 1965 illas;
386 1921 433 1955 et
454 1913 650 1954 vicissim
676 1911 740 1952 illi
766 1912 840 1966 qui
867 1925 956 1952 non
984 1916 1139 1951 amant
1165 1923 1268 1951 suas
1300 1923 1479 1958 uxores,
1504 1915 1717 1949 avertant

225 1990 274 2018 se
305 1977 363 2018 ab
393 1977 496 2025 illis,
529 1989 582 2017 ac
614 1975 809 2016 interdiu
841 1975 935 2015 acie
967 1971 1164 2014 retracta
1194 1970 1465 2026 adspeStent
1504 1972 1562 2012 ad
1602 1971 1717 2013 illas.

224 2040 308 2082 Per
337 2039 648 2093 receptionem
681 2038 901 2091 sphaerae
933 2036 1198 2090 conjugialis
1229 2050 1255 2076 a
1287 2036 1451 2076 marito
1477 2035 1607 2076 unice
1639 2048 1719 2088 per

225 2117 430 2152 uxorem,
459 2103 752 2155 cognoscitur
777 2107 824 2142 et
850 2101 1134 2153 dignoscitur
1164 2113 1291 2141 amor
1317 2113 1421 2140 vere
1451 2098 1718 2152 conjugialis

224 2168 282 2209 ab
306 2180 459 2208 amore
482 2165 724 2219 conjugiali
750 2165 914 2218 spurio,
942 2163 1070 2213 falso,
1100 2170 1147 2204 et
1171 2163 1348 2216 frigido.

308 2239 431 2285 225.
465 2229 600 2282 (xvi.)
637 2228 767 2280 Quod
783 2228 860 2269 ubi
877 2242 1004 2269 amor
1027 2241 1109 2268 non
1130 2226 1395 2282 conjugz‘alzlr
1418 2231 1497 2275 est,
1521 2224 1718 2278 sphaera

225 2294 307 2336 illa
343 2293 588 2345 recipiatur
622 2292 797 2346 quidem
839 2289 895 2332 ab
927 2304 1075 2339 uxore,
1119 2290 1201 2331 sed
1239 2303 1322 2330 non
1366 2304 1396 2330 a
1438 2289 1600 2330 marito
1629 2294 1717 2342 per

224 2355 623 2409 2'llam‚—Sphaera
645 2355 757 2396 haec
781 2353 1049 2407 conjugialis
1068 2353 1258 2394 influens
1283 2354 1327 2393 in
1354 2352 1626 2400 universum,
1644 2357 1716 2392 est

224 2421 271 2462 in
296 2420 469 2472 origine
496 2433 576 2460 sua
603 2419 783 2467 Divina,
811 2418 855 2459 in
883 2431 1127 2470 progressu
1153 2417 1197 2457 in
1224 2416 1354 2457 caelo
1379 2415 1499 2469 apud
1525 2414 1717 2468 angelos

225 2489 296 2525 est
332 2483 411 2524 illa
452 2482 667 2524 caelestis
701 2488 749 2523 et
786 2481 1047 2535 spiritualis,
1080 2480 1199 2534 apud
1241 2480 1448 2520 homines
1481 2478 1715 2526 naturalis,

226 2547 345 2600 apud
367 2546 538 2587 bestias
561 2551 607 2586 et
628 2559 734 2586 aves
752 2544 977 2593 animalis,
995 2545 1113 2598 apud
1136 2556 1313 2584 vermes
1336 2556 1459 2584 mere
1482 2555 1714 2595 corporea,

226 2610 346 2663 apud
376 2608 655 2662 vegetabilia
694 2614 766 2649 est
803 2608 883 2649 illa
913 2609 1034 2649 vitae
1066 2621 1262 2660 expers;
1310 2613 1357 2647 et
1392 2612 1630 2660 praeterea
1672 2605 1717 2644 in

224 2672 416 2726 singulis
434 2670 648 2724 subjectis
662 2672 862 2712 variatur
877 2671 1128 2712 secundum
1143 2669 1321 2710 illorum
1347 2669 1528 2710 formas.
1584 2667 1715 2708 Nunc

227 2736 330 2789 quia
355 2735 434 2776 illa
460 2735 652 2788 sphaera
677 2735 942 2776 immediate
967 2733 1182 2787 recipitur
1213 2746 1238 2773 a
1270 2746 1385 2773 sexu
1410 2731 1640 2778 feminino,
1668 2736 1716 2770 et

228 2799 427 2840 mediate
449 2813 475 2839 a
497 2813 612 2839 sexu
634 2798 900 2847 masculino,
924 2804 971 2839 et
994 2797 1097 2851 quia
1119 2797 1334 2849 recipitur
1355 2794 1604 2835 secundum
1627 2793 1715 2833 for-

229 2874 340 2910 maS,
373 2862 665 2915 consequitur
695 2861 816 2914 quod
857 2860 1051 2914 sphaera
1090 2859 1182 2908 illa,
1215 2872 1330 2912 quae
1361 2855 1520 2898 sancta
1560 2861 1630 2896 est
1671 2855 1716 2895 in

228 2925 401 2978 origine
423 2938 516 2974 sua,
539 2925 655 2965 verti
681 2924 825 2977 possit
852 2924 896 2964 in
923 2936 1012 2964 non
1031 2921 1237 2963 sanctam
1263 2922 1307 2962 in
1334 2918 1558 2972 subjeffls,
1579 2919 1718 2958 immo

229 2989 366 3030 etiam
393 2988 556 3029 inverti
587 2988 631 3027 in
658 2987 948 3040 oppositam:
991 2985 1186 3040 sphaera
1218 2985 1257 3025 ei
1289 2983 1501 3037 opposita
1526 2987 1716 3022 vocatur
