<?xml version="1.0" encoding="UTF-8"?>
<!DOCTYPE html PUBLIC "-//W3C//DTD XHTML 1.0 Transitional//EN"
    "http://www.w3.org/TR/xhtml1/DTD/xhtml1-transitional.dtd">
<html xmlns="http://www.w3.org/1999/xhtml" xml:lang="en" lang="en">
 <head>
  <title>
</title>
<meta http-equiv="Content-Type" content="text/html;charset=utf-8" />
  <meta name='ocr-system' content='tesseract 3.04.00' />
  <meta name='ocr-capabilities' content='ocr_page ocr_carea ocr_par ocr_line ocrx_word'/>
</head>
<body>
  <div class='ocr_page' id='page_1' title='image "./deliciaesapienti00sweduoft_0021.png"; bbox 0 0 2014 3386; ppageno 0'>
   <div class='ocr_carea' id='block_1_1' title="bbox 613 313 1773 378">
    <p class='ocr_par' dir='ltr' id='par_1_1' title="bbox 613 313 1773 378">
     <span class='ocr_line' id='line_1_1' title="bbox 613 313 1773 378; baseline -0.007 -7"><span class='ocrx_word' id='word_1_1' title='bbox 613 339 681 372; x_wconf 88' lang='lat' dir='ltr'>DE</span> <span class='ocrx_word' id='word_1_2' title='bbox 711 337 892 370; x_wconf 81' lang='lat' dir='ltr'>AMORE</span> <span class='ocrx_word' id='word_1_3' title='bbox 923 313 1349 378; x_wconf 64' lang='lat' dir='ltr'>CONJUGIAL1.—1(1.</span> <span class='ocrx_word' id='word_1_4' title='bbox 1379 335 1440 365; x_wconf 93' lang='lat'>10.</span> <span class='ocrx_word' id='word_1_5' title='bbox 1727 332 1773 376; x_wconf 87' lang='lat'>15</span> 
     </span>
    </p>
   </div>
   <div class='ocr_carea' id='block_1_2' title="bbox 279 445 1777 604">
    <p class='ocr_par' dir='ltr' id='par_1_2' title="bbox 279 445 1777 604">
     <span class='ocr_line' id='line_1_2' title="bbox 280 445 1776 494; baseline -0.008 -3"><span class='ocrx_word' id='word_1_6' title='bbox 280 455 358 492; x_wconf 85' lang='lat' dir='ltr'>hoc</span> <span class='ocrx_word' id='word_1_7' title='bbox 382 453 488 490; x_wconf 91' lang='lat' dir='ltr'>enim</span> <span class='ocrx_word' id='word_1_8' title='bbox 514 458 576 488; x_wconf 92' lang='lat' dir='ltr'>est</span> <span class='ocrx_word' id='word_1_9' title='bbox 600 451 748 487; x_wconf 88' lang='lat' dir='ltr'>amoris</span> <span class='ocrx_word' id='word_1_10' title='bbox 775 450 861 491; x_wconf 90' lang='lat' dir='ltr'>Dei,</span> <span class='ocrx_word' id='word_1_11' title='bbox 879 455 921 485; x_wconf 91' lang='lat' dir='ltr'>et</span> <span class='ocrx_word' id='word_1_12' title='bbox 945 448 1093 484; x_wconf 88' lang='lat' dir='ltr'>amoris</span> <span class='ocrx_word' id='word_1_13' title='bbox 1118 447 1299 494; x_wconf 85' lang='lat' dir='ltr'>proximi,</span> <span class='ocrx_word' id='word_1_14' title='bbox 1318 453 1360 482; x_wconf 91' lang='lat' dir='ltr'>et</span> <span class='ocrx_word' id='word_1_15' title='bbox 1385 446 1463 482; x_wconf 93' lang='lat' dir='ltr'>hoc</span> <span class='ocrx_word' id='word_1_16' title='bbox 1488 451 1549 481; x_wconf 85' lang='lat' dir='ltr'>est</span> <span class='ocrx_word' id='word_1_17' title='bbox 1574 445 1776 493; x_wconf 87' lang='lat' dir='ltr'>vinculum</span> 
     </span>
     <span class='ocr_line' id='line_1_3' title="bbox 280 499 1777 549; baseline -0.008 -5"><span class='ocrx_word' id='word_1_18' title='bbox 280 507 495 547; x_wconf 88' lang='lat' dir='ltr'>societatis,</span> <span class='ocrx_word' id='word_1_19' title='bbox 521 512 562 541; x_wconf 96' lang='lat' dir='ltr'>et</span> <span class='ocrx_word' id='word_1_20' title='bbox 587 506 738 540; x_wconf 91' lang='lat' dir='ltr'>bonum</span> <span class='ocrx_word' id='word_1_21' title='bbox 764 504 870 549; x_wconf 74' lang='lat' dir='ltr'>ejus:</span> <span class='ocrx_word' id='word_1_22' title='bbox 904 513 975 549; x_wconf 90' lang='lat' dir='ltr'>per</span> <span class='ocrx_word' id='word_1_23' title='bbox 1000 502 1077 538; x_wconf 92' lang='lat' dir='ltr'>hoc</span> <span class='ocrx_word' id='word_1_24' title='bbox 1101 501 1348 547; x_wconf 89' lang='lat' dir='ltr'>glorificatur</span> <span class='ocrx_word' id='word_1_25' title='bbox 1375 499 1494 539; x_wconf 90' lang='lat' dir='ltr'>Deus,</span> <span class='ocrx_word' id='word_1_26' title='bbox 1517 506 1559 534; x_wconf 91' lang='lat' dir='ltr'>et</span> <span class='ocrx_word' id='word_1_27' title='bbox 1584 506 1682 537; x_wconf 85' lang='lat' dir='ltr'>tunc</span> <span class='ocrx_word' id='word_1_28' title='bbox 1708 509 1777 544; x_wconf 90' lang='lat' dir='ltr'>per</span> 
     </span>
     <span class='ocr_line' id='line_1_4' title="bbox 279 552 1663 604; baseline -0.008 -7"><span class='ocrx_word' id='word_1_29' title='bbox 279 561 431 598; x_wconf 90' lang='lat' dir='ltr'>cultum</span> <span class='ocrx_word' id='word_1_30' title='bbox 449 559 565 596; x_wconf 85' lang='lat' dir='ltr'>statis</span> <span class='ocrx_word' id='word_1_31' title='bbox 582 557 842 604; x_wconf 85' lang='lat' dir='ltr'><strong>temporibus.</strong></span> <span class='ocrx_word' id='word_1_32' title='bbox 888 556 1038 591; x_wconf 91' lang='lat' dir='ltr'>Annon</span> <span class='ocrx_word' id='word_1_33' title='bbox 1056 554 1211 601; x_wconf 82' lang='lat' dir='ltr'>legistis</span> <span class='ocrx_word' id='word_1_34' title='bbox 1229 554 1329 589; x_wconf 91' lang='lat' dir='ltr'>haec</span> <span class='ocrx_word' id='word_1_35' title='bbox 1348 552 1513 588; x_wconf 89' lang='lat' dir='ltr'>Domini</span> <span class='ocrx_word' id='word_1_36' title='bbox 1532 553 1663 590; x_wconf 84' lang='lat' dir='ltr'>verba,</span> 
     </span>
    </p>
   </div>
   <div class='ocr_carea' id='block_1_3' title="bbox 340 631 1778 678">
    <p class='ocr_par' dir='ltr' id='par_1_3' title="bbox 340 631 1778 678">
     <span class='ocr_line' id='line_1_5' title="bbox 340 631 1778 678; baseline -0.006 -7"><span class='ocrx_word' id='word_1_37' title='bbox 340 644 347 657; x_wconf 85' lang='lat'>¹</span> <span class='ocrx_word' id='word_1_38' title='bbox 360 642 400 671; x_wconf 89' lang='lat' dir='ltr'>In</span> <span class='ocrx_word' id='word_1_39' title='bbox 419 641 483 670; x_wconf 89' lang='lat' dir='ltr'>hoc</span> <span class='ocrx_word' id='word_1_40' title='bbox 499 639 695 678; x_wconf 88' lang='lat' dir='ltr'>glorificatur</span> <span class='ocrx_word' id='word_1_41' title='bbox 710 639 803 668; x_wconf 86' lang='lat' dir='ltr'>Pater</span> <span class='ocrx_word' id='word_1_42' title='bbox 817 646 918 672; x_wconf 89' lang='lat' dir='ltr'>meus,</span> <span class='ocrx_word' id='word_1_43' title='bbox 933 641 969 667; x_wconf 89' lang='lat' dir='ltr'>ut</span> <span class='ocrx_word' id='word_1_44' title='bbox 990 636 1129 666; x_wconf 64' lang='lat' dir='ltr'>fructum</span> <span class='ocrx_word' id='word_1_45' title='bbox 1144 635 1259 670; x_wconf 85' lang='lat' dir='ltr'>seratis,</span> <span class='ocrx_word' id='word_1_46' title='bbox 1275 639 1306 664; x_wconf 89' lang='lat' dir='ltr'>et</span> <span class='ocrx_word' id='word_1_47' title='bbox 1322 634 1501 664; x_wconf 86' lang='lat' dir='ltr'>reddamini</span> <span class='ocrx_word' id='word_1_48' title='bbox 1517 633 1662 671; x_wconf 88' lang='lat' dir='ltr'>discipuli</span> <span class='ocrx_word' id='word_1_49' title='bbox 1679 632 1741 662; x_wconf 92' lang='lat' dir='ltr'>mei</span> <span class='ocrx_word' id='word_1_50' title='bbox 1752 631 1778 663; x_wconf 68' lang='grc' dir='ltr'><em>Υ</em></span> 
     </span>
    </p>
   </div>
   <div class='ocr_carea' id='block_1_4' title="bbox 442 680 672 721">
    <p class='ocr_par' dir='ltr' id='par_1_4' title="bbox 442 680 672 721">
     <span class='ocr_line' id='line_1_6' title="bbox 442 680 672 721; baseline -0.004 -11"><span class='ocrx_word' id='word_1_51' title='bbox 442 680 542 721; x_wconf 63' lang='lat' dir='ltr'><em>(Jolz.</em></span> <span class='ocrx_word' id='word_1_52' title='bbox 559 690 610 710; x_wconf 82' lang='lat' dir='ltr'>xv.</span> <span class='ocrx_word' id='word_1_53' title='bbox 627 680 672 718; x_wconf 91' lang='lat'>8.)</span> 
     </span>
    </p>
   </div>
   <div class='ocr_carea' id='block_1_5' title="bbox 276 752 1779 3028">
    <p class='ocr_par' dir='ltr' id='par_1_5' title="bbox 278 752 1779 965">
     <span class='ocr_line' id='line_1_7' title="bbox 278 752 1779 804; baseline -0.007 -8"><span class='ocrx_word' id='word_1_54' title='bbox 278 761 362 796; x_wconf 91' lang='lat' dir='ltr'>Vos</span> <span class='ocrx_word' id='word_1_55' title='bbox 387 759 615 796; x_wconf 84' lang='lat' dir='ltr'>sacerdotes</span> <span class='ocrx_word' id='word_1_56' title='bbox 641 757 811 804; x_wconf 89' lang='lat' dir='ltr'>potestis</span> <span class='ocrx_word' id='word_1_57' title='bbox 838 756 878 792; x_wconf 91' lang='lat' dir='ltr'>in</span> <span class='ocrx_word' id='word_1_58' title='bbox 904 756 1035 792; x_wconf 89' lang='lat' dir='ltr'>cultus</span> <span class='ocrx_word' id='word_1_59' title='bbox 1059 754 1350 802; x_wconf 89' lang='lat' dir='ltr'>glorificatione</span> <span class='ocrx_word' id='word_1_60' title='bbox 1376 764 1473 794; x_wconf 87' lang='lat' dir='ltr'>esse,</span> <span class='ocrx_word' id='word_1_61' title='bbox 1496 753 1590 799; x_wconf 82' lang='lat' dir='ltr'>quia</span> <span class='ocrx_word' id='word_1_62' title='bbox 1615 752 1692 787; x_wconf 92' lang='lat' dir='ltr'>hoc</span> <span class='ocrx_word' id='word_1_63' title='bbox 1717 759 1779 787; x_wconf 92' lang='lat' dir='ltr'>est</span> 
     </span>
     <span class='ocr_line' id='line_1_8' title="bbox 278 805 1778 854; baseline -0.006 -5"><span class='ocrx_word' id='word_1_64' title='bbox 278 820 457 850; x_wconf 92' lang='lat' dir='ltr'>vestrum</span> <span class='ocrx_word' id='word_1_65' title='bbox 477 823 631 852; x_wconf 89' lang='lat' dir='ltr'>munus,</span> <span class='ocrx_word' id='word_1_66' title='bbox 650 818 690 847; x_wconf 95' lang='lat' dir='ltr'>et</span> <span class='ocrx_word' id='word_1_67' title='bbox 713 811 805 846; x_wconf 92' lang='lat' dir='ltr'>inde</span> <span class='ocrx_word' id='word_1_68' title='bbox 823 816 884 846; x_wconf 91' lang='lat' dir='ltr'>est</span> <span class='ocrx_word' id='word_1_69' title='bbox 900 809 1014 845; x_wconf 91' lang='lat' dir='ltr'>vobis</span> <span class='ocrx_word' id='word_1_70' title='bbox 1036 809 1176 849; x_wconf 90' lang='lat' dir='ltr'>honor,</span> <span class='ocrx_word' id='word_1_71' title='bbox 1190 807 1318 854; x_wconf 89' lang='lat' dir='ltr'>gloria</span> <span class='ocrx_word' id='word_1_72' title='bbox 1334 813 1375 842; x_wconf 91' lang='lat' dir='ltr'>et</span> <span class='ocrx_word' id='word_1_73' title='bbox 1393 806 1682 847; x_wconf 84' lang='lat' dir='ltr'>remuneratio;</span> <span class='ocrx_word' id='word_1_74' title='bbox 1708 805 1778 841; x_wconf 90' lang='lat' dir='ltr'>sed</span> 
     </span>
     <span class='ocr_line' id='line_1_9' title="bbox 278 859 1777 913; baseline -0.006 -11"><span class='ocrx_word' id='word_1_75' title='bbox 278 877 404 913; x_wconf 89' lang='lat' dir='ltr'>usque</span> <span class='ocrx_word' id='word_1_76' title='bbox 421 877 494 901; x_wconf 93' lang='lat' dir='ltr'>vos</span> <span class='ocrx_word' id='word_1_77' title='bbox 512 876 592 900; x_wconf 89' lang='lat' dir='ltr'>non</span> <span class='ocrx_word' id='word_1_78' title='bbox 611 863 780 910; x_wconf 91' lang='lat' dir='ltr'>potestis</span> <span class='ocrx_word' id='word_1_79' title='bbox 806 863 894 909; x_wconf 92' lang='lat' dir='ltr'>plus</span> <span class='ocrx_word' id='word_1_80' title='bbox 912 873 1031 908; x_wconf 91' lang='lat' dir='ltr'>quam</span> <span class='ocrx_word' id='word_1_81' title='bbox 1058 861 1114 896; x_wconf 89' lang='lat' dir='ltr'>illi</span> <span class='ocrx_word' id='word_1_82' title='bbox 1141 861 1180 896; x_wconf 89' lang='lat' dir='ltr'>in</span> <span class='ocrx_word' id='word_1_83' title='bbox 1206 871 1254 896; x_wconf 90' lang='lat' dir='ltr'>ea</span> <span class='ocrx_word' id='word_1_84' title='bbox 1273 860 1565 907; x_wconf 90' lang='lat' dir='ltr'>glorificatione</span> <span class='ocrx_word' id='word_1_85' title='bbox 1586 870 1683 900; x_wconf 88' lang='lat' dir='ltr'>esse,</span> <span class='ocrx_word' id='word_1_86' title='bbox 1703 859 1777 894; x_wconf 89' lang='lat' dir='ltr'>nisi</span> 
     </span>
     <span class='ocr_line' id='line_1_10' title="bbox 278 913 1596 965; baseline -0.006 -10"><span class='ocrx_word' id='word_1_87' title='bbox 278 920 418 960; x_wconf 89' lang='lat' dir='ltr'>honor,</span> <span class='ocrx_word' id='word_1_88' title='bbox 435 918 572 965; x_wconf 92' lang='lat' dir='ltr'>gloria,</span> <span class='ocrx_word' id='word_1_89' title='bbox 592 925 632 953; x_wconf 93' lang='lat' dir='ltr'>et</span> <span class='ocrx_word' id='word_1_90' title='bbox 651 916 921 953; x_wconf 89' lang='lat' dir='ltr'>remuneratio</span> <span class='ocrx_word' id='word_1_91' title='bbox 940 926 1020 950; x_wconf 92' lang='lat' dir='ltr'>una</span> <span class='ocrx_word' id='word_1_92' title='bbox 1036 926 1126 950; x_wconf 93' lang='lat' dir='ltr'>cum</span> <span class='ocrx_word' id='word_1_93' title='bbox 1144 920 1281 949; x_wconf 92' lang='lat' dir='ltr'>vestro</span> <span class='ocrx_word' id='word_1_94' title='bbox 1299 924 1462 948; x_wconf 89' lang='lat' dir='ltr'>munere</span> <span class='ocrx_word' id='word_1_95' title='bbox 1480 913 1596 948; x_wconf 86' lang='lat' dir='ltr'>sint.”</span> 
     </span>
    </p>

    <p class='ocr_par' dir='ltr' id='par_1_6' title="bbox 276 965 1777 1178">
     <span class='ocr_line' id='line_1_11' title="bbox 352 965 1776 1017; baseline -0.006 -9"><span class='ocrx_word' id='word_1_96' title='bbox 352 972 428 1008; x_wconf 89' lang='lat' dir='ltr'>His</span> <span class='ocrx_word' id='word_1_97' title='bbox 449 970 566 1006; x_wconf 62' lang='lat' dir='ltr'>dietis</span> <span class='ocrx_word' id='word_1_98' title='bbox 584 970 762 1017; x_wconf 89' lang='lat' dir='ltr'>episcopi</span> <span class='ocrx_word' id='word_1_99' title='bbox 781 969 1026 1004; x_wconf 86' lang='lat' dir='ltr'>mandabant</span> <span class='ocrx_word' id='word_1_100' title='bbox 1043 967 1278 1003; x_wconf 87' lang='lat' dir='ltr'>custodibus</span> <span class='ocrx_word' id='word_1_101' title='bbox 1297 973 1446 1013; x_wconf 88' lang='lat' dir='ltr'>portae,</span> <span class='ocrx_word' id='word_1_102' title='bbox 1466 972 1511 1001; x_wconf 94' lang='lat' dir='ltr'>ut</span> <span class='ocrx_word' id='word_1_103' title='bbox 1533 965 1776 1000; x_wconf 88' lang='lat' dir='ltr'>intromitte-</span> 
     </span>
     <span class='ocr_line' id='line_1_12' title="bbox 278 1018 1777 1065; baseline -0.005 -6"><span class='ocrx_word' id='word_1_104' title='bbox 278 1031 368 1061; x_wconf 90' lang='lat' dir='ltr'>rent</span> <span class='ocrx_word' id='word_1_105' title='bbox 381 1035 532 1065; x_wconf 90' lang='lat' dir='ltr'>omnes,</span> <span class='ocrx_word' id='word_1_106' title='bbox 545 1031 586 1059; x_wconf 92' lang='lat' dir='ltr'>et</span> <span class='ocrx_word' id='word_1_107' title='bbox 599 1023 829 1059; x_wconf 87' lang='lat' dir='ltr'>emitterent</span> <span class='ocrx_word' id='word_1_108' title='bbox 842 1033 982 1058; x_wconf 91' lang='lat' dir='ltr'>omnes</span> <span class='ocrx_word' id='word_1_109' title='bbox 995 1033 1003 1063; x_wconf 91' lang='lat'>;</span> <span class='ocrx_word' id='word_1_110' title='bbox 1022 1026 1041 1039; x_wconf 85' lang='lat'>‘⁴</span> <span class='ocrx_word' id='word_1_111' title='bbox 1055 1027 1116 1056; x_wconf 89' lang='lat' dir='ltr'>est</span> <span class='ocrx_word' id='word_1_112' title='bbox 1128 1020 1234 1056; x_wconf 88' lang='lat' dir='ltr'>enim</span> <span class='ocrx_word' id='word_1_113' title='bbox 1249 1020 1478 1064; x_wconf 81' lang='lat' dir='ltr'>multitudo,</span> <span class='ocrx_word' id='word_1_114' title='bbox 1493 1019 1560 1065; x_wconf 90' lang='lat' dir='ltr'>qui</span> <span class='ocrx_word' id='word_1_115' title='bbox 1576 1029 1655 1054; x_wconf 93' lang='lat' dir='ltr'>non</span> <span class='ocrx_word' id='word_1_116' title='bbox 1670 1018 1777 1053; x_wconf 91' lang='lat' dir='ltr'>aliud</span> 
     </span>
     <span class='ocr_line' id='line_1_13' title="bbox 276 1072 1776 1125; baseline -0.005 -11"><span class='ocrx_word' id='word_1_117' title='bbox 276 1078 467 1125; x_wconf 89' lang='lat' dir='ltr'>gaudium</span> <span class='ocrx_word' id='word_1_118' title='bbox 485 1078 668 1117; x_wconf 88' lang='lat' dir='ltr'>caeleste,</span> <span class='ocrx_word' id='word_1_119' title='bbox 683 1087 801 1122; x_wconf 92' lang='lat' dir='ltr'>quam</span> <span class='ocrx_word' id='word_1_120' title='bbox 821 1081 1058 1122; x_wconf 90' lang='lat' dir='ltr'>perpetuum</span> <span class='ocrx_word' id='word_1_121' title='bbox 1076 1074 1229 1110; x_wconf 91' lang='lat' dir='ltr'>cultum</span> <span class='ocrx_word' id='word_1_122' title='bbox 1251 1073 1336 1114; x_wconf 87' lang='lat' dir='ltr'>Dei,</span> <span class='ocrx_word' id='word_1_123' title='bbox 1352 1079 1571 1119; x_wconf 92' lang='lat' dir='ltr'>potuerunt</span> <span class='ocrx_word' id='word_1_124' title='bbox 1589 1072 1776 1118; x_wconf 90' lang='lat' dir='ltr'>cogitare,</span> 
     </span>
     <span class='ocr_line' id='line_1_14' title="bbox 277 1126 1210 1178; baseline -0.005 -12"><span class='ocrx_word' id='word_1_125' title='bbox 277 1132 374 1178; x_wconf 87' lang='lat' dir='ltr'>quia</span> <span class='ocrx_word' id='word_1_126' title='bbox 389 1141 470 1166; x_wconf 91' lang='lat' dir='ltr'>non</span> <span class='ocrx_word' id='word_1_127' title='bbox 489 1131 692 1165; x_wconf 90' lang='lat' dir='ltr'>sciverunt</span> <span class='ocrx_word' id='word_1_128' title='bbox 708 1129 859 1175; x_wconf 92' lang='lat' dir='ltr'>aliquid</span> <span class='ocrx_word' id='word_1_129' title='bbox 879 1129 929 1163; x_wconf 90' lang='lat' dir='ltr'>de</span> <span class='ocrx_word' id='word_1_130' title='bbox 947 1134 1055 1163; x_wconf 89' lang='lat' dir='ltr'>statu</span> <span class='ocrx_word' id='word_1_131' title='bbox 1073 1126 1210 1162; x_wconf 87' lang='lat' dir='ltr'>caeli.”</span> 
     </span>
    </p>

    <p class='ocr_par' dir='ltr' id='par_1_7' title="bbox 277 1178 1778 1495">
     <span class='ocr_line' id='line_1_15' title="bbox 348 1178 1778 1229; baseline -0.006 -8"><span class='ocrx_word' id='word_1_132' title='bbox 348 1193 434 1222; x_wconf 83' lang='lat'>10.</span> <span class='ocrx_word' id='word_1_133' title='bbox 470 1183 568 1219; x_wconf 88' lang='lat' dir='ltr'>Post</span> <span class='ocrx_word' id='word_1_134' title='bbox 586 1183 684 1218; x_wconf 89' lang='lat' dir='ltr'>haec</span> <span class='ocrx_word' id='word_1_135' title='bbox 701 1182 865 1229; x_wconf 88' lang='lat' dir='ltr'>angelus</span> <span class='ocrx_word' id='word_1_136' title='bbox 883 1193 974 1217; x_wconf 94' lang='lat' dir='ltr'>cum</span> <span class='ocrx_word' id='word_1_137' title='bbox 992 1181 1074 1216; x_wconf 88' lang='lat' dir='ltr'>suis</span> <span class='ocrx_word' id='word_1_138' title='bbox 1092 1179 1308 1215; x_wconf 87' lang='lat' dir='ltr'>comitibus</span> <span class='ocrx_word' id='word_1_139' title='bbox 1326 1179 1444 1214; x_wconf 90' lang='lat' dir='ltr'>rediit</span> <span class='ocrx_word' id='word_1_140' title='bbox 1462 1179 1512 1213; x_wconf 91' lang='lat' dir='ltr'>ad</span> <span class='ocrx_word' id='word_1_141' title='bbox 1531 1178 1663 1213; x_wconf 91' lang='lat' dir='ltr'>locum</span> <span class='ocrx_word' id='word_1_142' title='bbox 1683 1188 1778 1213; x_wconf 91' lang='lat' dir='ltr'>con-</span> 
     </span>
     <span class='ocr_line' id='line_1_16' title="bbox 277 1232 1778 1283; baseline -0.005 -10"><span class='ocrx_word' id='word_1_143' title='bbox 277 1244 433 1277; x_wconf 91' lang='lat' dir='ltr'>ventus,</span> <span class='ocrx_word' id='word_1_144' title='bbox 452 1247 476 1272; x_wconf 90' lang='lat' dir='ltr'>a</span> <span class='ocrx_word' id='word_1_145' title='bbox 493 1247 573 1283; x_wconf 90' lang='lat' dir='ltr'>quo</span> <span class='ocrx_word' id='word_1_146' title='bbox 591 1236 778 1271; x_wconf 91' lang='lat' dir='ltr'>cohortes</span> <span class='ocrx_word' id='word_1_147' title='bbox 797 1234 1022 1280; x_wconf 89' lang='lat' dir='ltr'>sapientum</span> <span class='ocrx_word' id='word_1_148' title='bbox 1041 1233 1220 1269; x_wconf 88' lang='lat' dir='ltr'>nondum</span> <span class='ocrx_word' id='word_1_149' title='bbox 1240 1239 1500 1272; x_wconf 90' lang='lat' dir='ltr'>recesserunt,</span> <span class='ocrx_word' id='word_1_150' title='bbox 1520 1239 1560 1267; x_wconf 87' lang='lat' dir='ltr'>et</span> <span class='ocrx_word' id='word_1_151' title='bbox 1580 1232 1631 1266; x_wconf 91' lang='lat' dir='ltr'>ibi</span> <span class='ocrx_word' id='word_1_152' title='bbox 1658 1232 1707 1266; x_wconf 90' lang='lat' dir='ltr'>ad</span> <span class='ocrx_word' id='word_1_153' title='bbox 1735 1242 1778 1266; x_wconf 91' lang='lat' dir='ltr'>se</span> 
     </span>
     <span class='ocr_line' id='line_1_17' title="bbox 278 1284 1778 1335; baseline -0.005 -9"><span class='ocrx_word' id='word_1_154' title='bbox 278 1290 440 1326; x_wconf 89' lang='lat' dir='ltr'>vocavit</span> <span class='ocrx_word' id='word_1_155' title='bbox 458 1289 557 1330; x_wconf 91' lang='lat' dir='ltr'>illos,</span> <span class='ocrx_word' id='word_1_156' title='bbox 573 1288 641 1335; x_wconf 92' lang='lat' dir='ltr'>qui</span> <span class='ocrx_word' id='word_1_157' title='bbox 659 1288 926 1328; x_wconf 87' lang='lat' dir='ltr'>crediderunt,</span> <span class='ocrx_word' id='word_1_158' title='bbox 945 1287 1054 1334; x_wconf 90' lang='lat' dir='ltr'>quod</span> <span class='ocrx_word' id='word_1_159' title='bbox 1072 1286 1264 1333; x_wconf 89' lang='lat' dir='ltr'>gaudium</span> <span class='ocrx_word' id='word_1_160' title='bbox 1279 1286 1450 1321; x_wconf 91' lang='lat' dir='ltr'>caeleste</span> <span class='ocrx_word' id='word_1_161' title='bbox 1468 1291 1508 1320; x_wconf 91' lang='lat' dir='ltr'>et</span> <span class='ocrx_word' id='word_1_162' title='bbox 1527 1284 1695 1320; x_wconf 81' lang='lat' dir='ltr'>felicitas</span> <span class='ocrx_word' id='word_1_163' title='bbox 1713 1295 1778 1327; x_wconf 92' lang='lat' dir='ltr'>ae-</span> 
     </span>
     <span class='ocr_line' id='line_1_18' title="bbox 278 1337 1778 1384; baseline -0.004 -6"><span class='ocrx_word' id='word_1_164' title='bbox 278 1349 402 1383; x_wconf 89' lang='lat' dir='ltr'>terna,</span> <span class='ocrx_word' id='word_1_165' title='bbox 417 1342 470 1378; x_wconf 93' lang='lat' dir='ltr'>sit</span> <span class='ocrx_word' id='word_1_166' title='bbox 486 1340 608 1377; x_wconf 88' lang='lat' dir='ltr'>modo</span> <span class='ocrx_word' id='word_1_167' title='bbox 623 1340 870 1377; x_wconf 89' lang='lat' dir='ltr'>intromissio</span> <span class='ocrx_word' id='word_1_168' title='bbox 893 1341 931 1375; x_wconf 92' lang='lat' dir='ltr'>in</span> <span class='ocrx_word' id='word_1_169' title='bbox 950 1340 1115 1380; x_wconf 89' lang='lat' dir='ltr'>caelum,</span> <span class='ocrx_word' id='word_1_170' title='bbox 1131 1350 1177 1374; x_wconf 91' lang='lat' dir='ltr'>ac</span> <span class='ocrx_word' id='word_1_171' title='bbox 1195 1337 1441 1374; x_wconf 83' lang='lat' dir='ltr'>intrOmissio</span> <span class='ocrx_word' id='word_1_172' title='bbox 1460 1350 1508 1374; x_wconf 83' lang='lat' dir='ltr'>ex</span> <span class='ocrx_word' id='word_1_173' title='bbox 1529 1338 1673 1373; x_wconf 87' lang='lat' dir='ltr'>Divina</span> <span class='ocrx_word' id='word_1_174' title='bbox 1690 1349 1778 1384; x_wconf 90' lang='lat' dir='ltr'>gra-</span> 
     </span>
     <span class='ocr_line' id='line_1_19' title="bbox 277 1391 1775 1441; baseline -0.004 -10"><span class='ocrx_word' id='word_1_175' title='bbox 277 1396 357 1436; x_wconf 83' lang='lat' dir='ltr'>tia:</span> <span class='ocrx_word' id='word_1_176' title='bbox 375 1402 415 1430; x_wconf 91' lang='lat' dir='ltr'>et</span> <span class='ocrx_word' id='word_1_177' title='bbox 427 1395 535 1441; x_wconf 93' lang='lat' dir='ltr'>quod</span> <span class='ocrx_word' id='word_1_178' title='bbox 547 1402 644 1430; x_wconf 92' lang='lat' dir='ltr'>tunc</span> <span class='ocrx_word' id='word_1_179' title='bbox 657 1394 847 1441; x_wconf 88' lang='lat' dir='ltr'>gaudium</span> <span class='ocrx_word' id='word_1_180' title='bbox 863 1394 915 1429; x_wconf 88' lang='lat' dir='ltr'>sit</span> <span class='ocrx_word' id='word_1_181' title='bbox 930 1393 1017 1432; x_wconf 91' lang='lat' dir='ltr'>illis,</span> <span class='ocrx_word' id='word_1_182' title='bbox 1028 1392 1211 1428; x_wconf 87' lang='lat' dir='ltr'>similiter</span> <span class='ocrx_word' id='word_1_183' title='bbox 1222 1398 1266 1427; x_wconf 92' lang='lat' dir='ltr'>ut</span> <span class='ocrx_word' id='word_1_184' title='bbox 1281 1392 1318 1427; x_wconf 88' lang='lat' dir='ltr'>in</span> <span class='ocrx_word' id='word_1_185' title='bbox 1333 1392 1483 1427; x_wconf 91' lang='lat' dir='ltr'>mundo</span> <span class='ocrx_word' id='word_1_186' title='bbox 1494 1398 1555 1427; x_wconf 89' lang='lat' dir='ltr'>est</span> <span class='ocrx_word' id='word_1_187' title='bbox 1568 1392 1643 1426; x_wconf 90' lang='lat' dir='ltr'>illis</span> <span class='ocrx_word' id='word_1_188' title='bbox 1655 1391 1721 1437; x_wconf 86' lang='lat' dir='ltr'>qui</span> <span class='ocrx_word' id='word_1_189' title='bbox 1737 1391 1775 1425; x_wconf 92' lang='lat' dir='ltr'>in</span> 
     </span>
     <span class='ocr_line' id='line_1_20' title="bbox 277 1445 1776 1495; baseline -0.003 -11"><span class='ocrx_word' id='word_1_190' title='bbox 277 1449 388 1484; x_wconf 87' lang='lat' dir='ltr'>aulas</span> <span class='ocrx_word' id='word_1_191' title='bbox 407 1459 542 1495; x_wconf 88' lang='lat' dir='ltr'>regum</span> <span class='ocrx_word' id='word_1_192' title='bbox 562 1448 703 1483; x_wconf 90' lang='lat' dir='ltr'>diebus</span> <span class='ocrx_word' id='word_1_193' title='bbox 721 1447 961 1487; x_wconf 82' lang='lat' dir='ltr'>festivitatis,</span> <span class='ocrx_word' id='word_1_194' title='bbox 980 1453 1050 1481; x_wconf 90' lang='lat' dir='ltr'>aut</span> <span class='ocrx_word' id='word_1_195' title='bbox 1068 1446 1108 1480; x_wconf 92' lang='lat' dir='ltr'>in</span> <span class='ocrx_word' id='word_1_196' title='bbox 1127 1445 1286 1491; x_wconf 88' lang='lat' dir='ltr'>nuptias</span> <span class='ocrx_word' id='word_1_197' title='bbox 1306 1445 1474 1485; x_wconf 91' lang='lat' dir='ltr'>invitati,</span> <span class='ocrx_word' id='word_1_198' title='bbox 1488 1445 1776 1491; x_wconf 89' lang='lat' dir='ltr'>ingrediuntur.</span> 
     </span>
    </p>

    <p class='ocr_par' dir='ltr' id='par_1_8' title="bbox 277 1499 1777 1969">
     <span class='ocr_line' id='line_1_21' title="bbox 304 1499 1776 1547; baseline -0.002 -12"><span class='ocrx_word' id='word_1_199' title='bbox 304 1532 306 1535; x_wconf 80' lang='grc'>,</span> <span class='ocrx_word' id='word_1_200' title='bbox 352 1501 428 1537; x_wconf 93' lang='lat' dir='ltr'>His</span> <span class='ocrx_word' id='word_1_201' title='bbox 449 1501 551 1536; x_wconf 83' lang='lat' dir='ltr'>dixit</span> <span class='ocrx_word' id='word_1_202' title='bbox 570 1501 745 1547; x_wconf 88' lang='lat' dir='ltr'>angelus,</span> <span class='ocrx_word' id='word_1_203' title='bbox 764 1505 785 1519; x_wconf 84' lang='lat'>‘⁴</span> <span class='ocrx_word' id='word_1_204' title='bbox 799 1500 960 1536; x_wconf 91' lang='lat' dir='ltr'>Manete</span> <span class='ocrx_word' id='word_1_205' title='bbox 978 1499 1044 1535; x_wconf 92' lang='lat' dir='ltr'>hic</span> <span class='ocrx_word' id='word_1_206' title='bbox 1061 1499 1358 1545; x_wconf 86' lang='lat' dir='ltr'>aliquantisper,</span> <span class='ocrx_word' id='word_1_207' title='bbox 1376 1505 1417 1534; x_wconf 90' lang='lat' dir='ltr'>et</span> <span class='ocrx_word' id='word_1_208' title='bbox 1437 1499 1590 1533; x_wconf 86' lang='lat' dir='ltr'>sonabo</span> <span class='ocrx_word' id='word_1_209' title='bbox 1610 1499 1716 1538; x_wconf 91' lang='lat' dir='ltr'>tuba,</span> <span class='ocrx_word' id='word_1_210' title='bbox 1736 1504 1776 1532; x_wconf 93' lang='lat' dir='ltr'>et</span> 
     </span>
     <span class='ocr_line' id='line_1_22' title="bbox 278 1550 1776 1599; baseline -0.003 -10"><span class='ocrx_word' id='word_1_211' title='bbox 278 1554 357 1590; x_wconf 92' lang='lat' dir='ltr'>huc</span> <span class='ocrx_word' id='word_1_212' title='bbox 370 1554 533 1589; x_wconf 90' lang='lat' dir='ltr'>venient</span> <span class='ocrx_word' id='word_1_213' title='bbox 549 1553 687 1588; x_wconf 89' lang='lat' dir='ltr'>incluti</span> <span class='ocrx_word' id='word_1_214' title='bbox 705 1553 811 1588; x_wconf 89' lang='lat' dir='ltr'>fama</span> <span class='ocrx_word' id='word_1_215' title='bbox 824 1552 1042 1598; x_wconf 88' lang='lat' dir='ltr'>sapientiae</span> <span class='ocrx_word' id='word_1_216' title='bbox 1057 1552 1098 1587; x_wconf 91' lang='lat' dir='ltr'>in</span> <span class='ocrx_word' id='word_1_217' title='bbox 1112 1551 1384 1597; x_wconf 90' lang='lat' dir='ltr'>spiritualibus</span> <span class='ocrx_word' id='word_1_218' title='bbox 1400 1550 1626 1586; x_wconf 88' lang='lat' dir='ltr'>ecclesiae.’&#39;</span> <span class='ocrx_word' id='word_1_219' title='bbox 1678 1551 1776 1599; x_wconf 78' lang='lat' dir='ltr'>Post</span> 
     </span>
     <span class='ocr_line' id='line_1_23' title="bbox 277 1604 1777 1653; baseline -0.003 -11"><span class='ocrx_word' id='word_1_220' title='bbox 277 1607 432 1653; x_wconf 90' lang='lat' dir='ltr'>aliquot</span> <span class='ocrx_word' id='word_1_221' title='bbox 452 1606 570 1642; x_wconf 89' lang='lat' dir='ltr'>horas</span> <span class='ocrx_word' id='word_1_222' title='bbox 591 1606 757 1641; x_wconf 89' lang='lat' dir='ltr'>aderant</span> <span class='ocrx_word' id='word_1_223' title='bbox 782 1617 927 1642; x_wconf 90' lang='lat' dir='ltr'>novem</span> <span class='ocrx_word' id='word_1_224' title='bbox 952 1605 1039 1646; x_wconf 90' lang='lat' dir='ltr'>viri,</span> <span class='ocrx_word' id='word_1_225' title='bbox 1061 1605 1229 1651; x_wconf 92' lang='lat' dir='ltr'>quisque</span> <span class='ocrx_word' id='word_1_226' title='bbox 1252 1604 1464 1651; x_wconf 86' lang='lat' dir='ltr'>insignitus</span> <span class='ocrx_word' id='word_1_227' title='bbox 1490 1604 1613 1645; x_wconf 85' lang='lat' dir='ltr'>lauru,</span> <span class='ocrx_word' id='word_1_228' title='bbox 1631 1605 1777 1639; x_wconf 90' lang='lat' dir='ltr'>adorea</span> 
     </span>
     <span class='ocr_line' id='line_1_24' title="bbox 277 1657 1776 1706; baseline -0.002 -11"><span class='ocrx_word' id='word_1_229' title='bbox 277 1659 408 1695; x_wconf 89' lang='lat' dir='ltr'>famae</span> <span class='ocrx_word' id='word_1_230' title='bbox 438 1670 552 1700; x_wconf 89' lang='lat' dir='ltr'>suae;</span> <span class='ocrx_word' id='word_1_231' title='bbox 589 1659 663 1694; x_wconf 87' lang='lat' dir='ltr'>hos</span> <span class='ocrx_word' id='word_1_232' title='bbox 690 1659 856 1706; x_wconf 88' lang='lat' dir='ltr'>angelus</span> <span class='ocrx_word' id='word_1_233' title='bbox 884 1658 1107 1693; x_wconf 86' lang='lat' dir='ltr'>introduxit</span> <span class='ocrx_word' id='word_1_234' title='bbox 1135 1658 1175 1692; x_wconf 92' lang='lat' dir='ltr'>in</span> <span class='ocrx_word' id='word_1_235' title='bbox 1204 1659 1343 1693; x_wconf 91' lang='lat' dir='ltr'>aedem</span> <span class='ocrx_word' id='word_1_236' title='bbox 1372 1664 1606 1698; x_wconf 88' lang='lat' dir='ltr'>conventus,</span> <span class='ocrx_word' id='word_1_237' title='bbox 1630 1657 1669 1692; x_wconf 91' lang='lat' dir='ltr'>in</span> <span class='ocrx_word' id='word_1_238' title='bbox 1699 1668 1776 1703; x_wconf 90' lang='lat' dir='ltr'>qua</span> 
     </span>
     <span class='ocr_line' id='line_1_25' title="bbox 278 1710 1776 1758; baseline -0.002 -10"><span class='ocrx_word' id='word_1_239' title='bbox 278 1724 419 1748; x_wconf 90' lang='lat' dir='ltr'>omnes</span> <span class='ocrx_word' id='word_1_240' title='bbox 438 1713 546 1758; x_wconf 89' lang='lat' dir='ltr'>prius</span> <span class='ocrx_word' id='word_1_241' title='bbox 571 1712 782 1748; x_wconf 87' lang='lat' dir='ltr'>convocati</span> <span class='ocrx_word' id='word_1_242' title='bbox 804 1712 990 1752; x_wconf 74' lang='lat' dir='ltr'>aderant3</span> <span class='ocrx_word' id='word_1_243' title='bbox 1021 1711 1061 1746; x_wconf 93' lang='lat' dir='ltr'>in</span> <span class='ocrx_word' id='word_1_244' title='bbox 1087 1711 1230 1747; x_wconf 90' lang='lat' dir='ltr'>horum</span> <span class='ocrx_word' id='word_1_245' title='bbox 1250 1711 1475 1756; x_wconf 88' lang='lat' dir='ltr'>praesentia</span> <span class='ocrx_word' id='word_1_246' title='bbox 1492 1711 1657 1757; x_wconf 87' lang='lat' dir='ltr'>angelus</span> <span class='ocrx_word' id='word_1_247' title='bbox 1679 1710 1776 1746; x_wconf 89' lang='lat' dir='ltr'>allo-</span> 
     </span>
     <span class='ocr_line' id='line_1_26' title="bbox 277 1763 1776 1810; baseline -0.002 -9"><span class='ocrx_word' id='word_1_248' title='bbox 277 1772 395 1802; x_wconf 90' lang='lat' dir='ltr'>cutus</span> <span class='ocrx_word' id='word_1_249' title='bbox 410 1776 555 1801; x_wconf 90' lang='lat' dir='ltr'>novem</span> <span class='ocrx_word' id='word_1_250' title='bbox 570 1765 779 1804; x_wconf 89' lang='lat' dir='ltr'>laureatos,</span> <span class='ocrx_word' id='word_1_251' title='bbox 795 1765 907 1805; x_wconf 89' lang='lat' dir='ltr'>dixit,</span> <span class='ocrx_word' id='word_1_252' title='bbox 923 1769 943 1782; x_wconf 87' lang='lat'><strong>“</strong></span> <span class='ocrx_word' id='word_1_253' title='bbox 957 1763 1049 1800; x_wconf 90' lang='lat' dir='ltr'>Scio</span> <span class='ocrx_word' id='word_1_254' title='bbox 1063 1764 1170 1810; x_wconf 91' lang='lat' dir='ltr'>quod</span> <span class='ocrx_word' id='word_1_255' title='bbox 1186 1764 1300 1799; x_wconf 89' lang='lat' dir='ltr'>vobis</span> <span class='ocrx_word' id='word_1_256' title='bbox 1314 1775 1363 1799; x_wconf 90' lang='lat' dir='ltr'>ex</span> <span class='ocrx_word' id='word_1_257' title='bbox 1376 1771 1473 1799; x_wconf 90' lang='lat' dir='ltr'>voto</span> <span class='ocrx_word' id='word_1_258' title='bbox 1487 1771 1622 1799; x_wconf 91' lang='lat' dir='ltr'>vestro</span> <span class='ocrx_word' id='word_1_259' title='bbox 1636 1774 1776 1798; x_wconf 91' lang='lat' dir='ltr'>secun-</span> 
     </span>
     <span class='ocr_line' id='line_1_27' title="bbox 277 1817 1775 1863; baseline -0.002 -9"><span class='ocrx_word' id='word_1_260' title='bbox 277 1819 373 1855; x_wconf 92' lang='lat' dir='ltr'>dum</span> <span class='ocrx_word' id='word_1_261' title='bbox 393 1819 522 1854; x_wconf 88' lang='lat' dir='ltr'>ideam</span> <span class='ocrx_word' id='word_1_262' title='bbox 540 1825 726 1858; x_wconf 84' lang='lat' dir='ltr'>vestram,</span> <span class='ocrx_word' id='word_1_263' title='bbox 745 1818 884 1853; x_wconf 91' lang='lat' dir='ltr'>datum</span> <span class='ocrx_word' id='word_1_264' title='bbox 903 1817 955 1852; x_wconf 92' lang='lat' dir='ltr'>sit</span> <span class='ocrx_word' id='word_1_265' title='bbox 975 1817 1189 1852; x_wconf 89' lang='lat' dir='ltr'>ascendere</span> <span class='ocrx_word' id='word_1_266' title='bbox 1212 1817 1250 1851; x_wconf 93' lang='lat' dir='ltr'>in</span> <span class='ocrx_word' id='word_1_267' title='bbox 1270 1817 1435 1857; x_wconf 85' lang='lat' dir='ltr'>caelum,</span> <span class='ocrx_word' id='word_1_268' title='bbox 1455 1824 1494 1852; x_wconf 90' lang='lat' dir='ltr'>et</span> <span class='ocrx_word' id='word_1_269' title='bbox 1517 1817 1627 1863; x_wconf 92' lang='lat' dir='ltr'>quod</span> <span class='ocrx_word' id='word_1_270' title='bbox 1649 1817 1775 1852; x_wconf 91' lang='lat' dir='ltr'>redie-</span> 
     </span>
     <span class='ocr_line' id='line_1_28' title="bbox 278 1870 1776 1916; baseline -0.003 -8"><span class='ocrx_word' id='word_1_271' title='bbox 278 1872 365 1908; x_wconf 85' lang='lat' dir='ltr'>ritis</span> <span class='ocrx_word' id='word_1_272' title='bbox 384 1872 424 1907; x_wconf 90' lang='lat' dir='ltr'>in</span> <span class='ocrx_word' id='word_1_273' title='bbox 443 1871 669 1908; x_wconf 87' lang='lat' dir='ltr'>inferiorem</span> <span class='ocrx_word' id='word_1_274' title='bbox 685 1871 787 1906; x_wconf 90' lang='lat' dir='ltr'>hanc</span> <span class='ocrx_word' id='word_1_275' title='bbox 804 1881 873 1906; x_wconf 92' lang='lat' dir='ltr'>seu</span> <span class='ocrx_word' id='word_1_276' title='bbox 892 1870 1178 1906; x_wconf 89' lang='lat' dir='ltr'>subcaelestem</span> <span class='ocrx_word' id='word_1_277' title='bbox 1193 1876 1350 1910; x_wconf 89' lang='lat' dir='ltr'>terram,</span> <span class='ocrx_word' id='word_1_278' title='bbox 1366 1881 1456 1905; x_wconf 92' lang='lat' dir='ltr'>cum</span> <span class='ocrx_word' id='word_1_279' title='bbox 1476 1870 1597 1916; x_wconf 88' lang='lat' dir='ltr'>plena</span> <span class='ocrx_word' id='word_1_280' title='bbox 1610 1870 1776 1905; x_wconf 88' lang='lat' dir='ltr'>scientia</span> 
     </span>
     <span class='ocr_line' id='line_1_29' title="bbox 278 1923 1775 1969; baseline -0.003 -8"><span class='ocrx_word' id='word_1_281' title='bbox 278 1925 329 1961; x_wconf 92' lang='lat' dir='ltr'>de</span> <span class='ocrx_word' id='word_1_282' title='bbox 346 1931 454 1961; x_wconf 92' lang='lat' dir='ltr'>statu</span> <span class='ocrx_word' id='word_1_283' title='bbox 473 1925 570 1960; x_wconf 87' lang='lat' dir='ltr'>caeli</span> <span class='ocrx_word' id='word_1_284' title='bbox 585 1937 592 1965; x_wconf 87' lang='lat'><strong>;</strong></span> <span class='ocrx_word' id='word_1_285' title='bbox 614 1930 926 1959; x_wconf 88' lang='lat' dir='ltr'>commemorate</span> <span class='ocrx_word' id='word_1_286' title='bbox 945 1923 1090 1969; x_wconf 87' lang='lat' dir='ltr'>itaque,</span> <span class='ocrx_word' id='word_1_287' title='bbox 1106 1923 1222 1969; x_wconf 90' lang='lat' dir='ltr'>quale</span> <span class='ocrx_word' id='word_1_288' title='bbox 1233 1923 1347 1958; x_wconf 90' lang='lat' dir='ltr'>vobis</span> <span class='ocrx_word' id='word_1_289' title='bbox 1361 1923 1489 1958; x_wconf 88' lang='lat' dir='ltr'>visum</span> <span class='ocrx_word' id='word_1_290' title='bbox 1506 1930 1566 1958; x_wconf 85' lang='lat' dir='ltr'>est</span> <span class='ocrx_word' id='word_1_291' title='bbox 1585 1923 1775 1958; x_wconf 89' lang='lat' dir='ltr'>caelum.”</span> 
     </span>
    </p>

    <p class='ocr_par' dir='ltr' id='par_1_9' title="bbox 276 1975 1776 2870">
     <span class='ocr_line' id='line_1_30' title="bbox 351 1975 1775 2023; baseline -0.001 -10"><span class='ocrx_word' id='word_1_292' title='bbox 351 1978 401 2013; x_wconf 89' lang='lat' dir='ltr'>Et</span> <span class='ocrx_word' id='word_1_293' title='bbox 422 1978 712 2023; x_wconf 89' lang='lat' dir='ltr'>responderunt</span> <span class='ocrx_word' id='word_1_294' title='bbox 733 1976 772 2011; x_wconf 93' lang='lat' dir='ltr'>in</span> <span class='ocrx_word' id='word_1_295' title='bbox 793 1976 944 2016; x_wconf 91' lang='lat' dir='ltr'>ordine,</span> <span class='ocrx_word' id='word_1_296' title='bbox 963 1982 1005 2011; x_wconf 93' lang='lat' dir='ltr'>et</span> <span class='ocrx_word' id='word_1_297' title='bbox 1026 1976 1128 2011; x_wconf 85' lang='lat' dir='ltr'>dixit</span> <span class='ocrx_word' id='word_1_298' title='bbox 1150 1976 1311 2022; x_wconf 84' lang='lat' dir='ltr'>primus,</span> <span class='ocrx_word' id='word_1_299' title='bbox 1339 1975 1469 2011; x_wconf 87' lang='lat' dir='ltr'>“Idea</span> <span class='ocrx_word' id='word_1_300' title='bbox 1487 1987 1575 2011; x_wconf 86' lang='lat' dir='ltr'>mea</span> <span class='ocrx_word' id='word_1_301' title='bbox 1596 1977 1645 2011; x_wconf 93' lang='lat' dir='ltr'>de</span> <span class='ocrx_word' id='word_1_302' title='bbox 1664 1976 1775 2011; x_wconf 92' lang='lat' dir='ltr'>caelo</span> 
     </span>
     <span class='ocr_line' id='line_1_31' title="bbox 276 2028 1776 2077; baseline -0.002 -11"><span class='ocrx_word' id='word_1_303' title='bbox 276 2041 301 2067; x_wconf 91' lang='lat' dir='ltr'>a</span> <span class='ocrx_word' id='word_1_304' title='bbox 321 2031 448 2077; x_wconf 88' lang='lat' dir='ltr'>prima</span> <span class='ocrx_word' id='word_1_305' title='bbox 466 2030 636 2076; x_wconf 90' lang='lat' dir='ltr'>pueritia</span> <span class='ocrx_word' id='word_1_306' title='bbox 653 2041 779 2076; x_wconf 91' lang='lat' dir='ltr'>usque</span> <span class='ocrx_word' id='word_1_307' title='bbox 799 2030 849 2064; x_wconf 87' lang='lat' dir='ltr'>ad</span> <span class='ocrx_word' id='word_1_308' title='bbox 871 2029 991 2065; x_wconf 90' lang='lat' dir='ltr'>finem</span> <span class='ocrx_word' id='word_1_309' title='bbox 1011 2029 1117 2064; x_wconf 90' lang='lat' dir='ltr'>vitae</span> <span class='ocrx_word' id='word_1_310' title='bbox 1140 2029 1179 2064; x_wconf 93' lang='lat' dir='ltr'>in</span> <span class='ocrx_word' id='word_1_311' title='bbox 1202 2029 1365 2069; x_wconf 91' lang='lat' dir='ltr'>mundo,</span> <span class='ocrx_word' id='word_1_312' title='bbox 1385 2028 1523 2070; x_wconf 85' lang='lat' dir='ltr'>fuerat,</span> <span class='ocrx_word' id='word_1_313' title='bbox 1543 2030 1650 2075; x_wconf 91' lang='lat' dir='ltr'>quod</span> <span class='ocrx_word' id='word_1_314' title='bbox 1669 2035 1776 2065; x_wconf 90' lang='lat' dir='ltr'>esset</span> 
     </span>
     <span class='ocr_line' id='line_1_32' title="bbox 276 2082 1774 2128; baseline -0.001 -9"><span class='ocrx_word' id='word_1_315' title='bbox 276 2083 388 2120; x_wconf 88' lang='lat' dir='ltr'>locus</span> <span class='ocrx_word' id='word_1_316' title='bbox 414 2084 595 2119; x_wconf 88' lang='lat' dir='ltr'>omnium</span> <span class='ocrx_word' id='word_1_317' title='bbox 622 2083 896 2123; x_wconf 84' lang='lat' dir='ltr'>beatudinum,</span> <span class='ocrx_word' id='word_1_318' title='bbox 916 2082 1178 2123; x_wconf 86' lang='lat' dir='ltr'>faustitatum,</span> <span class='ocrx_word' id='word_1_319' title='bbox 1196 2082 1533 2128; x_wconf 85' lang='lat' dir='ltr'>juncunditatum,</span> <span class='ocrx_word' id='word_1_320' title='bbox 1553 2083 1774 2118; x_wconf 90' lang='lat' dir='ltr'>amoenita-</span> 
     </span>
     <span class='ocr_line' id='line_1_33' title="bbox 276 2135 1773 2182; baseline -0.001 -10"><span class='ocrx_word' id='word_1_321' title='bbox 276 2144 378 2176; x_wconf 86' lang='lat' dir='ltr'>tum,</span> <span class='ocrx_word' id='word_1_322' title='bbox 404 2143 446 2172; x_wconf 90' lang='lat' dir='ltr'>et</span> <span class='ocrx_word' id='word_1_323' title='bbox 471 2137 747 2182; x_wconf 90' lang='lat' dir='ltr'>voluptatum;</span> <span class='ocrx_word' id='word_1_324' title='bbox 781 2142 822 2171; x_wconf 92' lang='lat' dir='ltr'>et</span> <span class='ocrx_word' id='word_1_325' title='bbox 851 2135 959 2181; x_wconf 93' lang='lat' dir='ltr'>quod</span> <span class='ocrx_word' id='word_1_326' title='bbox 987 2135 1020 2170; x_wconf 90' lang='lat' dir='ltr'>si</span> <span class='ocrx_word' id='word_1_327' title='bbox 1050 2135 1348 2175; x_wconf 88' lang='lat' dir='ltr'>intromitterer,</span> <span class='ocrx_word' id='word_1_328' title='bbox 1370 2135 1510 2170; x_wconf 90' lang='lat' dir='ltr'>talium</span> <span class='ocrx_word' id='word_1_329' title='bbox 1537 2135 1773 2170; x_wconf 83' lang='lat' dir='ltr'>felicitatum</span> 
     </span>
     <span class='ocr_line' id='line_1_34' title="bbox 276 2186 1774 2235; baseline -0.001 -10"><span class='ocrx_word' id='word_1_330' title='bbox 276 2200 374 2225; x_wconf 91' lang='lat' dir='ltr'>aura</span> <span class='ocrx_word' id='word_1_331' title='bbox 395 2188 745 2229; x_wconf 77' lang='lat' dir='ltr'>circumfunderet,</span> <span class='ocrx_word' id='word_1_332' title='bbox 764 2195 805 2224; x_wconf 92' lang='lat' dir='ltr'>et</span> <span class='ocrx_word' id='word_1_333' title='bbox 830 2189 950 2234; x_wconf 92' lang='lat' dir='ltr'>pleno</span> <span class='ocrx_word' id='word_1_334' title='bbox 977 2186 1136 2234; x_wconf 60' lang='lat' dir='ltr'>pectore</span> <span class='ocrx_word' id='word_1_335' title='bbox 1155 2188 1353 2223; x_wconf 90' lang='lat' dir='ltr'>haurirem</span> <span class='ocrx_word' id='word_1_336' title='bbox 1382 2188 1459 2228; x_wconf 90' lang='lat' dir='ltr'>illa,</span> <span class='ocrx_word' id='word_1_337' title='bbox 1478 2188 1582 2224; x_wconf 89' lang='lat' dir='ltr'>sicut</span> <span class='ocrx_word' id='word_1_338' title='bbox 1602 2200 1774 2235; x_wconf 90' lang='lat' dir='ltr'>sponsus</span> 
     </span>
     <span class='ocr_line' id='line_1_35' title="bbox 276 2241 1775 2288; baseline -0.001 -10"><span class='ocrx_word' id='word_1_339' title='bbox 276 2253 368 2278; x_wconf 90' lang='lat' dir='ltr'>cum</span> <span class='ocrx_word' id='word_1_340' title='bbox 390 2242 563 2278; x_wconf 89' lang='lat' dir='ltr'>celebrat</span> <span class='ocrx_word' id='word_1_341' title='bbox 585 2241 756 2288; x_wconf 88' lang='lat' dir='ltr'>nuptias,</span> <span class='ocrx_word' id='word_1_342' title='bbox 774 2252 821 2276; x_wconf 91' lang='lat' dir='ltr'>ac</span> <span class='ocrx_word' id='word_1_343' title='bbox 841 2252 931 2276; x_wconf 91' lang='lat' dir='ltr'>cum</span> <span class='ocrx_word' id='word_1_344' title='bbox 956 2241 1076 2276; x_wconf 89' lang='lat' dir='ltr'>intrat</span> <span class='ocrx_word' id='word_1_345' title='bbox 1093 2241 1314 2276; x_wconf 88' lang='lat' dir='ltr'>thalamum</span> <span class='ocrx_word' id='word_1_346' title='bbox 1336 2252 1426 2276; x_wconf 93' lang='lat' dir='ltr'>cum</span> <span class='ocrx_word' id='word_1_347' title='bbox 1445 2252 1613 2287; x_wconf 91' lang='lat' dir='ltr'>sponsa:</span> <span class='ocrx_word' id='word_1_348' title='bbox 1641 2241 1679 2276; x_wconf 93' lang='lat' dir='ltr'>in</span> <span class='ocrx_word' id='word_1_349' title='bbox 1699 2242 1775 2277; x_wconf 92' lang='lat' dir='ltr'>hac</span> 
     </span>
     <span class='ocr_line' id='line_1_36' title="bbox 277 2294 1775 2340; baseline -0.001 -9"><span class='ocrx_word' id='word_1_350' title='bbox 277 2295 368 2331; x_wconf 88' lang='lat' dir='ltr'>idea</span> <span class='ocrx_word' id='word_1_351' title='bbox 387 2294 548 2331; x_wconf 89' lang='lat' dir='ltr'>ascendi</span> <span class='ocrx_word' id='word_1_352' title='bbox 575 2294 615 2329; x_wconf 90' lang='lat' dir='ltr'>in</span> <span class='ocrx_word' id='word_1_353' title='bbox 636 2295 801 2334; x_wconf 91' lang='lat' dir='ltr'>caelum,</span> <span class='ocrx_word' id='word_1_354' title='bbox 821 2300 862 2329; x_wconf 89' lang='lat' dir='ltr'>et</span> <span class='ocrx_word' id='word_1_355' title='bbox 882 2294 1048 2329; x_wconf 89' lang='lat' dir='ltr'>transivi</span> <span class='ocrx_word' id='word_1_356' title='bbox 1071 2294 1218 2340; x_wconf 91' lang='lat' dir='ltr'>primas</span> <span class='ocrx_word' id='word_1_357' title='bbox 1236 2294 1450 2334; x_wconf 88' lang='lat' dir='ltr'>custodias,</span> <span class='ocrx_word' id='word_1_358' title='bbox 1470 2301 1511 2329; x_wconf 91' lang='lat' dir='ltr'>et</span> <span class='ocrx_word' id='word_1_359' title='bbox 1532 2305 1692 2340; x_wconf 90' lang='lat' dir='ltr'>quoque</span> <span class='ocrx_word' id='word_1_360' title='bbox 1713 2306 1775 2330; x_wconf 89' lang='lat' dir='ltr'>se-</span> 
     </span>
     <span class='ocr_line' id='line_1_37' title="bbox 277 2347 1774 2394; baseline -0.001 -10"><span class='ocrx_word' id='word_1_361' title='bbox 277 2348 442 2389; x_wconf 88' lang='lat' dir='ltr'>cundas,</span> <span class='ocrx_word' id='word_1_362' title='bbox 460 2355 502 2383; x_wconf 92' lang='lat' dir='ltr'>at</span> <span class='ocrx_word' id='word_1_363' title='bbox 522 2358 615 2383; x_wconf 91' lang='lat' dir='ltr'>cum</span> <span class='ocrx_word' id='word_1_364' title='bbox 637 2348 687 2382; x_wconf 92' lang='lat' dir='ltr'>ad</span> <span class='ocrx_word' id='word_1_365' title='bbox 709 2347 847 2382; x_wconf 90' lang='lat' dir='ltr'>tertias</span> <span class='ocrx_word' id='word_1_366' title='bbox 864 2347 967 2387; x_wconf 90' lang='lat' dir='ltr'>veni,</span> <span class='ocrx_word' id='word_1_367' title='bbox 986 2347 1267 2393; x_wconf 90' lang='lat' dir='ltr'>alloquebatur</span> <span class='ocrx_word' id='word_1_368' title='bbox 1287 2358 1350 2383; x_wconf 90' lang='lat' dir='ltr'>me</span> <span class='ocrx_word' id='word_1_369' title='bbox 1371 2348 1642 2383; x_wconf 88' lang='lat' dir='ltr'>custodiarum</span> <span class='ocrx_word' id='word_1_370' title='bbox 1662 2359 1774 2394; x_wconf 89' lang='lat' dir='ltr'>prae-</span> 
     </span>
     <span class='ocr_line' id='line_1_38' title="bbox 278 2399 1774 2447; baseline -0.001 -11"><span class='ocrx_word' id='word_1_371' title='bbox 278 2400 416 2441; x_wconf 69' lang='lat' dir='ltr'>fec&#39;tus,</span> <span class='ocrx_word' id='word_1_372' title='bbox 437 2407 478 2436; x_wconf 89' lang='lat' dir='ltr'>et</span> <span class='ocrx_word' id='word_1_373' title='bbox 503 2401 614 2442; x_wconf 90' lang='lat' dir='ltr'>dixit,</span> <span class='ocrx_word' id='word_1_374' title='bbox 637 2399 756 2447; x_wconf 75' lang='lat' dir='ltr'>‘Quis</span> <span class='ocrx_word' id='word_1_375' title='bbox 776 2411 829 2440; x_wconf 90' lang='lat' dir='ltr'>es,</span> <span class='ocrx_word' id='word_1_376' title='bbox 851 2400 977 2435; x_wconf 88' lang='lat' dir='ltr'>amice</span> <span class='ocrx_word' id='word_1_377' title='bbox 987 2399 1015 2435; x_wconf 89' lang='lat'>?&#39;</span> <span class='ocrx_word' id='word_1_378' title='bbox 1067 2400 1117 2435; x_wconf 89' lang='lat' dir='ltr'>Et</span> <span class='ocrx_word' id='word_1_379' title='bbox 1138 2400 1337 2446; x_wconf 89' lang='lat' dir='ltr'>respondi,</span> <span class='ocrx_word' id='word_1_380' title='bbox 1362 2400 1483 2436; x_wconf 89' lang='lat' dir='ltr'>Estne</span> <span class='ocrx_word' id='word_1_381' title='bbox 1505 2401 1570 2436; x_wconf 90' lang='lat' dir='ltr'>hic</span> <span class='ocrx_word' id='word_1_382' title='bbox 1591 2400 1774 2436; x_wconf 85' lang='lat' dir='ltr'>caelum?</span> 
     </span>
     <span class='ocr_line' id='line_1_39' title="bbox 280 2453 1773 2499; baseline -0.001 -10"><span class='ocrx_word' id='word_1_383' title='bbox 280 2453 371 2489; x_wconf 92' lang='lat' dir='ltr'>Huc</span> <span class='ocrx_word' id='word_1_384' title='bbox 385 2465 434 2489; x_wconf 89' lang='lat' dir='ltr'>ex</span> <span class='ocrx_word' id='word_1_385' title='bbox 447 2461 544 2489; x_wconf 94' lang='lat' dir='ltr'>voto</span> <span class='ocrx_word' id='word_1_386' title='bbox 559 2453 746 2489; x_wconf 89' lang='lat' dir='ltr'>desiderii</span> <span class='ocrx_word' id='word_1_387' title='bbox 761 2453 838 2488; x_wconf 89' lang='lat' dir='ltr'>mei</span> <span class='ocrx_word' id='word_1_388' title='bbox 852 2453 1012 2488; x_wconf 88' lang='lat' dir='ltr'>ascendi</span> <span class='ocrx_word' id='word_1_389' title='bbox 1026 2464 1034 2494; x_wconf 75' lang='grc' dir='ltr'>ς</span> <span class='ocrx_word' id='word_1_390' title='bbox 1057 2453 1280 2488; x_wconf 90' lang='lat' dir='ltr'>intromitte</span> <span class='ocrx_word' id='word_1_391' title='bbox 1294 2463 1442 2499; x_wconf 88' lang='lat' dir='ltr'>quaeso</span> <span class='ocrx_word' id='word_1_392' title='bbox 1456 2465 1464 2494; x_wconf 73' lang='grc' dir='ltr'>ς</span> <span class='ocrx_word' id='word_1_393' title='bbox 1485 2464 1531 2488; x_wconf 91' lang='lat' dir='ltr'>ac</span> <span class='ocrx_word' id='word_1_394' title='bbox 1547 2454 1773 2489; x_wconf 89' lang='lat' dir='ltr'>intromisit.</span> 
     </span>
     <span class='ocr_line' id='line_1_40' title="bbox 279 2505 1772 2553; baseline 0 -12"><span class='ocrx_word' id='word_1_395' title='bbox 279 2505 331 2541; x_wconf 89' lang='lat' dir='ltr'>Et</span> <span class='ocrx_word' id='word_1_396' title='bbox 344 2506 425 2542; x_wconf 92' lang='lat' dir='ltr'>vidi</span> <span class='ocrx_word' id='word_1_397' title='bbox 440 2507 602 2553; x_wconf 88' lang='lat' dir='ltr'>angelos</span> <span class='ocrx_word' id='word_1_398' title='bbox 622 2507 660 2541; x_wconf 93' lang='lat' dir='ltr'>in</span> <span class='ocrx_word' id='word_1_399' title='bbox 678 2506 856 2542; x_wconf 89' lang='lat' dir='ltr'>vestibus</span> <span class='ocrx_word' id='word_1_400' title='bbox 874 2506 984 2546; x_wconf 88' lang='lat' dir='ltr'>albis,</span> <span class='ocrx_word' id='word_1_401' title='bbox 998 2512 1039 2541; x_wconf 91' lang='lat' dir='ltr'>et</span> <span class='ocrx_word' id='word_1_402' title='bbox 1057 2505 1097 2540; x_wconf 94' lang='lat' dir='ltr'>hi</span> <span class='ocrx_word' id='word_1_403' title='bbox 1117 2517 1179 2541; x_wconf 90' lang='lat' dir='ltr'>me</span> <span class='ocrx_word' id='word_1_404' title='bbox 1193 2506 1466 2546; x_wconf 89' lang='lat' dir='ltr'>circumibant,</span> <span class='ocrx_word' id='word_1_405' title='bbox 1482 2512 1522 2541; x_wconf 91' lang='lat' dir='ltr'>et</span> <span class='ocrx_word' id='word_1_406' title='bbox 1540 2507 1772 2545; x_wconf 86' lang='lat' dir='ltr'>lustrabant,</span> 
     </span>
     <span class='ocr_line' id='line_1_41' title="bbox 277 2558 1773 2604; baseline 0 -10"><span class='ocrx_word' id='word_1_407' title='bbox 277 2565 318 2594; x_wconf 88' lang='lat' dir='ltr'>et</span> <span class='ocrx_word' id='word_1_408' title='bbox 332 2560 631 2595; x_wconf 89' lang='lat' dir='ltr'>murmurabant</span> <span class='ocrx_word' id='word_1_409' title='bbox 645 2560 733 2600; x_wconf 90' lang='lat' dir='ltr'>hoc,</span> <span class='ocrx_word' id='word_1_410' title='bbox 747 2564 754 2577; x_wconf 84' lang='lat'><em>‘</em></span> <span class='ocrx_word' id='word_1_411' title='bbox 769 2559 826 2594; x_wconf 90' lang='lat' dir='ltr'>En</span> <span class='ocrx_word' id='word_1_412' title='bbox 842 2570 989 2594; x_wconf 90' lang='lat' dir='ltr'>novum</span> <span class='ocrx_word' id='word_1_413' title='bbox 1009 2558 1209 2604; x_wconf 89' lang='lat' dir='ltr'>hospitem</span> <span class='ocrx_word' id='word_1_414' title='bbox 1225 2570 1304 2594; x_wconf 90' lang='lat' dir='ltr'>non</span> <span class='ocrx_word' id='word_1_415' title='bbox 1321 2559 1504 2594; x_wconf 89' lang='lat' dir='ltr'>indutum</span> <span class='ocrx_word' id='word_1_416' title='bbox 1517 2566 1628 2594; x_wconf 89' lang='lat' dir='ltr'>veste</span> <span class='ocrx_word' id='word_1_417' title='bbox 1642 2559 1739 2594; x_wconf 87' lang='lat' dir='ltr'>caeli</span> <span class='ocrx_word' id='word_1_418' title='bbox 1754 2559 1773 2598; x_wconf 80' lang='lat'>:⁹</span> 
     </span>
     <span class='ocr_line' id='line_1_42' title="bbox 277 2611 1773 2658; baseline -0.001 -11"><span class='ocrx_word' id='word_1_419' title='bbox 277 2617 318 2647; x_wconf 90' lang='lat' dir='ltr'>et</span> <span class='ocrx_word' id='word_1_420' title='bbox 335 2622 411 2658; x_wconf 90' lang='lat' dir='ltr'>ego</span> <span class='ocrx_word' id='word_1_421' title='bbox 429 2612 527 2648; x_wconf 91' lang='lat' dir='ltr'>haec</span> <span class='ocrx_word' id='word_1_422' title='bbox 544 2613 689 2653; x_wconf 91' lang='lat' dir='ltr'>audivi,</span> <span class='ocrx_word' id='word_1_423' title='bbox 709 2619 748 2647; x_wconf 95' lang='lat' dir='ltr'>et</span> <span class='ocrx_word' id='word_1_424' title='bbox 766 2612 949 2658; x_wconf 88' lang='lat' dir='ltr'>cogitavi,</span> <span class='ocrx_word' id='word_1_425' title='bbox 968 2611 1057 2646; x_wconf 90' lang='lat' dir='ltr'>Hoc</span> <span class='ocrx_word' id='word_1_426' title='bbox 1074 2619 1239 2657; x_wconf 88' lang='lat' dir='ltr'>apparet</span> <span class='ocrx_word' id='word_1_427' title='bbox 1259 2612 1356 2646; x_wconf 87' lang='lat' dir='ltr'>mihi</span> <span class='ocrx_word' id='word_1_428' title='bbox 1375 2612 1503 2647; x_wconf 92' lang='lat' dir='ltr'>simile</span> <span class='ocrx_word' id='word_1_429' title='bbox 1518 2623 1608 2646; x_wconf 90' lang='lat' dir='ltr'>cum</span> <span class='ocrx_word' id='word_1_430' title='bbox 1629 2613 1707 2652; x_wconf 89' lang='lat' dir='ltr'>illo,</span> <span class='ocrx_word' id='word_1_431' title='bbox 1723 2612 1773 2646; x_wconf 88' lang='lat' dir='ltr'>de</span> 
     </span>
     <span class='ocr_line' id='line_1_43' title="bbox 277 2664 1772 2711; baseline 0 -12"><span class='ocrx_word' id='word_1_432' title='bbox 277 2675 360 2710; x_wconf 92' lang='lat' dir='ltr'>quo</span> <span class='ocrx_word' id='word_1_433' title='bbox 374 2664 571 2701; x_wconf 89' lang='lat' dir='ltr'>Dominus</span> <span class='ocrx_word' id='word_1_434' title='bbox 585 2665 693 2706; x_wconf 90' lang='lat' dir='ltr'>dicit,</span> <span class='ocrx_word' id='word_1_435' title='bbox 707 2666 814 2711; x_wconf 90' lang='lat' dir='ltr'>quod</span> <span class='ocrx_word' id='word_1_436' title='bbox 833 2666 981 2710; x_wconf 91' lang='lat' dir='ltr'>absque</span> <span class='ocrx_word' id='word_1_437' title='bbox 995 2671 1106 2700; x_wconf 91' lang='lat' dir='ltr'>veste</span> <span class='ocrx_word' id='word_1_438' title='bbox 1122 2665 1289 2710; x_wconf 85' lang='lat' dir='ltr'>nuptiali</span> <span class='ocrx_word' id='word_1_439' title='bbox 1309 2665 1514 2700; x_wconf 89' lang='lat' dir='ltr'>intraverit</span> <span class='ocrx_word' id='word_1_440' title='bbox 1533 2665 1571 2699; x_wconf 89' lang='lat' dir='ltr'>in</span> <span class='ocrx_word' id='word_1_441' title='bbox 1592 2665 1751 2710; x_wconf 89' lang='lat' dir='ltr'>nuptias</span> <span class='ocrx_word' id='word_1_442' title='bbox 1765 2676 1772 2703; x_wconf 87' lang='lat'>:</span> 
     </span>
     <span class='ocr_line' id='line_1_44' title="bbox 277 2717 1772 2758; baseline 0 -7"><span class='ocrx_word' id='word_1_443' title='bbox 277 2722 319 2751; x_wconf 91' lang='lat' dir='ltr'>et</span> <span class='ocrx_word' id='word_1_444' title='bbox 339 2717 431 2758; x_wconf 82' lang='lat' dir='ltr'>dixi,</span> <span class='ocrx_word' id='word_1_445' title='bbox 453 2717 555 2754; x_wconf 89' lang='lat' dir='ltr'>Date</span> <span class='ocrx_word' id='word_1_446' title='bbox 577 2718 674 2753; x_wconf 90' lang='lat' dir='ltr'>mihi</span> <span class='ocrx_word' id='word_1_447' title='bbox 698 2718 799 2754; x_wconf 89' lang='lat' dir='ltr'>tales</span> <span class='ocrx_word' id='word_1_448' title='bbox 819 2725 971 2758; x_wconf 80' lang='lat' dir='ltr'>vestes:</span> <span class='ocrx_word' id='word_1_449' title='bbox 1003 2724 1043 2753; x_wconf 92' lang='lat' dir='ltr'>et</span> <span class='ocrx_word' id='word_1_450' title='bbox 1069 2718 1260 2753; x_wconf 88' lang='lat' dir='ltr'>riserunt:</span> <span class='ocrx_word' id='word_1_451' title='bbox 1294 2724 1335 2753; x_wconf 88' lang='lat' dir='ltr'>et</span> <span class='ocrx_word' id='word_1_452' title='bbox 1361 2724 1457 2753; x_wconf 91' lang='lat' dir='ltr'>tunc</span> <span class='ocrx_word' id='word_1_453' title='bbox 1478 2718 1648 2752; x_wconf 88' lang='lat' dir='ltr'>accurrit</span> <span class='ocrx_word' id='word_1_454' title='bbox 1670 2728 1772 2751; x_wconf 87' lang='lat' dir='ltr'>unus</span> 
     </span>
     <span class='ocr_line' id='line_1_45' title="bbox 278 2770 1771 2816; baseline 0 -12"><span class='ocrx_word' id='word_1_455' title='bbox 278 2778 328 2803; x_wconf 85' lang='lat' dir='ltr'>ex</span> <span class='ocrx_word' id='word_1_456' title='bbox 352 2770 461 2806; x_wconf 89' lang='lat' dir='ltr'>curia</span> <span class='ocrx_word' id='word_1_457' title='bbox 481 2781 571 2806; x_wconf 92' lang='lat' dir='ltr'>cum</span> <span class='ocrx_word' id='word_1_458' title='bbox 599 2771 798 2811; x_wconf 91' lang='lat' dir='ltr'>mandato,</span> <span class='ocrx_word' id='word_1_459' title='bbox 819 2776 827 2789; x_wconf 91' lang='lat'>‘</span> <span class='ocrx_word' id='word_1_460' title='bbox 842 2771 985 2806; x_wconf 88' lang='lat' dir='ltr'>Exuite</span> <span class='ocrx_word' id='word_1_461' title='bbox 1008 2771 1117 2806; x_wconf 91' lang='lat' dir='ltr'>illum</span> <span class='ocrx_word' id='word_1_462' title='bbox 1140 2771 1305 2811; x_wconf 91' lang='lat' dir='ltr'>nudum,</span> <span class='ocrx_word' id='word_1_463' title='bbox 1324 2771 1458 2816; x_wconf 89' lang='lat' dir='ltr'>ejicite</span> <span class='ocrx_word' id='word_1_464' title='bbox 1480 2771 1600 2810; x_wconf 87' lang='lat' dir='ltr'>illurn,</span> <span class='ocrx_word' id='word_1_465' title='bbox 1620 2777 1660 2805; x_wconf 89' lang='lat' dir='ltr'>et</span> <span class='ocrx_word' id='word_1_466' title='bbox 1682 2781 1771 2815; x_wconf 84' lang='lat' dir='ltr'>pro·</span> 
     </span>
     <span class='ocr_line' id='line_1_46' title="bbox 277 2820 1364 2870; baseline 0.005 -15"><span class='ocrx_word' id='word_1_467' title='bbox 277 2820 388 2867; x_wconf 81' lang='lat' dir='ltr'>jicite</span> <span class='ocrx_word' id='word_1_468' title='bbox 404 2830 536 2858; x_wconf 88' lang='lat' dir='ltr'>vestes</span> <span class='ocrx_word' id='word_1_469' title='bbox 554 2824 640 2869; x_wconf 88' lang='lat' dir='ltr'>ejus</span> <span class='ocrx_word' id='word_1_470' title='bbox 658 2831 750 2870; x_wconf 90' lang='lat' dir='ltr'>post</span> <span class='ocrx_word' id='word_1_471' title='bbox 769 2824 878 2859; x_wconf 91' lang='lat' dir='ltr'>illum</span> <span class='ocrx_word' id='word_1_472' title='bbox 893 2824 912 2860; x_wconf 88' lang='lat'>:&#39;</span> <span class='ocrx_word' id='word_1_473' title='bbox 939 2831 978 2859; x_wconf 93' lang='lat' dir='ltr'>et</span> <span class='ocrx_word' id='word_1_474' title='bbox 996 2824 1053 2860; x_wconf 91' lang='lat' dir='ltr'>sic</span> <span class='ocrx_word' id='word_1_475' title='bbox 1071 2823 1221 2870; x_wconf 59' lang='lat' dir='ltr'>ejeflus</span> <span class='ocrx_word' id='word_1_476' title='bbox 1239 2825 1364 2860; x_wconf 82' lang='lat' dir='ltr'>sum.&#39;&#39;</span> 
     </span>
    </p>

    <p class='ocr_par' dir='ltr' id='par_1_10' title="bbox 280 2872 1771 3028">
     <span class='ocr_line' id='line_1_47' title="bbox 283 2872 1771 2931; baseline 0.001 -23"><span class='ocrx_word' id='word_1_477' title='bbox 283 2923 291 2931; x_wconf 46' lang='grc'><em>·</em></span> <span class='ocrx_word' id='word_1_478' title='bbox 351 2872 556 2911; x_wconf 87' lang='lat' dir='ltr'>Secundus</span> <span class='ocrx_word' id='word_1_479' title='bbox 578 2876 616 2911; x_wconf 93' lang='lat' dir='ltr'>in</span> <span class='ocrx_word' id='word_1_480' title='bbox 637 2876 776 2912; x_wconf 90' lang='lat' dir='ltr'>ordine</span> <span class='ocrx_word' id='word_1_481' title='bbox 797 2877 909 2918; x_wconf 88' lang='lat' dir='ltr'>dixit,</span> <span class='ocrx_word' id='word_1_482' title='bbox 928 2877 1046 2923; x_wconf 88' lang='lat' dir='ltr'>“Ego</span> <span class='ocrx_word' id='word_1_483' title='bbox 1066 2877 1216 2913; x_wconf 92' lang='lat' dir='ltr'>credidi</span> <span class='ocrx_word' id='word_1_484' title='bbox 1238 2877 1341 2912; x_wconf 91' lang='lat' dir='ltr'>sicut</span> <span class='ocrx_word' id='word_1_485' title='bbox 1363 2876 1439 2918; x_wconf 91' lang='lat' dir='ltr'>ille,</span> <span class='ocrx_word' id='word_1_486' title='bbox 1461 2876 1568 2922; x_wconf 92' lang='lat' dir='ltr'>quod</span> <span class='ocrx_word' id='word_1_487' title='bbox 1595 2875 1627 2911; x_wconf 86' lang='lat' dir='ltr'>si</span> <span class='ocrx_word' id='word_1_488' title='bbox 1650 2876 1771 2911; x_wconf 90' lang='lat' dir='ltr'>modo</span> 
     </span>
     <span class='ocr_line' id='line_1_48' title="bbox 282 2926 1770 2975; baseline 0.003 -16"><span class='ocrx_word' id='word_1_489' title='bbox 282 2926 567 2963; x_wconf 77' lang='lat' dir='ltr'>intromitteret</span> <span class='ocrx_word' id='word_1_490' title='bbox 585 2928 623 2963; x_wconf 91' lang='lat' dir='ltr'>in</span> <span class='ocrx_word' id='word_1_491' title='bbox 641 2929 807 2970; x_wconf 87' lang='lat' dir='ltr'>caelum,</span> <span class='ocrx_word' id='word_1_492' title='bbox 822 2930 929 2975; x_wconf 91' lang='lat' dir='ltr'>quod</span> <span class='ocrx_word' id='word_1_493' title='bbox 948 2940 1068 2975; x_wconf 89' lang='lat' dir='ltr'>supra</span> <span class='ocrx_word' id='word_1_494' title='bbox 1084 2937 1204 2975; x_wconf 89' lang='lat' dir='ltr'>caput</span> <span class='ocrx_word' id='word_1_495' title='bbox 1219 2941 1350 2965; x_wconf 89' lang='lat' dir='ltr'>meum</span> <span class='ocrx_word' id='word_1_496' title='bbox 1364 2940 1435 2969; x_wconf 90' lang='lat' dir='ltr'>est,</span> <span class='ocrx_word' id='word_1_497' title='bbox 1450 2929 1770 2964; x_wconf 83' lang='lat' dir='ltr'>circumfluerent</span> 
     </span>
     <span class='ocr_line' id='line_1_49' title="bbox 280 2979 1770 3028; baseline 0.003 -16"><span class='ocrx_word' id='word_1_498' title='bbox 280 2987 344 3013; x_wconf 88' lang='lat' dir='ltr'>me</span> <span class='ocrx_word' id='word_1_499' title='bbox 361 2979 516 3024; x_wconf 88' lang='lat' dir='ltr'>gaudia,</span> <span class='ocrx_word' id='word_1_500' title='bbox 531 2987 572 3016; x_wconf 85' lang='lat' dir='ltr'>et</span> <span class='ocrx_word' id='word_1_501' title='bbox 585 2981 801 3017; x_wconf 90' lang='lat' dir='ltr'>animarem</span> <span class='ocrx_word' id='word_1_502' title='bbox 816 2982 881 3017; x_wconf 92' lang='lat' dir='ltr'>illa</span> <span class='ocrx_word' id='word_1_503' title='bbox 895 2982 934 3016; x_wconf 88' lang='lat' dir='ltr'>in</span> <span class='ocrx_word' id='word_1_504' title='bbox 952 2990 1157 3018; x_wconf 87' lang='lat' dir='ltr'>aeternum</span> <span class='ocrx_word' id='word_1_505' title='bbox 1172 2994 1179 3024; x_wconf 86' lang='lat'>;</span> <span class='ocrx_word' id='word_1_506' title='bbox 1206 2989 1345 3028; x_wconf 91' lang='lat' dir='ltr'>optato</span> <span class='ocrx_word' id='word_1_507' title='bbox 1360 2982 1479 3017; x_wconf 91' lang='lat' dir='ltr'>etiam</span> <span class='ocrx_word' id='word_1_508' title='bbox 1496 2982 1647 3027; x_wconf 89' lang='lat' dir='ltr'>potitus</span> <span class='ocrx_word' id='word_1_509' title='bbox 1662 2992 1770 3022; x_wconf 73' lang='lat' dir='ltr'>sum:</span> 
     </span>
    </p>
   </div>
  </div>
 </body>
</html>
