<?xml version="1.0" encoding="UTF-8"?>
<!DOCTYPE html PUBLIC "-//W3C//DTD XHTML 1.0 Transitional//EN"
    "http://www.w3.org/TR/xhtml1/DTD/xhtml1-transitional.dtd">
<html xmlns="http://www.w3.org/1999/xhtml" xml:lang="en" lang="en">
 <head>
  <title>
</title>
<meta http-equiv="Content-Type" content="text/html;charset=utf-8" />
  <meta name='ocr-system' content='tesseract 3.04.00' />
  <meta name='ocr-capabilities' content='ocr_page ocr_carea ocr_par ocr_line ocrx_word'/>
</head>
<body>
  <div class='ocr_page' id='page_1' title='image "./deliciaesapienti00sweduoft_0031.png"; bbox 0 0 2014 3386; ppageno 0'>
   <div class='ocr_carea' id='block_1_1' title="bbox 587 362 1758 407">
    <p class='ocr_par' dir='ltr' id='par_1_1' title="bbox 587 362 1758 407">
     <span class='ocr_line' id='line_1_1' title="bbox 587 362 1758 407; baseline -0.002 -9"><span class='ocrx_word' id='word_1_1' title='bbox 587 365 656 398; x_wconf 89' lang='lat' dir='ltr'>DE</span> <span class='ocrx_word' id='word_1_2' title='bbox 687 363 870 397; x_wconf 89' lang='lat' dir='ltr'>AMORE</span> <span class='ocrx_word' id='word_1_3' title='bbox 903 362 1331 406; x_wconf 91' lang='lat' dir='ltr'>CONJUGIAL1.—N.</span> <span class='ocrx_word' id='word_1_4' title='bbox 1358 364 1425 406; x_wconf 84' lang='lat'>23.</span> <span class='ocrx_word' id='word_1_5' title='bbox 1706 362 1758 407; x_wconf 83' lang='grc'>25</span> 
     </span>
    </p>
   </div>
   <div class='ocr_carea' id='block_1_2' title="bbox 458 475 1555 518">
    <p class='ocr_par' dir='ltr' id='par_1_2' title="bbox 458 475 1555 518">
     <span class='ocr_line' id='line_1_2' title="bbox 458 475 1555 518; baseline -0.002 -9"><span class='ocrx_word' id='word_1_6' title='bbox 458 478 582 509; x_wconf 88' lang='lat' dir='ltr'>Decem</span> <span class='ocrx_word' id='word_1_7' title='bbox 595 478 770 518; x_wconf 84' lang='lat' dir='ltr'>virginibus</span> <span class='ocrx_word' id='word_1_8' title='bbox 784 478 923 508; x_wconf 87' lang='lat' dir='ltr'>invitatis</span> <span class='ocrx_word' id='word_1_9' title='bbox 937 478 980 508; x_wconf 90' lang='lat' dir='ltr'>ad</span> <span class='ocrx_word' id='word_1_10' title='bbox 994 477 1122 516; x_wconf 84' lang='lat' dir='ltr'><strong>nuptias</strong></span> <span class='ocrx_word' id='word_1_11' title='bbox 1138 475 1272 518; x_wconf 74' lang='lat' dir='ltr'>(Matth.</span> <span class='ocrx_word' id='word_1_12' title='bbox 1289 475 1399 507; x_wconf 66' lang='lat' dir='ltr'>[dxxv.</span> <span class='ocrx_word' id='word_1_13' title='bbox 1417 484 1433 506; x_wconf 88' lang='lat'>1</span> <span class='ocrx_word' id='word_1_14' title='bbox 1448 475 1531 515; x_wconf 90' lang='lat' dir='ltr'>seq.)</span> <span class='ocrx_word' id='word_1_15' title='bbox 1546 485 1555 513; x_wconf 70' lang='grc' dir='ltr'><strong>ς</strong></span> 
     </span>
    </p>
   </div>
   <div class='ocr_carea' id='block_1_3' title="bbox 254 557 1759 766">
    <p class='ocr_par' dir='ltr' id='par_1_3' title="bbox 254 557 1759 766">
     <span class='ocr_line' id='line_1_3' title="bbox 254 557 1757 608; baseline -0.003 -11"><span class='ocrx_word' id='word_1_16' title='bbox 254 568 296 598; x_wconf 88' lang='lat' dir='ltr'>et</span> <span class='ocrx_word' id='word_1_17' title='bbox 313 561 407 608; x_wconf 90' lang='lat' dir='ltr'>quia</span> <span class='ocrx_word' id='word_1_18' title='bbox 425 571 495 607; x_wconf 88' lang='lat' dir='ltr'>per</span> <span class='ocrx_word' id='word_1_19' title='bbox 510 560 709 602; x_wconf 89' lang='lat' dir='ltr'>Israelem,</span> <span class='ocrx_word' id='word_1_20' title='bbox 723 560 889 596; x_wconf 90' lang='lat' dir='ltr'>Zionem</span> <span class='ocrx_word' id='word_1_21' title='bbox 908 565 948 595; x_wconf 91' lang='lat' dir='ltr'>et</span> <span class='ocrx_word' id='word_1_22' title='bbox 969 557 1301 605; x_wconf 88' lang='lat' dir='ltr'>Hierosolymam,</span> <span class='ocrx_word' id='word_1_23' title='bbox 1317 557 1566 605; x_wconf 88' lang='lat' dir='ltr'>significatur</span> <span class='ocrx_word' id='word_1_24' title='bbox 1579 557 1757 599; x_wconf 90' lang='lat' dir='ltr'>ecclesia,</span> 
     </span>
     <span class='ocr_line' id='line_1_4' title="bbox 255 610 1758 659; baseline -0.003 -9"><span class='ocrx_word' id='word_1_25' title='bbox 255 615 347 650; x_wconf 90' lang='lat' dir='ltr'>ideo</span> <span class='ocrx_word' id='word_1_26' title='bbox 366 614 487 650; x_wconf 90' lang='lat' dir='ltr'>toties</span> <span class='ocrx_word' id='word_1_27' title='bbox 508 614 549 649; x_wconf 93' lang='lat' dir='ltr'>in</span> <span class='ocrx_word' id='word_1_28' title='bbox 567 614 702 649; x_wconf 89' lang='lat' dir='ltr'>Verbo</span> <span class='ocrx_word' id='word_1_29' title='bbox 720 613 866 649; x_wconf 89' lang='lat' dir='ltr'>dicitur</span> <span class='ocrx_word' id='word_1_30' title='bbox 882 612 1006 659; x_wconf 91' lang='lat' dir='ltr'>Virgo</span> <span class='ocrx_word' id='word_1_31' title='bbox 1024 618 1065 647; x_wconf 91' lang='lat' dir='ltr'>et</span> <span class='ocrx_word' id='word_1_32' title='bbox 1094 611 1193 646; x_wconf 93' lang='lat' dir='ltr'>Filia</span> <span class='ocrx_word' id='word_1_33' title='bbox 1212 611 1379 652; x_wconf 87' lang='lat' dir='ltr'>Israelis,</span> <span class='ocrx_word' id='word_1_34' title='bbox 1400 611 1535 646; x_wconf 90' lang='lat' dir='ltr'>Zionis</span> <span class='ocrx_word' id='word_1_35' title='bbox 1552 617 1593 646; x_wconf 89' lang='lat' dir='ltr'>et</span> <span class='ocrx_word' id='word_1_36' title='bbox 1612 610 1758 646; x_wconf 91' lang='lat' dir='ltr'>Hiero-</span> 
     </span>
     <span class='ocr_line' id='line_1_5' title="bbox 254 663 1759 714; baseline -0.003 -11"><span class='ocrx_word' id='word_1_37' title='bbox 254 668 442 714; x_wconf 91' lang='lat' dir='ltr'>solymae.</span> <span class='ocrx_word' id='word_1_38' title='bbox 494 667 691 702; x_wconf 88' lang='lat' dir='ltr'>Dominus</span> <span class='ocrx_word' id='word_1_39' title='bbox 717 666 840 702; x_wconf 87' lang='lat' dir='ltr'>etiarn</span> <span class='ocrx_word' id='word_1_40' title='bbox 861 664 1051 701; x_wconf 88' lang='lat' dir='ltr'>describit</span> <span class='ocrx_word' id='word_1_41' title='bbox 1071 664 1304 711; x_wconf 87' lang='lat' dir='ltr'>conjugium</span> <span class='ocrx_word' id='word_1_42' title='bbox 1326 675 1442 700; x_wconf 90' lang='lat' dir='ltr'>suum</span> <span class='ocrx_word' id='word_1_43' title='bbox 1464 675 1557 699; x_wconf 89' lang='lat' dir='ltr'>curn</span> <span class='ocrx_word' id='word_1_44' title='bbox 1580 663 1759 700; x_wconf 88' lang='lat' dir='ltr'>Ecclesia</span> 
     </span>
     <span class='ocr_line' id='line_1_6' title="bbox 254 720 834 766; baseline -0.004 -10"><span class='ocrx_word' id='word_1_45' title='bbox 254 721 318 757; x_wconf 91' lang='lat' dir='ltr'>his</span> <span class='ocrx_word' id='word_1_46' title='bbox 334 720 468 757; x_wconf 90' lang='lat' dir='ltr'>verbis</span> <span class='ocrx_word' id='word_1_47' title='bbox 484 721 591 766; x_wconf 91' lang='lat' dir='ltr'>apud</span> <span class='ocrx_word' id='word_1_48' title='bbox 609 720 834 755; x_wconf 81' lang='lat' dir='ltr'>Davidem:</span> 
     </span>
    </p>
   </div>
   <div class='ocr_carea' id='block_1_4' title="bbox 313 795 1759 919">
    <p class='ocr_par' dir='ltr' id='par_1_4' title="bbox 313 795 1759 919">
     <span class='ocr_line' id='line_1_7' title="bbox 313 795 1758 847; baseline -0.004 -17.926"><span class='ocrx_word' id='word_1_49' title='bbox 313 799 460 847; x_wconf 74' lang='lat' dir='ltr'>‘Regina</span> <span class='ocrx_word' id='word_1_50' title='bbox 475 800 519 829; x_wconf 91' lang='lat' dir='ltr'>ad</span> <span class='ocrx_word' id='word_1_51' title='bbox 534 800 680 828; x_wconf 88' lang='lat' dir='ltr'>dextram</span> <span class='ocrx_word' id='word_1_52' title='bbox 696 803 784 828; x_wconf 84' lang='lat' dir='ltr'>tuam</span> <span class='ocrx_word' id='word_1_53' title='bbox 799 798 832 827; x_wconf 90' lang='lat' dir='ltr'>in</span> <span class='ocrx_word' id='word_1_54' title='bbox 853 807 932 827; x_wconf 88' lang='lat' dir='ltr'>auro</span> <span class='ocrx_word' id='word_1_55' title='bbox 948 795 971 824; x_wconf 86' lang='grc'>[2</span> <span class='ocrx_word' id='word_1_56' title='bbox 958 795 1107 835; x_wconf 86' lang='lat' dir='ltr'>2]optimo</span> <span class='ocrx_word' id='word_1_57' title='bbox 1123 796 1252 835; x_wconf 84' lang='lat' dir='ltr'>Ophiris</span> <span class='ocrx_word' id='word_1_58' title='bbox 1256 819 1348 831; x_wconf 86' lang='grc'><strong><em>.....</em></strong></span> <span class='ocrx_word' id='word_1_59' title='bbox 1362 797 1404 826; x_wconf 92' lang='lat' dir='ltr'>de</span> <span class='ocrx_word' id='word_1_60' title='bbox 1418 795 1565 843; x_wconf 86' lang='lat' dir='ltr'>implexis</span> <span class='ocrx_word' id='word_1_61' title='bbox 1579 795 1648 825; x_wconf 91' lang='lat' dir='ltr'>auri</span> <span class='ocrx_word' id='word_1_62' title='bbox 1663 795 1758 825; x_wconf 78' lang='lat' dir='ltr'>vestis</span> 
     </span>
     <span class='ocr_line' id='line_1_8' title="bbox 414 837 1759 878; baseline -0.003 -9"><span class='ocrx_word' id='word_1_63' title='bbox 414 841 492 878; x_wconf 85' lang='lat' dir='ltr'>ejus,</span> <span class='ocrx_word' id='word_1_64' title='bbox 507 840 539 869; x_wconf 90' lang='lat' dir='ltr'>in</span> <span class='ocrx_word' id='word_1_65' title='bbox 562 839 717 877; x_wconf 66' lang='lat' dir='ltr'>acupicstis</span> <span class='ocrx_word' id='word_1_66' title='bbox 738 840 918 868; x_wconf 79' lang='lat' dir='ltr'>adducetur</span> <span class='ocrx_word' id='word_1_67' title='bbox 933 838 1023 875; x_wconf 88' lang='lat' dir='ltr'>Regi.</span> <span class='ocrx_word' id='word_1_68' title='bbox 1039 837 1176 875; x_wconf 89' lang='lat' dir='ltr'>virgines</span> <span class='ocrx_word' id='word_1_69' title='bbox 1198 842 1271 875; x_wconf 87' lang='lat' dir='ltr'>post</span> <span class='ocrx_word' id='word_1_70' title='bbox 1290 837 1378 866; x_wconf 90' lang='lat' dir='ltr'>illam</span> <span class='ocrx_word' id='word_1_71' title='bbox 1400 837 1522 867; x_wconf 89' lang='lat' dir='ltr'>amicae</span> <span class='ocrx_word' id='word_1_72' title='bbox 1537 837 1625 875; x_wconf 87' lang='lat' dir='ltr'>ejus.</span> <span class='ocrx_word' id='word_1_73' title='bbox 1683 845 1759 867; x_wconf 79' lang='grc' dir='ltr'>,νε-</span> 
     </span>
     <span class='ocr_line' id='line_1_9' title="bbox 412 877 1478 919; baseline -0.003 -9"><span class='ocrx_word' id='word_1_74' title='bbox 412 881 502 911; x_wconf 89' lang='lat' dir='ltr'>nient</span> <span class='ocrx_word' id='word_1_75' title='bbox 515 881 548 910; x_wconf 88' lang='lat' dir='ltr'>in</span> <span class='ocrx_word' id='word_1_76' title='bbox 563 881 718 919; x_wconf 87' lang='lat' dir='ltr'>palatium</span> <span class='ocrx_word' id='word_1_77' title='bbox 732 878 866 918; x_wconf 83' lang='lat' dir='ltr'>Regis&#39;&#39;</span> <span class='ocrx_word' id='word_1_78' title='bbox 871 878 1031 918; x_wconf 84' lang='lat' dir='ltr'>&#39;(Psalm.</span> <span class='ocrx_word' id='word_1_79' title='bbox 1047 879 1110 909; x_wconf 84' lang='lat' dir='ltr'>xlv.</span> <span class='ocrx_word' id='word_1_80' title='bbox 1128 878 1227 908; x_wconf 92' lang='lat'>10-—16</span> <span class='ocrx_word' id='word_1_81' title='bbox 1243 877 1297 916; x_wconf 89' lang='lat' dir='ltr'>[B.</span> <span class='ocrx_word' id='word_1_82' title='bbox 1300 878 1342 908; x_wconf 87' lang='lat' dir='ltr'>A.</span> <span class='ocrx_word' id='word_1_83' title='bbox 1354 877 1478 916; x_wconf 84' lang='lat'>9-15]).</span> 
     </span>
    </p>
   </div>
   <div class='ocr_carea' id='block_1_5' title="bbox 243 956 1756 3069">
    <p class='ocr_par' dir='ltr' id='par_1_5' title="bbox 249 956 1756 1050">
     <span class='ocr_line' id='line_1_10' title="bbox 324 956 1756 1004; baseline -0.003 -8"><span class='ocrx_word' id='word_1_84' title='bbox 324 960 473 997; x_wconf 90' lang='lat' dir='ltr'>Postea</span> <span class='ocrx_word' id='word_1_85' title='bbox 502 960 700 1002; x_wconf 85' lang='lat' dir='ltr'>dixerunt,</span> <span class='ocrx_word' id='word_1_86' title='bbox 728 959 922 995; x_wconf 87' lang='lat' dir='ltr'>“Numne</span> <span class='ocrx_word' id='word_1_87' title='bbox 947 958 1192 994; x_wconf 89' lang='lat' dir='ltr'>conveniens</span> <span class='ocrx_word' id='word_1_88' title='bbox 1222 963 1295 999; x_wconf 87' lang='lat' dir='ltr'>est,</span> <span class='ocrx_word' id='word_1_89' title='bbox 1320 963 1367 992; x_wconf 92' lang='lat' dir='ltr'>ut</span> <span class='ocrx_word' id='word_1_90' title='bbox 1394 956 1538 1004; x_wconf 89' lang='lat' dir='ltr'>aliquis</span> <span class='ocrx_word' id='word_1_91' title='bbox 1568 956 1756 992; x_wconf 89' lang='lat' dir='ltr'>sacerdos</span> 
     </span>
     <span class='ocr_line' id='line_1_11' title="bbox 249 1012 827 1050; baseline -0.005 0"><span class='ocrx_word' id='word_1_92' title='bbox 249 1014 355 1050; x_wconf 90' lang='lat' dir='ltr'>adsit</span> <span class='ocrx_word' id='word_1_93' title='bbox 372 1020 413 1050; x_wconf 88' lang='lat' dir='ltr'>et</span> <span class='ocrx_word' id='word_1_94' title='bbox 431 1013 631 1049; x_wconf 88' lang='lat' dir='ltr'>ministret</span> <span class='ocrx_word' id='word_1_95' title='bbox 650 1013 690 1048; x_wconf 91' lang='lat' dir='ltr'>in</span> <span class='ocrx_word' id='word_1_96' title='bbox 713 1013 775 1048; x_wconf 89' lang='lat' dir='ltr'>his</span> <span class='ocrx_word' id='word_1_97' title='bbox 785 1012 827 1048; x_wconf 90' lang='lat'>?’&#39;</span> 
     </span>
    </p>

    <p class='ocr_par' dir='ltr' id='par_1_6' title="bbox 248 1062 1754 1369">
     <span class='ocr_line' id='line_1_12' title="bbox 322 1062 1753 1113; baseline -0.003 -11"><span class='ocrx_word' id='word_1_98' title='bbox 322 1066 548 1113; x_wconf 87' lang='lat' dir='ltr'>Respondit</span> <span class='ocrx_word' id='word_1_99' title='bbox 566 1066 736 1112; x_wconf 90' lang='lat' dir='ltr'>sapiens,</span> <span class='ocrx_word' id='word_1_100' title='bbox 756 1071 776 1084; x_wconf 83' lang='lat'>⁴⁴</span> <span class='ocrx_word' id='word_1_101' title='bbox 790 1065 881 1101; x_wconf 91' lang='lat' dir='ltr'>Hoc</span> <span class='ocrx_word' id='word_1_102' title='bbox 901 1064 940 1100; x_wconf 91' lang='lat' dir='ltr'>in</span> <span class='ocrx_word' id='word_1_103' title='bbox 962 1064 1078 1100; x_wconf 90' lang='lat' dir='ltr'>terris</span> <span class='ocrx_word' id='word_1_104' title='bbox 1099 1070 1160 1099; x_wconf 92' lang='lat' dir='ltr'>est</span> <span class='ocrx_word' id='word_1_105' title='bbox 1180 1063 1436 1103; x_wconf 90' lang='lat' dir='ltr'>conveniens,</span> <span class='ocrx_word' id='word_1_106' title='bbox 1455 1074 1537 1098; x_wconf 90' lang='lat' dir='ltr'>non</span> <span class='ocrx_word' id='word_1_107' title='bbox 1555 1068 1689 1098; x_wconf 85' lang='lat' dir='ltr'>autem</span> <span class='ocrx_word' id='word_1_108' title='bbox 1713 1062 1753 1097; x_wconf 88' lang='lat' dir='ltr'>in</span> 
     </span>
     <span class='ocr_line' id='line_1_13' title="bbox 248 1115 1754 1166; baseline -0.004 -10"><span class='ocrx_word' id='word_1_109' title='bbox 248 1120 381 1160; x_wconf 88' lang='lat' dir='ltr'>caelis,</span> <span class='ocrx_word' id='word_1_110' title='bbox 403 1126 568 1166; x_wconf 89' lang='lat' dir='ltr'>propter</span> <span class='ocrx_word' id='word_1_111' title='bbox 587 1118 996 1165; x_wconf 84' lang='lat' dir='ltr'>repraesentationem</span> <span class='ocrx_word' id='word_1_112' title='bbox 1021 1117 1151 1163; x_wconf 88' lang='lat' dir='ltr'>Ipsius</span> <span class='ocrx_word' id='word_1_113' title='bbox 1178 1116 1342 1152; x_wconf 90' lang='lat' dir='ltr'>Domini</span> <span class='ocrx_word' id='word_1_114' title='bbox 1363 1123 1404 1152; x_wconf 92' lang='lat' dir='ltr'>et</span> <span class='ocrx_word' id='word_1_115' title='bbox 1428 1116 1650 1157; x_wconf 75' lang='lat' dir='ltr'>Ecclesiae3</span> <span class='ocrx_word' id='word_1_116' title='bbox 1676 1115 1754 1151; x_wconf 91' lang='lat' dir='ltr'>hoc</span> 
     </span>
     <span class='ocr_line' id='line_1_14' title="bbox 250 1169 1754 1218; baseline -0.003 -10"><span class='ocrx_word' id='word_1_117' title='bbox 250 1173 290 1208; x_wconf 90' lang='lat' dir='ltr'>in</span> <span class='ocrx_word' id='word_1_118' title='bbox 304 1173 421 1209; x_wconf 90' lang='lat' dir='ltr'>terris</span> <span class='ocrx_word' id='word_1_119' title='bbox 435 1184 516 1208; x_wconf 91' lang='lat' dir='ltr'>non</span> <span class='ocrx_word' id='word_1_120' title='bbox 530 1173 681 1214; x_wconf 87' lang='lat' dir='ltr'>sciunt;</span> <span class='ocrx_word' id='word_1_121' title='bbox 707 1178 750 1207; x_wconf 91' lang='lat' dir='ltr'>at</span> <span class='ocrx_word' id='word_1_122' title='bbox 762 1182 891 1218; x_wconf 91' lang='lat' dir='ltr'>usque</span> <span class='ocrx_word' id='word_1_123' title='bbox 904 1171 1010 1217; x_wconf 90' lang='lat' dir='ltr'>apud</span> <span class='ocrx_word' id='word_1_124' title='bbox 1026 1181 1100 1206; x_wconf 89' lang='lat' dir='ltr'>nos</span> <span class='ocrx_word' id='word_1_125' title='bbox 1114 1170 1369 1206; x_wconf 88' lang='lat' dir='ltr'>administrat</span> <span class='ocrx_word' id='word_1_126' title='bbox 1383 1169 1569 1205; x_wconf 86' lang='lat' dir='ltr'>sacerdos</span> <span class='ocrx_word' id='word_1_127' title='bbox 1582 1169 1754 1215; x_wconf 90' lang='lat' dir='ltr'>despon-</span> 
     </span>
     <span class='ocr_line' id='line_1_15' title="bbox 248 1223 1754 1270; baseline -0.004 -8"><span class='ocrx_word' id='word_1_128' title='bbox 248 1226 434 1267; x_wconf 88' lang='lat' dir='ltr'>sationes‚</span> <span class='ocrx_word' id='word_1_129' title='bbox 453 1232 494 1261; x_wconf 92' lang='lat' dir='ltr'>et</span> <span class='ocrx_word' id='word_1_130' title='bbox 519 1236 758 1261; x_wconf 90' lang='lat' dir='ltr'>consensum</span> <span class='ocrx_word' id='word_1_131' title='bbox 784 1224 908 1265; x_wconf 87' lang='lat' dir='ltr'>audit,</span> <span class='ocrx_word' id='word_1_132' title='bbox 929 1223 1081 1270; x_wconf 86' lang='lat' dir='ltr'>recipit,</span> <span class='ocrx_word' id='word_1_133' title='bbox 1100 1223 1311 1258; x_wconf 85' lang='lat' dir='ltr'>confirmat</span> <span class='ocrx_word' id='word_1_134' title='bbox 1337 1229 1378 1258; x_wconf 91' lang='lat' dir='ltr'>et</span> <span class='ocrx_word' id='word_1_135' title='bbox 1403 1228 1632 1258; x_wconf 88' lang='lat' dir='ltr'>consecrat:</span> <span class='ocrx_word' id='word_1_136' title='bbox 1657 1232 1754 1257; x_wconf 92' lang='lat' dir='ltr'>con-</span> 
     </span>
     <span class='ocr_line' id='line_1_16' title="bbox 248 1275 1753 1324; baseline -0.003 -9"><span class='ocrx_word' id='word_1_137' title='bbox 248 1290 390 1315; x_wconf 88' lang='lat' dir='ltr'>sensus</span> <span class='ocrx_word' id='word_1_138' title='bbox 408 1285 470 1315; x_wconf 91' lang='lat' dir='ltr'>est</span> <span class='ocrx_word' id='word_1_139' title='bbox 487 1278 701 1315; x_wconf 85' lang='lat' dir='ltr'>essentiale</span> <span class='ocrx_word' id='word_1_140' title='bbox 721 1277 912 1324; x_wconf 86' lang='lat' dir='ltr'>conjugii,</span> <span class='ocrx_word' id='word_1_141' title='bbox 932 1283 973 1313; x_wconf 92' lang='lat' dir='ltr'>et</span> <span class='ocrx_word' id='word_1_142' title='bbox 994 1277 1155 1323; x_wconf 90' lang='lat' dir='ltr'>reliqua,</span> <span class='ocrx_word' id='word_1_143' title='bbox 1174 1287 1276 1323; x_wconf 92' lang='lat' dir='ltr'>quae</span> <span class='ocrx_word' id='word_1_144' title='bbox 1297 1282 1529 1322; x_wconf 88' lang='lat' dir='ltr'>sequuntur,</span> <span class='ocrx_word' id='word_1_145' title='bbox 1549 1281 1644 1311; x_wconf 91' lang='lat' dir='ltr'>sunt</span> <span class='ocrx_word' id='word_1_146' title='bbox 1665 1275 1753 1321; x_wconf 88' lang='lat' dir='ltr'>ejus</span> 
     </span>
     <span class='ocr_line' id='line_1_17' title="bbox 250 1332 472 1369; baseline -0.005 0"><span class='ocrx_word' id='word_1_147' title='bbox 250 1332 472 1369; x_wconf 47' lang='lat' dir='ltr'>formalia?</span> 
     </span>
    </p>

    <p class='ocr_par' dir='ltr' id='par_1_7' title="bbox 247 1381 1753 1634">
     <span class='ocr_line' id='line_1_18' title="bbox 319 1381 1753 1430; baseline -0.004 -8"><span class='ocrx_word' id='word_1_148' title='bbox 319 1392 398 1423; x_wconf 75' lang='lat'>22.</span> <span class='ocrx_word' id='word_1_149' title='bbox 434 1384 533 1421; x_wconf 88' lang='lat' dir='ltr'>Post</span> <span class='ocrx_word' id='word_1_150' title='bbox 551 1383 650 1420; x_wconf 89' lang='lat' dir='ltr'>haec</span> <span class='ocrx_word' id='word_1_151' title='bbox 667 1383 833 1430; x_wconf 89' lang='lat' dir='ltr'>angelus</span> <span class='ocrx_word' id='word_1_152' title='bbox 848 1381 992 1418; x_wconf 65' lang='lat' dir='ltr'>ductor</span> <span class='ocrx_word' id='word_1_153' title='bbox 1003 1382 1172 1418; x_wconf 91' lang='lat' dir='ltr'>accessit</span> <span class='ocrx_word' id='word_1_154' title='bbox 1189 1382 1238 1418; x_wconf 92' lang='lat' dir='ltr'>ad</span> <span class='ocrx_word' id='word_1_155' title='bbox 1257 1392 1327 1418; x_wconf 87' lang='lat' dir='ltr'>sex</span> <span class='ocrx_word' id='word_1_156' title='bbox 1340 1381 1524 1428; x_wconf 90' lang='lat' dir='ltr'>virgines,</span> <span class='ocrx_word' id='word_1_157' title='bbox 1541 1387 1582 1416; x_wconf 91' lang='lat' dir='ltr'>et</span> <span class='ocrx_word' id='word_1_158' title='bbox 1593 1391 1753 1427; x_wconf 91' lang='lat' dir='ltr'>quoque</span> 
     </span>
     <span class='ocr_line' id='line_1_19' title="bbox 248 1434 1752 1482; baseline -0.003 -8"><span class='ocrx_word' id='word_1_159' title='bbox 248 1438 423 1474; x_wconf 88' lang='lat' dir='ltr'>narravit</span> <span class='ocrx_word' id='word_1_160' title='bbox 448 1438 525 1474; x_wconf 89' lang='lat' dir='ltr'>illis</span> <span class='ocrx_word' id='word_1_161' title='bbox 551 1438 601 1473; x_wconf 92' lang='lat' dir='ltr'>de</span> <span class='ocrx_word' id='word_1_162' title='bbox 626 1437 841 1472; x_wconf 89' lang='lat' dir='ltr'>comitibus</span> <span class='ocrx_word' id='word_1_163' title='bbox 867 1437 960 1477; x_wconf 87' lang='lat' dir='ltr'>suis,</span> <span class='ocrx_word' id='word_1_164' title='bbox 987 1442 1027 1471; x_wconf 91' lang='lat' dir='ltr'>et</span> <span class='ocrx_word' id='word_1_165' title='bbox 1053 1435 1178 1482; x_wconf 89' lang='lat' dir='ltr'>petiit,</span> <span class='ocrx_word' id='word_1_166' title='bbox 1205 1441 1251 1470; x_wconf 92' lang='lat' dir='ltr'>ut</span> <span class='ocrx_word' id='word_1_167' title='bbox 1276 1435 1538 1481; x_wconf 86' lang='lat' dir='ltr'>dignarentur</span> <span class='ocrx_word' id='word_1_168' title='bbox 1563 1434 1651 1470; x_wconf 94' lang='lat' dir='ltr'>illos</span> <span class='ocrx_word' id='word_1_169' title='bbox 1677 1444 1752 1471; x_wconf 88' lang='lat' dir='ltr'>suo</span> 
     </span>
     <span class='ocr_line' id='line_1_20' title="bbox 247 1487 1752 1534; baseline -0.003 -7"><span class='ocrx_word' id='word_1_170' title='bbox 247 1491 475 1533; x_wconf 86' lang='lat' dir='ltr'>consortio;</span> <span class='ocrx_word' id='word_1_171' title='bbox 502 1498 543 1527; x_wconf 90' lang='lat' dir='ltr'>et</span> <span class='ocrx_word' id='word_1_172' title='bbox 560 1496 823 1530; x_wconf 89' lang='lat' dir='ltr'>accesserunt,</span> <span class='ocrx_word' id='word_1_173' title='bbox 843 1489 912 1525; x_wconf 91' lang='lat' dir='ltr'>sed</span> <span class='ocrx_word' id='word_1_174' title='bbox 934 1500 1025 1524; x_wconf 90' lang='lat' dir='ltr'>cum</span> <span class='ocrx_word' id='word_1_175' title='bbox 1048 1499 1171 1534; x_wconf 87' lang='lat' dir='ltr'>prope</span> <span class='ocrx_word' id='word_1_176' title='bbox 1192 1494 1316 1528; x_wconf 89' lang='lat' dir='ltr'>erant,</span> <span class='ocrx_word' id='word_1_177' title='bbox 1335 1487 1469 1523; x_wconf 85' lang='lat' dir='ltr'>subito</span> <span class='ocrx_word' id='word_1_178' title='bbox 1490 1494 1752 1529; x_wconf 85' lang='lat' dir='ltr'>recesserunt,</span> 
     </span>
     <span class='ocr_line' id='line_1_21' title="bbox 249 1540 1749 1591; baseline -0.003 -11"><span class='ocrx_word' id='word_1_179' title='bbox 249 1551 290 1580; x_wconf 90' lang='lat' dir='ltr'>et</span> <span class='ocrx_word' id='word_1_180' title='bbox 321 1545 520 1591; x_wconf 89' lang='lat' dir='ltr'>ingressae</span> <span class='ocrx_word' id='word_1_181' title='bbox 550 1550 645 1580; x_wconf 93' lang='lat' dir='ltr'>sunt</span> <span class='ocrx_word' id='word_1_182' title='bbox 674 1554 931 1591; x_wconf 86' lang='lat' dir='ltr'>gynaeceum,</span> <span class='ocrx_word' id='word_1_183' title='bbox 959 1541 1026 1577; x_wconf 92' lang='lat' dir='ltr'>ubi</span> <span class='ocrx_word' id='word_1_184' title='bbox 1056 1541 1177 1577; x_wconf 90' lang='lat' dir='ltr'>etiam</span> <span class='ocrx_word' id='word_1_185' title='bbox 1207 1541 1381 1588; x_wconf 89' lang='lat' dir='ltr'>virgines</span> <span class='ocrx_word' id='word_1_186' title='bbox 1411 1540 1563 1576; x_wconf 88' lang='lat' dir='ltr'>amicae</span> <span class='ocrx_word' id='word_1_187' title='bbox 1594 1540 1749 1575; x_wconf 87' lang='lat' dir='ltr'>illarum</span> 
     </span>
     <span class='ocr_line' id='line_1_22' title="bbox 247 1604 374 1634; baseline -0.008 0"><span class='ocrx_word' id='word_1_188' title='bbox 247 1604 374 1634; x_wconf 90' lang='lat' dir='ltr'>erant.</span> 
     </span>
    </p>

    <p class='ocr_par' dir='ltr' id='par_1_8' title="bbox 246 1645 1749 1803">
     <span class='ocr_line' id='line_1_23' title="bbox 322 1645 1749 1695; baseline -0.003 -9"><span class='ocrx_word' id='word_1_189' title='bbox 322 1650 413 1686; x_wconf 92' lang='lat' dir='ltr'>Hoc</span> <span class='ocrx_word' id='word_1_190' title='bbox 425 1649 523 1691; x_wconf 91' lang='lat' dir='ltr'>viso,</span> <span class='ocrx_word' id='word_1_191' title='bbox 538 1649 703 1695; x_wconf 89' lang='lat' dir='ltr'>angelus</span> <span class='ocrx_word' id='word_1_192' title='bbox 721 1647 864 1684; x_wconf 68' lang='lat' dir='ltr'>ductor</span> <span class='ocrx_word' id='word_1_193' title='bbox 877 1654 1037 1684; x_wconf 91' lang='lat' dir='ltr'>secutus</span> <span class='ocrx_word' id='word_1_194' title='bbox 1051 1653 1111 1683; x_wconf 91' lang='lat' dir='ltr'>est</span> <span class='ocrx_word' id='word_1_195' title='bbox 1130 1647 1227 1688; x_wconf 90' lang='lat' dir='ltr'>illas,</span> <span class='ocrx_word' id='word_1_196' title='bbox 1242 1653 1282 1682; x_wconf 90' lang='lat' dir='ltr'>et</span> <span class='ocrx_word' id='word_1_197' title='bbox 1296 1645 1503 1692; x_wconf 89' lang='lat' dir='ltr'>quaesivit,</span> <span class='ocrx_word' id='word_1_198' title='bbox 1517 1657 1588 1681; x_wconf 92' lang='lat' dir='ltr'>cur</span> <span class='ocrx_word' id='word_1_199' title='bbox 1600 1646 1749 1692; x_wconf 87' lang='lat' dir='ltr'>absque</span> 
     </span>
     <span class='ocr_line' id='line_1_24' title="bbox 247 1699 1747 1750; baseline -0.004 -11"><span class='ocrx_word' id='word_1_200' title='bbox 247 1703 452 1750; x_wconf 90' lang='lat' dir='ltr'>loquendo</span> <span class='ocrx_word' id='word_1_201' title='bbox 472 1714 565 1738; x_wconf 91' lang='lat' dir='ltr'>cum</span> <span class='ocrx_word' id='word_1_202' title='bbox 587 1702 665 1738; x_wconf 90' lang='lat' dir='ltr'>illis</span> <span class='ocrx_word' id='word_1_203' title='bbox 685 1708 768 1737; x_wconf 85' lang='lat' dir='ltr'>tam</span> <span class='ocrx_word' id='word_1_204' title='bbox 791 1701 924 1737; x_wconf 91' lang='lat' dir='ltr'>subito</span> <span class='ocrx_word' id='word_1_205' title='bbox 945 1701 1201 1740; x_wconf 77' lang='lat' dir='ltr'>recesserint:</span> <span class='ocrx_word' id='word_1_206' title='bbox 1231 1706 1272 1735; x_wconf 92' lang='lat' dir='ltr'>et</span> <span class='ocrx_word' id='word_1_207' title='bbox 1293 1699 1598 1745; x_wconf 90' lang='lat' dir='ltr'>responderunt,</span> <span class='ocrx_word' id='word_1_208' title='bbox 1621 1704 1642 1717; x_wconf 83' lang='lat'>‘⁴</span> <span class='ocrx_word' id='word_1_209' title='bbox 1655 1699 1747 1734; x_wconf 87' lang='lat' dir='ltr'>Non</span> 
     </span>
     <span class='ocr_line' id='line_1_25' title="bbox 246 1752 1747 1803; baseline -0.004 -11"><span class='ocrx_word' id='word_1_210' title='bbox 246 1756 451 1803; x_wconf 89' lang='lat' dir='ltr'>potuimus</span> <span class='ocrx_word' id='word_1_211' title='bbox 469 1754 826 1802; x_wconf 83' lang='lat' dir='ltr'>appropinquare.”</span> <span class='ocrx_word' id='word_1_212' title='bbox 878 1754 928 1790; x_wconf 90' lang='lat' dir='ltr'>Et</span> <span class='ocrx_word' id='word_1_213' title='bbox 946 1754 1058 1794; x_wconf 86' lang='lat' dir='ltr'>dixit,</span> <span class='ocrx_word' id='word_1_214' title='bbox 1073 1753 1187 1789; x_wconf 90' lang='lat' dir='ltr'>“Cur</span> <span class='ocrx_word' id='word_1_215' title='bbox 1204 1753 1282 1788; x_wconf 88' lang='lat' dir='ltr'>hoc</span> <span class='ocrx_word' id='word_1_216' title='bbox 1293 1752 1334 1788; x_wconf 86' lang='lat'>?&#39;’</span> <span class='ocrx_word' id='word_1_217' title='bbox 1374 1752 1424 1787; x_wconf 90' lang='lat' dir='ltr'>Et</span> <span class='ocrx_word' id='word_1_218' title='bbox 1442 1752 1747 1798; x_wconf 90' lang='lat' dir='ltr'>responderunt,</span> 
     </span>
    </p>

    <p class='ocr_par' dir='ltr' id='par_1_9' title="bbox 245 1805 1749 1909">
     <span class='ocr_line' id='line_1_26' title="bbox 245 1805 1749 1855; baseline -0.003 -9.896"><span class='ocrx_word' id='word_1_219' title='bbox 245 1809 375 1845; x_wconf 87' lang='lat' dir='ltr'>“Non</span> <span class='ocrx_word' id='word_1_220' title='bbox 402 1809 562 1849; x_wconf 89' lang='lat' dir='ltr'>scimus,</span> <span class='ocrx_word' id='word_1_221' title='bbox 590 1809 661 1844; x_wconf 85' lang='lat' dir='ltr'>sed</span> <span class='ocrx_word' id='word_1_222' title='bbox 690 1807 940 1855; x_wconf 88' lang='lat' dir='ltr'>percepimus</span> <span class='ocrx_word' id='word_1_223' title='bbox 967 1806 1117 1854; x_wconf 90' lang='lat' dir='ltr'>aliquid</span> <span class='ocrx_word' id='word_1_224' title='bbox 1149 1805 1257 1852; x_wconf 92' lang='lat' dir='ltr'>quod</span> <span class='ocrx_word' id='word_1_225' title='bbox 1283 1805 1430 1852; x_wconf 89' lang='lat' dir='ltr'>repulit</span> <span class='ocrx_word' id='word_1_226' title='bbox 1455 1812 1496 1841; x_wconf 92' lang='lat' dir='ltr'>et</span> <span class='ocrx_word' id='word_1_227' title='bbox 1524 1805 1749 1841; x_wconf 88' lang='lat' dir='ltr'>retroduxit</span> 
     </span>
     <span class='ocr_line' id='line_1_27' title="bbox 246 1860 1464 1909; baseline -0.007 -11"><span class='ocrx_word' id='word_1_228' title='bbox 246 1873 342 1903; x_wconf 85' lang='lat' dir='ltr'>nos;</span> <span class='ocrx_word' id='word_1_229' title='bbox 367 1861 614 1909; x_wconf 45' lang='lat' dir='ltr'>ignoscant?</span> <span class='ocrx_word' id='word_1_230' title='bbox 1454 1860 1464 1876; x_wconf 81' lang='lat'><strong><em>⁴</em></strong></span> 
     </span>
    </p>

    <p class='ocr_par' dir='ltr' id='par_1_10' title="bbox 243 1881 1747 2227">
     <span class='ocr_line' id='line_1_28' title="bbox 319 1881 1747 1962; baseline -0.004 -12"><span class='ocrx_word' id='word_1_231' title='bbox 319 1915 370 1950; x_wconf 90' lang='lat' dir='ltr'>Et</span> <span class='ocrx_word' id='word_1_232' title='bbox 387 1915 553 1962; x_wconf 88' lang='lat' dir='ltr'>angelus</span> <span class='ocrx_word' id='word_1_233' title='bbox 573 1914 690 1950; x_wconf 90' lang='lat' dir='ltr'>rediit</span> <span class='ocrx_word' id='word_1_234' title='bbox 707 1914 757 1949; x_wconf 92' lang='lat' dir='ltr'>ad</span> <span class='ocrx_word' id='word_1_235' title='bbox 776 1924 870 1949; x_wconf 92' lang='lat' dir='ltr'>suos</span> <span class='ocrx_word' id='word_1_236' title='bbox 887 1912 1068 1953; x_wconf 89' lang='lat' dir='ltr'>comites,</span> <span class='ocrx_word' id='word_1_237' title='bbox 1083 1918 1124 1947; x_wconf 91' lang='lat' dir='ltr'>et</span> <span class='ocrx_word' id='word_1_238' title='bbox 1141 1911 1242 1947; x_wconf 87' lang='lat' dir='ltr'>dixit</span> <span class='ocrx_word' id='word_1_239' title='bbox 1260 1922 1507 1957; x_wconf 88' lang='lat' dir='ltr'>responsum,</span> <span class='ocrx_word' id='word_1_240' title='bbox 1522 1916 1563 1946; x_wconf 93' lang='lat' dir='ltr'>et</span> <span class='ocrx_word' id='word_1_241' title='bbox 1580 1881 1747 1952; x_wconf 81' lang='lat' dir='ltr'>addidit,</span> 
     </span>
     <span class='ocr_line' id='line_1_29' title="bbox 247 1964 1746 2015; baseline -0.003 -12"><span class='ocrx_word' id='word_1_242' title='bbox 247 1973 267 1987; x_wconf 95' lang='lat'>⁴⁴</span> <span class='ocrx_word' id='word_1_243' title='bbox 278 1968 468 2015; x_wconf 89' lang='lat' dir='ltr'>Auguror</span> <span class='ocrx_word' id='word_1_244' title='bbox 488 1967 597 2014; x_wconf 92' lang='lat' dir='ltr'>quod</span> <span class='ocrx_word' id='word_1_245' title='bbox 616 1967 730 2003; x_wconf 89' lang='lat' dir='ltr'>vobis</span> <span class='ocrx_word' id='word_1_246' title='bbox 756 1978 837 2002; x_wconf 90' lang='lat' dir='ltr'>non</span> <span class='ocrx_word' id='word_1_247' title='bbox 856 1966 907 2002; x_wconf 91' lang='lat' dir='ltr'>sit</span> <span class='ocrx_word' id='word_1_248' title='bbox 929 1976 1041 2002; x_wconf 92' lang='lat' dir='ltr'>amor</span> <span class='ocrx_word' id='word_1_249' title='bbox 1058 1976 1175 2001; x_wconf 88' lang='lat' dir='ltr'>sexus</span> <span class='ocrx_word' id='word_1_250' title='bbox 1197 1971 1350 2006; x_wconf 87' lang='lat' dir='ltr'>castus;</span> <span class='ocrx_word' id='word_1_251' title='bbox 1377 1964 1416 1999; x_wconf 93' lang='lat' dir='ltr'>in</span> <span class='ocrx_word' id='word_1_252' title='bbox 1438 1964 1549 1999; x_wconf 88' lang='lat' dir='ltr'>caelo</span> <span class='ocrx_word' id='word_1_253' title='bbox 1566 1974 1746 1999; x_wconf 90' lang='lat' dir='ltr'>amamus</span> 
     </span>
     <span class='ocr_line' id='line_1_30' title="bbox 245 2017 1746 2068; baseline -0.003 -12"><span class='ocrx_word' id='word_1_254' title='bbox 245 2021 420 2068; x_wconf 89' lang='lat' dir='ltr'>virgines</span> <span class='ocrx_word' id='word_1_255' title='bbox 438 2032 487 2056; x_wconf 89' lang='lat' dir='ltr'>ex</span> <span class='ocrx_word' id='word_1_256' title='bbox 514 2020 668 2056; x_wconf 90' lang='lat' dir='ltr'>illarum</span> <span class='ocrx_word' id='word_1_257' title='bbox 696 2019 994 2065; x_wconf 89' lang='lat' dir='ltr'>pulchritudine</span> <span class='ocrx_word' id='word_1_258' title='bbox 1019 2025 1061 2054; x_wconf 93' lang='lat' dir='ltr'>et</span> <span class='ocrx_word' id='word_1_259' title='bbox 1086 2018 1285 2064; x_wconf 88' lang='lat' dir='ltr'>elegantia</span> <span class='ocrx_word' id='word_1_260' title='bbox 1310 2028 1478 2057; x_wconf 91' lang='lat' dir='ltr'>morum,</span> <span class='ocrx_word' id='word_1_261' title='bbox 1500 2023 1541 2052; x_wconf 90' lang='lat' dir='ltr'>et</span> <span class='ocrx_word' id='word_1_262' title='bbox 1567 2017 1746 2063; x_wconf 90' lang='lat' dir='ltr'>impense</span> 
     </span>
     <span class='ocr_line' id='line_1_31' title="bbox 244 2070 1745 2116; baseline -0.004 -6"><span class='ocrx_word' id='word_1_263' title='bbox 244 2085 424 2110; x_wconf 88' lang='lat' dir='ltr'>amamus</span> <span class='ocrx_word' id='word_1_264' title='bbox 443 2073 539 2114; x_wconf 90' lang='lat' dir='ltr'>illas,</span> <span class='ocrx_word' id='word_1_265' title='bbox 555 2073 624 2109; x_wconf 91' lang='lat' dir='ltr'>sed</span> <span class='ocrx_word' id='word_1_266' title='bbox 642 2072 786 2109; x_wconf 86' lang='lat' dir='ltr'>caste.&#39;&#39;</span> <span class='ocrx_word' id='word_1_267' title='bbox 822 2072 887 2108; x_wconf 91' lang='lat' dir='ltr'>Ad</span> <span class='ocrx_word' id='word_1_268' title='bbox 907 2072 984 2108; x_wconf 91' lang='lat' dir='ltr'>hoc</span> <span class='ocrx_word' id='word_1_269' title='bbox 1003 2071 1175 2107; x_wconf 88' lang='lat' dir='ltr'>riserunt</span> <span class='ocrx_word' id='word_1_270' title='bbox 1189 2071 1276 2116; x_wconf 85' lang='lat' dir='ltr'>ejus</span> <span class='ocrx_word' id='word_1_271' title='bbox 1293 2070 1472 2109; x_wconf 83' lang='lat' dir='ltr'>comites.</span> <span class='ocrx_word' id='word_1_272' title='bbox 1487 2076 1528 2105; x_wconf 90' lang='lat' dir='ltr'>et</span> <span class='ocrx_word' id='word_1_273' title='bbox 1545 2070 1745 2110; x_wconf 89' lang='lat' dir='ltr'>dixerunt,</span> 
     </span>
     <span class='ocr_line' id='line_1_32' title="bbox 244 2123 1744 2174; baseline -0.003 -11"><span class='ocrx_word' id='word_1_274' title='bbox 244 2133 265 2146; x_wconf 91' lang='lat'>⁴⁴</span> <span class='ocrx_word' id='word_1_275' title='bbox 283 2126 406 2163; x_wconf 70' lang='lat' dir='ltr'>Rec‘te</span> <span class='ocrx_word' id='word_1_276' title='bbox 424 2126 648 2174; x_wconf 89' lang='lat' dir='ltr'>auguraris;</span> <span class='ocrx_word' id='word_1_277' title='bbox 674 2126 763 2173; x_wconf 87' lang='lat' dir='ltr'>quis</span> <span class='ocrx_word' id='word_1_278' title='bbox 782 2126 888 2172; x_wconf 91' lang='lat' dir='ltr'>potis</span> <span class='ocrx_word' id='word_1_279' title='bbox 909 2131 970 2162; x_wconf 92' lang='lat' dir='ltr'>est</span> <span class='ocrx_word' id='word_1_280' title='bbox 990 2125 1127 2161; x_wconf 91' lang='lat' dir='ltr'>videre</span> <span class='ocrx_word' id='word_1_281' title='bbox 1147 2124 1246 2160; x_wconf 91' lang='lat' dir='ltr'>tales</span> <span class='ocrx_word' id='word_1_282' title='bbox 1268 2123 1585 2170; x_wconf 89' lang='lat' dir='ltr'>pulchritudines</span> <span class='ocrx_word' id='word_1_283' title='bbox 1607 2133 1744 2169; x_wconf 89' lang='lat' dir='ltr'>prope,</span> 
     </span>
     <span class='ocr_line' id='line_1_33' title="bbox 243 2179 770 2227; baseline -0.004 -10"><span class='ocrx_word' id='word_1_284' title='bbox 243 2187 285 2217; x_wconf 89' lang='lat' dir='ltr'>et</span> <span class='ocrx_word' id='word_1_285' title='bbox 302 2192 383 2217; x_wconf 92' lang='lat' dir='ltr'>non</span> <span class='ocrx_word' id='word_1_286' title='bbox 401 2181 551 2227; x_wconf 88' lang='lat' dir='ltr'>aliquid</span> <span class='ocrx_word' id='word_1_287' title='bbox 570 2191 716 2227; x_wconf 88' lang='lat' dir='ltr'>cupere</span> <span class='ocrx_word' id='word_1_288' title='bbox 730 2179 770 2215; x_wconf 87' lang='lat'>?&#39;&#39;</span> 
     </span>
    </p>

    <p class='ocr_par' dir='ltr' id='par_1_11' title="bbox 243 2229 1744 2388">
     <span class='ocr_line' id='line_1_34' title="bbox 314 2229 1742 2281; baseline -0.004 -10"><span class='ocrx_word' id='word_1_289' title='bbox 314 2241 394 2281; x_wconf 78' lang='lat'>23.</span> <span class='ocrx_word' id='word_1_290' title='bbox 431 2234 529 2269; x_wconf 92' lang='lat' dir='ltr'>Post</span> <span class='ocrx_word' id='word_1_291' title='bbox 554 2233 633 2269; x_wconf 92' lang='lat' dir='ltr'>hoc</span> <span class='ocrx_word' id='word_1_292' title='bbox 658 2232 846 2268; x_wconf 82' lang='lat' dir='ltr'>festivum</span> <span class='ocrx_word' id='word_1_293' title='bbox 864 2230 1134 2268; x_wconf 66' lang='lat' dir='ltr'>[alsodalicium</span> <span class='ocrx_word' id='word_1_294' title='bbox 1161 2241 1300 2266; x_wconf 90' lang='lat' dir='ltr'>omnes</span> <span class='ocrx_word' id='word_1_295' title='bbox 1326 2229 1484 2265; x_wconf 90' lang='lat' dir='ltr'>invitati</span> <span class='ocrx_word' id='word_1_296' title='bbox 1502 2229 1553 2264; x_wconf 91' lang='lat' dir='ltr'>ad</span> <span class='ocrx_word' id='word_1_297' title='bbox 1580 2229 1742 2275; x_wconf 88' lang='lat' dir='ltr'>nuptias</span> 
     </span>
     <span class='ocr_line' id='line_1_35' title="bbox 243 2285 1744 2334; baseline -0.003 -11"><span class='ocrx_word' id='word_1_298' title='bbox 243 2288 465 2328; x_wconf 89' lang='lat' dir='ltr'>abiverunt,</span> <span class='ocrx_word' id='word_1_299' title='bbox 483 2294 525 2323; x_wconf 91' lang='lat' dir='ltr'>et</span> <span class='ocrx_word' id='word_1_300' title='bbox 542 2298 702 2334; x_wconf 92' lang='lat' dir='ltr'>quoque</span> <span class='ocrx_word' id='word_1_301' title='bbox 723 2286 862 2322; x_wconf 90' lang='lat' dir='ltr'>decem</span> <span class='ocrx_word' id='word_1_302' title='bbox 882 2285 938 2321; x_wconf 91' lang='lat' dir='ltr'>illi</span> <span class='ocrx_word' id='word_1_303' title='bbox 955 2285 1030 2321; x_wconf 89' lang='lat' dir='ltr'>viri</span> <span class='ocrx_word' id='word_1_304' title='bbox 1051 2296 1142 2321; x_wconf 90' lang='lat' dir='ltr'>cum</span> <span class='ocrx_word' id='word_1_305' title='bbox 1164 2296 1238 2320; x_wconf 89' lang='lat' dir='ltr'>suo</span> <span class='ocrx_word' id='word_1_306' title='bbox 1255 2285 1420 2331; x_wconf 87' lang='lat' dir='ltr'>angelo;</span> <span class='ocrx_word' id='word_1_307' title='bbox 1446 2290 1531 2319; x_wconf 91' lang='lat' dir='ltr'>erat</span> <span class='ocrx_word' id='word_1_308' title='bbox 1549 2294 1637 2319; x_wconf 89' lang='lat' dir='ltr'>sera</span> <span class='ocrx_word' id='word_1_309' title='bbox 1653 2294 1744 2319; x_wconf 94' lang='lat' dir='ltr'>ves-</span> 
     </span>
     <span class='ocr_line' id='line_1_36' title="bbox 245 2340 750 2388; baseline -0.004 -10"><span class='ocrx_word' id='word_1_310' title='bbox 245 2352 350 2388; x_wconf 90' lang='lat' dir='ltr'>pera,</span> <span class='ocrx_word' id='word_1_311' title='bbox 369 2347 410 2378; x_wconf 92' lang='lat' dir='ltr'>et</span> <span class='ocrx_word' id='word_1_312' title='bbox 427 2341 607 2377; x_wconf 87' lang='lat' dir='ltr'>cubitum</span> <span class='ocrx_word' id='word_1_313' title='bbox 627 2340 750 2376; x_wconf 87' lang='lat' dir='ltr'>ibant.</span> 
     </span>
    </p>

    <p class='ocr_par' dir='ltr' id='par_1_12' title="bbox 244 2389 1744 2651">
     <span class='ocr_line' id='line_1_37' title="bbox 316 2389 1744 2438; baseline -0.004 -8"><span class='ocrx_word' id='word_1_314' title='bbox 316 2394 362 2430; x_wconf 91' lang='lat' dir='ltr'>In</span> <span class='ocrx_word' id='word_1_315' title='bbox 390 2394 567 2430; x_wconf 90' lang='lat' dir='ltr'>diluculo</span> <span class='ocrx_word' id='word_1_316' title='bbox 593 2393 833 2429; x_wconf 89' lang='lat' dir='ltr'>audiverunt</span> <span class='ocrx_word' id='word_1_317' title='bbox 858 2391 1224 2438; x_wconf 84' lang='lat' dir='ltr'>proclamationem,</span> <span class='ocrx_word' id='word_1_318' title='bbox 1255 2390 1384 2426; x_wconf 83' lang='lat' dir='ltr'>Hodie</span> <span class='ocrx_word' id='word_1_319' title='bbox 1411 2389 1671 2431; x_wconf 73' lang='lat' dir='ltr'>Sabbathum,·</span> <span class='ocrx_word' id='word_1_320' title='bbox 1701 2395 1744 2425; x_wconf 88' lang='lat' dir='ltr'>et</span> 
     </span>
     <span class='ocr_line' id='line_1_38' title="bbox 244 2442 1741 2492; baseline -0.003 -10"><span class='ocrx_word' id='word_1_321' title='bbox 244 2453 509 2487; x_wconf 85' lang='lat' dir='ltr'>surrexerunt,</span> <span class='ocrx_word' id='word_1_322' title='bbox 524 2453 565 2482; x_wconf 90' lang='lat' dir='ltr'>et</span> <span class='ocrx_word' id='word_1_323' title='bbox 583 2446 927 2492; x_wconf 89' lang='lat' dir='ltr'>interrogaverunt</span> <span class='ocrx_word' id='word_1_324' title='bbox 941 2444 1138 2491; x_wconf 88' lang='lat' dir='ltr'>angelum,</span> <span class='ocrx_word' id='word_1_325' title='bbox 1154 2449 1174 2462; x_wconf 76' lang='lat'>‘⁴</span> <span class='ocrx_word' id='word_1_326' title='bbox 1185 2443 1291 2491; x_wconf 75' lang='lat' dir='ltr'>Quid</span> <span class='ocrx_word' id='word_1_327' title='bbox 1312 2443 1408 2478; x_wconf 90' lang='lat' dir='ltr'>illud</span> <span class='ocrx_word' id='word_1_328' title='bbox 1421 2442 1462 2478; x_wconf 84' lang='lat'>?’&#39;</span> <span class='ocrx_word' id='word_1_329' title='bbox 1505 2442 1741 2488; x_wconf 88' lang='lat' dir='ltr'>Respondit,</span> 
     </span>
     <span class='ocr_line' id='line_1_39' title="bbox 245 2495 1742 2546; baseline -0.004 -11"><span class='ocrx_word' id='word_1_330' title='bbox 245 2500 352 2546; x_wconf 88' lang='lat' dir='ltr'>quod</span> <span class='ocrx_word' id='word_1_331' title='bbox 367 2500 419 2535; x_wconf 89' lang='lat' dir='ltr'>sit</span> <span class='ocrx_word' id='word_1_332' title='bbox 432 2500 482 2535; x_wconf 93' lang='lat' dir='ltr'>ad</span> <span class='ocrx_word' id='word_1_333' title='bbox 496 2499 648 2535; x_wconf 89' lang='lat' dir='ltr'>cultum</span> <span class='ocrx_word' id='word_1_334' title='bbox 669 2499 756 2539; x_wconf 90' lang='lat' dir='ltr'>Dei,</span> <span class='ocrx_word' id='word_1_335' title='bbox 770 2498 838 2545; x_wconf 91' lang='lat' dir='ltr'>qui</span> <span class='ocrx_word' id='word_1_336' title='bbox 853 2497 969 2533; x_wconf 87' lang='lat' dir='ltr'>statis</span> <span class='ocrx_word' id='word_1_337' title='bbox 984 2497 1230 2543; x_wconf 87' lang='lat' dir='ltr'>temporibus</span> <span class='ocrx_word' id='word_1_338' title='bbox 1245 2496 1358 2537; x_wconf 88' lang='lat' dir='ltr'>redit,</span> <span class='ocrx_word' id='word_1_339' title='bbox 1373 2502 1414 2531; x_wconf 92' lang='lat' dir='ltr'>et</span> <span class='ocrx_word' id='word_1_340' title='bbox 1430 2499 1454 2531; x_wconf 88' lang='lat' dir='ltr'>a</span> <span class='ocrx_word' id='word_1_341' title='bbox 1467 2495 1742 2531; x_wconf 90' lang='lat' dir='ltr'>sacerdotibus</span> 
     </span>
     <span class='ocr_line' id='line_1_40' title="bbox 245 2548 1743 2598; baseline -0.003 -10"><span class='ocrx_word' id='word_1_342' title='bbox 245 2553 531 2598; x_wconf 86' lang='lat' dir='ltr'>proclamatur;</span> <span class='ocrx_word' id='word_1_343' title='bbox 557 2551 792 2598; x_wconf 85' lang='lat' dir='ltr'>“peragitur</span> <span class='ocrx_word' id='word_1_344' title='bbox 817 2551 882 2586; x_wconf 91' lang='lat' dir='ltr'>ille</span> <span class='ocrx_word' id='word_1_345' title='bbox 910 2550 949 2586; x_wconf 93' lang='lat' dir='ltr'>in</span> <span class='ocrx_word' id='word_1_346' title='bbox 974 2549 1136 2596; x_wconf 90' lang='lat' dir='ltr'>templis</span> <span class='ocrx_word' id='word_1_347' title='bbox 1162 2550 1319 2589; x_wconf 89' lang='lat' dir='ltr'>nostris,</span> <span class='ocrx_word' id='word_1_348' title='bbox 1342 2555 1382 2584; x_wconf 93' lang='lat' dir='ltr'>et</span> <span class='ocrx_word' id='word_1_349' title='bbox 1409 2555 1560 2594; x_wconf 88' lang='lat' dir='ltr'>perstat</span> <span class='ocrx_word' id='word_1_350' title='bbox 1585 2548 1743 2584; x_wconf 89' lang='lat' dir='ltr'>circiter</span> 
     </span>
     <span class='ocr_line' id='line_1_41' title="bbox 244 2601 1489 2651; baseline -0.003 -11"><span class='ocrx_word' id='word_1_351' title='bbox 244 2605 356 2640; x_wconf 88' lang='lat' dir='ltr'>binas</span> <span class='ocrx_word' id='word_1_352' title='bbox 373 2605 516 2646; x_wconf 80' lang='lat' dir='ltr'>horas;</span> <span class='ocrx_word' id='word_1_353' title='bbox 541 2615 673 2651; x_wconf 78' lang='lat' dir='ltr'>quare,</span> <span class='ocrx_word' id='word_1_354' title='bbox 691 2604 723 2640; x_wconf 92' lang='lat' dir='ltr'>si</span> <span class='ocrx_word' id='word_1_355' title='bbox 742 2604 863 2644; x_wconf 89' lang='lat' dir='ltr'>lubet,</span> <span class='ocrx_word' id='word_1_356' title='bbox 883 2603 938 2639; x_wconf 92' lang='lat' dir='ltr'>ite</span> <span class='ocrx_word' id='word_1_357' title='bbox 957 2614 1124 2643; x_wconf 90' lang='lat' dir='ltr'>mecum,</span> <span class='ocrx_word' id='word_1_358' title='bbox 1143 2609 1184 2638; x_wconf 92' lang='lat' dir='ltr'>et</span> <span class='ocrx_word' id='word_1_359' title='bbox 1202 2601 1489 2637; x_wconf 87' lang='lat' dir='ltr'>introducam.”</span> 
     </span>
    </p>

    <p class='ocr_par' dir='ltr' id='par_1_13' title="bbox 245 2654 1741 2913">
     <span class='ocr_line' id='line_1_42' title="bbox 317 2654 1741 2702; baseline -0.005 -8"><span class='ocrx_word' id='word_1_360' title='bbox 317 2657 368 2693; x_wconf 90' lang='lat' dir='ltr'>Et</span> <span class='ocrx_word' id='word_1_361' title='bbox 385 2658 643 2694; x_wconf 80' lang='lat' dir='ltr'>accinxerunt</span> <span class='ocrx_word' id='word_1_362' title='bbox 667 2668 720 2698; x_wconf 89' lang='lat' dir='ltr'>se,</span> <span class='ocrx_word' id='word_1_363' title='bbox 739 2663 780 2692; x_wconf 93' lang='lat' dir='ltr'>et</span> <span class='ocrx_word' id='word_1_364' title='bbox 805 2657 986 2692; x_wconf 89' lang='lat' dir='ltr'>comitati</span> <span class='ocrx_word' id='word_1_365' title='bbox 1011 2662 1105 2691; x_wconf 88' lang='lat' dir='ltr'>sunt</span> <span class='ocrx_word' id='word_1_366' title='bbox 1126 2655 1322 2702; x_wconf 83' lang='lat' dir='ltr'>angelum,</span> <span class='ocrx_word' id='word_1_367' title='bbox 1342 2661 1382 2690; x_wconf 90' lang='lat' dir='ltr'>et</span> <span class='ocrx_word' id='word_1_368' title='bbox 1404 2654 1674 2689; x_wconf 89' lang='lat' dir='ltr'>intraverunt:</span> <span class='ocrx_word' id='word_1_369' title='bbox 1699 2658 1741 2687; x_wconf 88' lang='lat' dir='ltr'>et</span> 
     </span>
     <span class='ocr_line' id='line_1_43' title="bbox 245 2706 1740 2756; baseline -0.005 -10"><span class='ocrx_word' id='word_1_370' title='bbox 245 2720 337 2745; x_wconf 92' lang='lat' dir='ltr'>ecce</span> <span class='ocrx_word' id='word_1_371' title='bbox 349 2711 544 2756; x_wconf 90' lang='lat' dir='ltr'>templum</span> <span class='ocrx_word' id='word_1_372' title='bbox 558 2717 644 2746; x_wconf 91' lang='lat' dir='ltr'>erat</span> <span class='ocrx_word' id='word_1_373' title='bbox 656 2710 845 2755; x_wconf 85' lang='lat' dir='ltr'>amplum,</span> <span class='ocrx_word' id='word_1_374' title='bbox 860 2720 986 2755; x_wconf 85' lang='lat' dir='ltr'>capax</span> <span class='ocrx_word' id='word_1_375' title='bbox 998 2708 1155 2744; x_wconf 88' lang='lat' dir='ltr'>circiter</span> <span class='ocrx_word' id='word_1_376' title='bbox 1168 2707 1288 2743; x_wconf 90' lang='lat' dir='ltr'>trium</span> <span class='ocrx_word' id='word_1_377' title='bbox 1307 2707 1487 2747; x_wconf 90' lang='lat' dir='ltr'>millium,</span> <span class='ocrx_word' id='word_1_378' title='bbox 1502 2706 1740 2741; x_wconf 88' lang='lat' dir='ltr'>semirotun-</span> 
     </span>
     <span class='ocr_line' id='line_1_44' title="bbox 245 2759 1740 2806; baseline -0.005 -8"><span class='ocrx_word' id='word_1_379' title='bbox 245 2762 352 2803; x_wconf 90' lang='lat' dir='ltr'>dum,</span> <span class='ocrx_word' id='word_1_380' title='bbox 366 2773 527 2798; x_wconf 89' lang='lat' dir='ltr'>scamna</span> <span class='ocrx_word' id='word_1_381' title='bbox 540 2774 609 2798; x_wconf 90' lang='lat' dir='ltr'>seu</span> <span class='ocrx_word' id='word_1_382' title='bbox 623 2763 763 2798; x_wconf 87' lang='lat' dir='ltr'>sedilia</span> <span class='ocrx_word' id='word_1_383' title='bbox 776 2762 967 2798; x_wconf 90' lang='lat' dir='ltr'>continua</span> <span class='ocrx_word' id='word_1_384' title='bbox 980 2761 1198 2797; x_wconf 90' lang='lat' dir='ltr'>secundum</span> <span class='ocrx_word' id='word_1_385' title='bbox 1214 2760 1379 2806; x_wconf 88' lang='lat' dir='ltr'>figuram</span> <span class='ocrx_word' id='word_1_386' title='bbox 1394 2759 1532 2804; x_wconf 90' lang='lat' dir='ltr'>templi</span> <span class='ocrx_word' id='word_1_387' title='bbox 1549 2759 1587 2793; x_wconf 90' lang='lat' dir='ltr'>in</span> <span class='ocrx_word' id='word_1_388' title='bbox 1603 2764 1740 2793; x_wconf 92' lang='lat' dir='ltr'>rotun-</span> 
     </span>
     <span class='ocr_line' id='line_1_45' title="bbox 245 2811 1740 2861; baseline -0.002 -13"><span class='ocrx_word' id='word_1_389' title='bbox 245 2814 340 2849; x_wconf 90' lang='lat' dir='ltr'>dum</span> <span class='ocrx_word' id='word_1_390' title='bbox 354 2814 633 2856; x_wconf 60' lang='lat' dir='ltr'>circumducta,</span> <span class='ocrx_word' id='word_1_391' title='bbox 648 2826 694 2851; x_wconf 91' lang='lat' dir='ltr'>ac</span> <span class='ocrx_word' id='word_1_392' title='bbox 712 2815 933 2861; x_wconf 85' lang='lat' dir='ltr'>posteriora</span> <span class='ocrx_word' id='word_1_393' title='bbox 945 2814 1160 2850; x_wconf 89' lang='lat' dir='ltr'>elevatiora</span> <span class='ocrx_word' id='word_1_394' title='bbox 1174 2813 1381 2859; x_wconf 89' lang='lat' dir='ltr'>prioribus.</span> <span class='ocrx_word' id='word_1_395' title='bbox 1427 2811 1632 2856; x_wconf 88' lang='lat' dir='ltr'>Pulpitum</span> <span class='ocrx_word' id='word_1_396' title='bbox 1646 2815 1740 2845; x_wconf 90' lang='lat' dir='ltr'>ante</span> 
     </span>
     <span class='ocr_line' id='line_1_46' title="bbox 246 2864 1596 2913; baseline -0.003 -12"><span class='ocrx_word' id='word_1_397' title='bbox 246 2866 313 2902; x_wconf 92' lang='lat' dir='ltr'>illa</span> <span class='ocrx_word' id='word_1_398' title='bbox 329 2867 448 2912; x_wconf 84' lang='lat' dir='ltr'>paulo</span> <span class='ocrx_word' id='word_1_399' title='bbox 465 2867 676 2903; x_wconf 62' lang='lat' dir='ltr'>retractum</span> <span class='ocrx_word' id='word_1_400' title='bbox 691 2878 715 2903; x_wconf 91' lang='lat' dir='ltr'>a</span> <span class='ocrx_word' id='word_1_401' title='bbox 731 2874 890 2908; x_wconf 86' lang='lat' dir='ltr'>centro;</span> <span class='ocrx_word' id='word_1_402' title='bbox 914 2867 1036 2913; x_wconf 88' lang='lat' dir='ltr'>janua</span> <span class='ocrx_word' id='word_1_403' title='bbox 1053 2873 1144 2913; x_wconf 92' lang='lat' dir='ltr'>post</span> <span class='ocrx_word' id='word_1_404' title='bbox 1162 2866 1361 2912; x_wconf 88' lang='lat' dir='ltr'>pulpitum</span> <span class='ocrx_word' id='word_1_405' title='bbox 1380 2875 1403 2900; x_wconf 93' lang='lat' dir='ltr'>a</span> <span class='ocrx_word' id='word_1_406' title='bbox 1423 2864 1596 2899; x_wconf 88' lang='lat' dir='ltr'>sinistro.</span> 
     </span>
    </p>

    <p class='ocr_par' dir='ltr' id='par_1_14' title="bbox 244 2917 1739 3069">
     <span class='ocr_line' id='line_1_47' title="bbox 319 2917 1739 2964; baseline -0.004 -11"><span class='ocrx_word' id='word_1_407' title='bbox 319 2917 570 2955; x_wconf 87' lang='lat' dir='ltr'>Intraverunt</span> <span class='ocrx_word' id='word_1_408' title='bbox 583 2920 721 2956; x_wconf 89' lang='lat' dir='ltr'>decem</span> <span class='ocrx_word' id='word_1_409' title='bbox 735 2920 808 2955; x_wconf 91' lang='lat' dir='ltr'>viri</span> <span class='ocrx_word' id='word_1_410' title='bbox 823 2920 1000 2955; x_wconf 89' lang='lat' dir='ltr'>advenae</span> <span class='ocrx_word' id='word_1_411' title='bbox 1014 2930 1105 2954; x_wconf 91' lang='lat' dir='ltr'>cum</span> <span class='ocrx_word' id='word_1_412' title='bbox 1120 2919 1263 2964; x_wconf 88' lang='lat' dir='ltr'>angelo</span> <span class='ocrx_word' id='word_1_413' title='bbox 1281 2917 1446 2952; x_wconf 68' lang='lat' dir='ltr'>duetore</span> <span class='ocrx_word' id='word_1_414' title='bbox 1464 2927 1548 2956; x_wconf 90' lang='lat' dir='ltr'>suo,</span> <span class='ocrx_word' id='word_1_415' title='bbox 1562 2921 1603 2950; x_wconf 90' lang='lat' dir='ltr'>et</span> <span class='ocrx_word' id='word_1_416' title='bbox 1619 2924 1739 2959; x_wconf 91' lang='lat' dir='ltr'>ange-</span> 
     </span>
     <span class='ocr_line' id='line_1_48' title="bbox 244 2966 1738 3016; baseline -0.003 -11"><span class='ocrx_word' id='word_1_417' title='bbox 244 2970 307 3006; x_wconf 88' lang='lat' dir='ltr'>lus</span> <span class='ocrx_word' id='word_1_418' title='bbox 324 2971 477 3007; x_wconf 87' lang='lat' dir='ltr'>addixit</span> <span class='ocrx_word' id='word_1_419' title='bbox 495 2972 570 3008; x_wconf 88' lang='lat' dir='ltr'>illis</span> <span class='ocrx_word' id='word_1_420' title='bbox 587 2973 675 3008; x_wconf 90' lang='lat' dir='ltr'>loca</span> <span class='ocrx_word' id='word_1_421' title='bbox 692 2972 759 3007; x_wconf 93' lang='lat' dir='ltr'>ubi</span> <span class='ocrx_word' id='word_1_422' title='bbox 777 2973 971 3013; x_wconf 88' lang='lat' dir='ltr'>sederent,</span> <span class='ocrx_word' id='word_1_423' title='bbox 989 2972 1125 3006; x_wconf 91' lang='lat' dir='ltr'>dicens</span> <span class='ocrx_word' id='word_1_424' title='bbox 1144 2971 1231 3010; x_wconf 88' lang='lat' dir='ltr'>illis.</span> <span class='ocrx_word' id='word_1_425' title='bbox 1247 2975 1267 2989; x_wconf 89' lang='lat'>⁴⁴</span> <span class='ocrx_word' id='word_1_426' title='bbox 1281 2969 1458 3016; x_wconf 76' lang='lat' dir='ltr'>Quisque</span> <span class='ocrx_word' id='word_1_427' title='bbox 1472 2968 1538 3014; x_wconf 88' lang='lat' dir='ltr'>qui</span> <span class='ocrx_word' id='word_1_428' title='bbox 1558 2967 1680 3002; x_wconf 88' lang='lat' dir='ltr'>intrat</span> <span class='ocrx_word' id='word_1_429' title='bbox 1697 2966 1738 3002; x_wconf 90' lang='lat' dir='ltr'>in</span> 
     </span>
     <span class='ocr_line' id='line_1_49' title="bbox 244 3019 1736 3069; baseline -0.003 -10"><span class='ocrx_word' id='word_1_430' title='bbox 244 3023 450 3069; x_wconf 85' lang='lat' dir='ltr'>templum.</span> <span class='ocrx_word' id='word_1_431' title='bbox 477 3024 552 3060; x_wconf 86' lang='lat' dir='ltr'>scit</span> <span class='ocrx_word' id='word_1_432' title='bbox 576 3035 693 3061; x_wconf 89' lang='lat' dir='ltr'>suum</span> <span class='ocrx_word' id='word_1_433' title='bbox 718 3025 872 3067; x_wconf 84' lang='lat' dir='ltr'>locum;</span> <span class='ocrx_word' id='word_1_434' title='bbox 901 3024 980 3060; x_wconf 90' lang='lat' dir='ltr'>hoc</span> <span class='ocrx_word' id='word_1_435' title='bbox 1004 3024 1081 3060; x_wconf 88' lang='lat' dir='ltr'>scit</span> <span class='ocrx_word' id='word_1_436' title='bbox 1105 3034 1155 3059; x_wconf 88' lang='lat' dir='ltr'>ex</span> <span class='ocrx_word' id='word_1_437' title='bbox 1181 3023 1313 3064; x_wconf 89' lang='lat' dir='ltr'>insito,</span> <span class='ocrx_word' id='word_1_438' title='bbox 1340 3032 1413 3057; x_wconf 90' lang='lat' dir='ltr'>nec</span> <span class='ocrx_word' id='word_1_439' title='bbox 1440 3026 1573 3067; x_wconf 86' lang='lat' dir='ltr'>potest</span> <span class='ocrx_word' id='word_1_440' title='bbox 1598 3019 1736 3055; x_wconf 88' lang='lat' dir='ltr'>sedere</span> 
     </span>
    </p>
   </div>
  </div>
 </body>
</html>
