2014 3386
318 349 332 377 1
341 338 395 378 82
773 347 1017 380 DELICIAE
1050 347 1356 381 SAPIENTIAE

312 459 566 500 meretricia
596 459 717 513 apud
757 460 946 501 feminas
979 460 1113 508 tales,
1146 467 1193 502 et
1226 461 1500 503 scortatoria
1531 461 1649 516 apud
1685 462 1806 504 viros

310 522 430 566 tales
451 536 459 573 ;
493 527 540 563 et
563 523 666 576 quia
693 522 739 563 hi
765 528 811 563 et
838 522 943 564 illae
967 524 1010 563 in
1034 523 1208 564 inferno
1230 530 1351 573 sunt,
1377 530 1448 566 est
1475 524 1589 566 haec
1612 524 1807 579 sphaera

309 585 442 636 inde;
489 585 570 626 sed
612 585 725 626 haec
758 585 954 639 sphaera
985 587 1123 626 etiam
1154 586 1327 627 multae
1358 588 1597 629 varietatis
1638 594 1725 636 est,
1757 595 1805 630 et

310 649 416 690 inde
447 648 597 703 plures
628 648 722 702 ejus
755 650 931 702 species
963 655 1083 697 sunt,
1112 656 1160 690 at
1202 650 1308 691 talis
1345 652 1521 703 species
1559 651 1807 693 attrahitur

309 719 356 753 et
383 711 665 753 subtrahitur
690 725 717 752 a
741 713 839 753 viro
861 712 1007 766 qualis
1031 713 1071 753 ei
1093 714 1320 766 congruit,
1345 720 1391 754 et
1419 713 1512 766 ejus
1535 715 1672 767 genio
1693 727 1804 756 con-

307 775 461 817 formis
485 781 567 824 est,
592 781 638 817 et
662 775 1005 829 correspondet.
1068 775 1142 816 Ex
1165 776 1234 817 his
1257 783 1468 818 constare
1490 784 1662 831 potest,
1682 778 1804 832 quod

306 840 374 880 vir
396 840 470 892 qui
497 852 588 879 non
614 845 740 880 amat
762 852 969 888 uxorem,
994 839 1233 892 sphaeram
1261 840 1386 880 illam
1409 840 1591 882 aliunde
1614 842 1804 895 recipiat

307 915 442 956 quam
480 903 538 943 ab
568 916 739 943 uxore:
784 902 835 943 fit
866 916 1006 956 usque
1038 903 1158 956 quod
1190 903 1269 943 illa
1301 904 1441 944 etiam
1473 905 1716 958 inspiretur
1746 905 1805 946 ab

308 979 467 1015 uxore,
495 966 575 1007 sed
602 967 698 1007 viro
723 967 882 1015 inscio,
911 972 957 1007 et
984 966 1091 1006 dum
1118 966 1322 1007 calescit.

390 1031 517 1073 226.
555 1029 703 1084 (Χνίἰ.)
741 1030 869 1080 Quod
901 1044 1027 1071 amor
1062 1030 1327 1084 conjugialis
1363 1030 1475 1071 dari
1500 1030 1650 1083 possit
1684 1032 1808 1084 apud

306 1107 439 1134 unum
459 1107 514 1134 ex
529 1092 800 1148 conjugibus,
819 1099 861 1133 et
881 1106 964 1133 non
981 1092 1119 1133 simul
1135 1091 1261 1145 apud
1270 1093 1665 1135 alterum—Unus
1683 1095 1802 1135 enim

305 1162 463 1210 potest
481 1171 540 1197 ex
559 1157 695 1197 corde
713 1170 881 1197 vovere
905 1156 988 1196 sibi
1012 1155 1270 1209 conjugium
1294 1162 1487 1205 castum,
1507 1156 1626 1198 alter
1647 1163 1802 1198 autem

305 1230 396 1260 non
415 1220 500 1261 scit
518 1220 623 1274 quid
642 1226 816 1261 castum
836 1234 845 1271 ;
876 1233 990 1260 unus
1007 1226 1164 1273 potest
1183 1232 1335 1260 amare
1355 1219 1432 1260 illa
1449 1233 1563 1273 quae
1581 1219 1803 1262 ecclesiae

304 1289 425 1332 sunt,
442 1282 559 1324 alter
576 1289 730 1324 autem
755 1283 834 1323 illa
851 1297 966 1337 quae
985 1282 1124 1323 solius
1143 1282 1299 1323 mundi
1317 1297 1326 1332 ;
1350 1296 1462 1323 unus
1482 1289 1634 1336 potest
1653 1284 1802 1337 quoad

304 1352 509 1388 mentem
535 1360 635 1387 esse
661 1347 706 1387 in
733 1346 878 1395 caelo,
907 1346 1026 1388 alter
1051 1346 1201 1401 quoad
1228 1359 1356 1386 suam
1387 1347 1432 1387 in
1460 1347 1662 1396 inserno3
1695 1348 1801 1388 inde

304 1411 423 1464 apud
446 1424 583 1452 unum
606 1417 762 1464 potest
786 1424 885 1451 esse
909 1423 1037 1451 amor
1054 1409 1338 1463 conjugialis,
1359 1416 1406 1451 et
1430 1423 1521 1450 non
1543 1410 1663 1464 apud
1686 1410 1799 1452 alte-

304 1487 430 1515 rum:
463 1474 623 1515 horum
651 1480 844 1522 mentes,
874 1474 978 1527 quia
1003 1474 1047 1514 in
1075 1474 1307 1514 contrario
1334 1487 1466 1513 versu
1492 1480 1613 1522 sunt,
1641 1474 1801 1515 intrin-

302 1550 433 1579 secus
460 1538 579 1578 inter
604 1551 652 1578 se
680 1537 932 1587 collidunt;
966 1543 1013 1578 et
1041 1538 1078 1577 si
1104 1550 1195 1577 non
1219 1537 1521 1584 extrinsecus,
1547 1551 1686 1591 usque
1708 1536 1799 1586 ille,

302 1602 377 1656 qui
399 1614 490 1642 non
513 1601 557 1641 in
580 1613 735 1641 amore
758 1600 1001 1653 conjugiali
1024 1606 1109 1648 est,
1131 1598 1310 1652 speEtat
1335 1607 1599 1641 consortem
1623 1614 1683 1641 ex
1705 1600 1800 1642 soe·

302 1665 410 1706 dere
437 1665 553 1705 sicut
580 1664 864 1705 fastidiosam
892 1676 1056 1717 anum3
1089 1669 1136 1703 et
1163 1664 1225 1703 sic
1254 1676 1400 1716 porro.

386 1736 506 1780 227.
540 1726 704 1781 (Χνίἰί.)
743 1726 871 1777 Quod
895 1726 989 1767 sint
1017 1725 1175 1766 variae
1204 1726 1537 1774 similitudines,
1569 1732 1612 1767 et
1640 1725 1800 1768 variae

300 1790 704 1838 dissimilitudines,
733 1796 825 1830 tam
855 1789 1055 1830 internae
1084 1803 1216 1842 quam
1246 1795 1466 1838 externae,
1499 1789 1625 1841 apud
1653 1790 1796 1843 conju-

295 1853 626 1908 ges—Notum
659 1859 746 1901 est,
779 1853 901 1906 quod
933 1853 1053 1893 inter
1084 1852 1305 1905 conjuges
1337 1853 1429 1893 sint
1461 1852 1796 1900 similitudines,

301 1923 349 1958 et
374 1916 494 1971 quod
521 1917 611 1957 sint
639 1916 1047 1968 dissimilitudines,
1073 1921 1119 1956 et
1143 1915 1263 1969 quod
1287 1921 1505 1956 externae
1528 1922 1794 1968 appareant,

301 1993 392 2021 non
415 1986 568 2020 autem
591 1979 812 2027 internae,
838 1979 922 2019 nisi
950 1985 1054 2032 post
1079 1985 1288 2032 tempora
1307 1978 1664 2019 cohabitationis
1690 1980 1798 2033 ipsis

300 2042 583 2096 conjugibus,
607 2048 652 2084 et
678 2056 757 2096 per
779 2042 946 2083 indicia
970 2041 1069 2082 aliis
1090 2055 1099 2082 :
1133 2049 1180 2082 at
1209 2054 1475 2083 enumerare
1498 2048 1712 2095 utrasque
1738 2042 1797 2084 ad

300 2106 632 2159 cognitionem,
665 2118 831 2146 vanum
865 2111 951 2154 est,
985 2106 1088 2159 quia
1120 2105 1271 2158 plures
1304 2106 1499 2158 paginae
1531 2106 1797 2147 recensione

299 2176 348 2211 et
380 2169 687 2223 descriptione
713 2169 985 2209 varietatum
1012 2168 1248 2221 adimpleri
1281 2175 1497 2221 possunt:
1537 2168 1795 2209 similitudi-

301 2248 382 2276 nes
413 2233 562 2288 quoad
594 2239 772 2286 partem
805 2238 998 2285 possunt
1030 2245 1090 2271 ex
1122 2231 1578 2280 dissimilitudinibus,
1609 2238 1798 2286 propter

300 2311 412 2351 quas
434 2309 563 2338 amor
584 2295 854 2349 conjugialis
877 2295 971 2335 abit
994 2295 1037 2335 in
1060 2294 1214 2346 frigus,
1239 2294 1297 2334 de
1319 2294 1480 2347 quibus
1505 2295 1550 2335 in
1573 2300 1795 2348 sequente

299 2362 464 2414 capite,
492 2359 653 2401 deduci
680 2366 726 2401 et
753 2357 976 2400 concludi.
1038 2357 1365 2399 Similitudines
1391 2364 1438 2398 et
1465 2357 1794 2399 dissimilitudi—

300 2437 381 2465 nes
413 2424 457 2464 in
489 2436 658 2476 genere
692 2422 863 2463 ducunt
895 2427 1046 2462 ortum
1078 2434 1137 2460 ex
1170 2420 1541 2461 inclinationibus
1567 2421 1793 2470 connatis,

299 2501 380 2541 per
401 2486 713 2535 educationes,
739 2484 970 2526 consortia
995 2490 1042 2525 et
1068 2483 1266 2524 imbutas
1290 2485 1622 2536 persuasiones,
1646 2485 1793 2525 varia·

300 2549 374 2590 tis.

384 2611 508 2654 228.
542 2609 679 2666 (xiX.)
718 2610 847 2662 Quod
860 2610 1018 2651 variae
1037 2608 1350 2651 similitudines
1366 2608 1546 2662 possint
1559 2607 1768 2664 conjungi
1772 2622 1794 2657 ‚·

299 2674 383 2716 sed
408 2687 490 2714 non
514 2687 609 2714 cum
634 2671 1418 2714 dissimilitudinibus.-Varietates
1443 2672 1792 2714 similitudinum

299 2743 407 2779 sunt
434 2735 704 2791 permultae,
732 2750 785 2778 ac
813 2737 989 2777 distant
1016 2735 1118 2790 plus
1144 2741 1191 2775 et
1224 2736 1396 2786 minus;
1439 2742 1487 2777 at
1519 2749 1660 2789 usque
1686 2734 1792 2776 illae

300 2814 415 2854 quae
441 2800 630 2848 distant,
658 2805 851 2852 possunt
881 2806 1090 2853 tempore
1117 2796 1329 2850 conjungi
1361 2811 1442 2851 per
1471 2798 1610 2847 varia,
1637 2797 1791 2851 impri-

300 2865 385 2905 mis
411 2877 490 2917 per
515 2863 968 2904 accommodationes
994 2862 1052 2903 ad
1078 2861 1315 2910 desideria,
1340 2875 1419 2914 per
1445 2861 1593 2902 officia
1619 2867 1790 2909 mutua,

301 2941 382 2981 per
412 2927 672 2975 civilitates,
707 2939 786 2980 per
817 2925 1120 2967 abstinentias
1150 2925 1209 2965 ab
1239 2925 1440 2973 incastis,
1475 2938 1555 2978 per
1586 2936 1790 2964 commu-

301 3003 405 3031 nem
446 3002 647 3031 amorem
688 2990 925 3039 infantum,
967 2994 1014 3030 et
1060 3001 1213 3030 curam
1255 2987 1495 3028 liberorum
1517 3001 1526 3028 ε
1573 2987 1792 3040 imprimis
