2014 3386
535 343 604 376 DE
634 342 815 376 AMORE
845 341 1272 386 CONJUGIALI.—N.
1306 314 1396 386 1¹46.
1632 345 1706 376 121

215 463 302 507 est,
327 457 577 515 sapientiae
604 462 650 498 et
677 457 858 506 amoris,
882 456 927 497 in
950 456 1109 511 quibus
1135 462 1241 498 sunt
1267 455 1446 510 angeli;
1480 455 1561 497 lux
1587 458 1707 498 enim

214 522 429 564 caelestis
452 533 589 562 unum
615 521 712 574 agit
739 533 840 561 cum
867 520 1107 574 sapientia,
1135 526 1183 561 et
1215 520 1341 561 calor
1366 520 1589 561 caelestis·
1606 533 1707 561 cum

211 599 395 635 amore;
428 590 474 625 et
498 584 614 624 sicut
637 584 863 636 sapientia
884 590 932 625 et
956 582 1050 636 ejus
1072 596 1199 623 amor
1220 589 1431 624 crescunt
1454 584 1574 636 apud
1597 596 1707 624 con-

206 648 354 702 juges,
393 648 457 689 ita
497 646 758 700 purificatur
791 659 919 687 amor
955 646 1222 699 conjugialis
1255 647 1373 700 apud
1415 646 1545 698 illos3
1586 648 1706 700 quod

212 709 316 766 quia
336 710 386 752 fit
413 710 683 758 successive,
708 711 910 764 sequitur
931 710 1050 764 quod
1078 710 1154 750 ille
1182 709 1282 763 plus
1305 716 1352 751 et
1378 710 1479 764 plus
1505 709 1584 751 fiat
1607 723 1706 751 cas-

208 775 300 816 tus.
360 773 616 815 Purificatio
638 772 717 813 illa
739 773 984 827 spiritualis
1007 774 1259 826 comparari
1282 779 1439 826 potest
1463 786 1565 814 cum
1589 774 1705 827 puri—

211 837 425 879 ficatione
457 836 732 878 naturalium
764 837 1013 890 spirituum,
1047 850 1161 890 quae
1193 835 1307 877 fiunt
1339 850 1366 877 a
1396 836 1631 889 chymicis,
1660 844 1705 879 et

209 907 434 942 vocantur
478 900 749 948 defaecatio,
800 899 1082 949 reffificatio,
1130 901 1392 953 castigatio,
1443 901 1705 949 cohobatio,

209 965 372 1013 acutio,
397 965 678 1013 decantatio,
703 964 992 1015 sublimatio;
1025 970 1072 1005 et
1096 964 1322 1017 sapientia
1345 964 1582 1018 purificata
1601 976 1704 1005 cum

209 1027 434 1076 alcohole,
469 1027 590 1080 quod
628 1034 699 1068 est
735 1028 919 1081 spiritus
946 1040 1120 1067 summe
1152 1026 1439 1068 rectificatus.
1503 1038 1539 1080 3.
1574 1027 1704 1069 Nunc

208 1091 312 1144 quia
333 1091 555 1144 sapientia
578 1090 823 1144 spiritualis
849 1090 893 1131 in
917 1104 965 1131 se
987 1090 1093 1131 talis
1117 1096 1202 1138 est,
1227 1096 1277 1131 ut
1303 1090 1506 1132 calescat
1533 1091 1633 1144 plus
1658 1097 1704 1133 et

208 1153 309 1208 'plus
334 1167 488 1195 amore
515 1154 734 1207 sapiendi,
758 1159 805 1194 et
832 1167 891 1194 ex
917 1153 1004 1195 hoc
1031 1160 1209 1195 crescat
1236 1154 1279 1194 in
1307 1161 1559 1203 aeternum,
1584 1155 1703 1208 quod

207 1216 259 1258 fit
282 1223 331 1258 ut
357 1217 587 1271 perficitur
608 1218 724 1258 sicut
750 1230 831 1271 per
852 1217 1205 1267 defaecationes,
1234 1219 1578 1271 castigationes,
1605 1230 1703 1258 rec-

206 1279 494 1329 tificationes,
528 1281 781 1329 acutiones,
806 1281 1172 1337 decantationeS,
1199 1287 1245 1323 et
1269 1282 1631 1331 sublimationes,
1655 1287 1703 1322 et

206 1343 294 1384 hae
319 1357 399 1397 per
424 1343 709 1385 elimationes
735 1349 783 1385 et
809 1343 1144 1385 abstractiones
1175 1343 1437 1386 intellectus
1463 1359 1489 1385 a
1514 1344 1703 1386 fallaciis

205 1409 435 1455 sensuum,
469 1413 516 1448 et
549 1407 801 1448 voluntatis
832 1408 891 1448 ab
920 1407 1147 1449 illecebris
1179 1408 1393 1461 corporis,
1421 1414 1553 1461 patet
1581 1408 1702 1462 quod

205 1469 410 1510 similiter
435 1483 561 1511 amor
587 1470 869 1523 conjugialis,
898 1470 1020 1524 cujus
1046 1484 1209 1524 parens
1236 1477 1307 1512 est
1333 1472 1571 1525 sapientia,
1599 1485 1701 1512 suc-

205 1533 382 1574 cessive
408 1533 507 1586 plus
534 1540 579 1574 et
607 1533 707 1587 plus
733 1534 812 1575 fiat
850 1547 1000 1587 purus,
1027 1535 1093 1575 ita
1119 1540 1282 1575 castus.
1360 1534 1494 1587 Quod
1532 1535 1701 1588 primus

204 1602 358 1638 status
389 1597 556 1637 amoris
583 1597 702 1638 inter
734 1597 951 1651 conjuges
978 1597 1037 1638 sit
1069 1603 1219 1639 status
1246 1597 1409 1638 caloris
1441 1611 1520 1651 per
1552 1598 1703 1638 lucem·

206 1660 407 1700 nondum
434 1661 694 1713 temperati,
723 1661 802 1701 sed
829 1661 950 1714 quod
976 1661 1232 1702 successive
1259 1667 1554 1714 temperetur,
1583 1662 1700 1702 sicut

204 1723 392 1764 maritus
419 1723 647 1776 perficitur
669 1724 907 1777 sapientia,
935 1730 981 1765 et
1005 1738 1121 1765 uxor
1147 1731 1272 1765 amat
1293 1724 1418 1765 illam
1444 1725 1490 1765 in
1517 1725 1697 1774 marito,

203 1786 415 1828 videatur
439 1788 483 1827 in
511 1786 799 1828 Memorabili
827 1785 890 1841 (n.
918 1786 1031 1841 137).

287 1851 419 1904 146.
460 1849 528 1891 At
554 1850 786 1891 sciendum
809 1856 896 1900 est,
924 1850 1045 1904 quod
1072 1863 1200 1892 amor
1222 1850 1489 1904 conjugialis
1515 1862 1698 1905 prorsus

202 1918 355 1953 castus
378 1926 456 1953 seu
483 1927 617 1967 purus
644 1927 734 1954 non
757 1914 890 1956 detur
911 1914 1031 1967 apud
1056 1913 1281 1964 homines,
1307 1928 1389 1956 nec
1414 1915 1533 1968 apud
1555 1928 1698 1968 ange-

203 1974 303 2026 los;
335 1982 406 2017 est
433 1990 572 2030 usque
603 1977 772 2031 aliquid
805 1990 896 2018 non
928 1983 1106 2018 castum
1139 1991 1217 2019 seu
1250 1992 1341 2019 non
1373 1991 1547 2032 purum,
1575 1978 1698 2033 quod

202 2037 267 2079 illi
295 2052 343 2080 se
365 2039 573 2092 adjungit
605 2046 652 2081 et
684 2040 945 2094 subjungit:
980 2041 1061 2082 sed
1093 2041 1180 2082 hoc
1208 2056 1268 2083 ex
1299 2041 1388 2082 alia
1414 2048 1578 2083 natura
1609 2048 1695 2090 est,

203 2114 338 2155 quam
370 2116 430 2143 ex
462 2117 550 2156 qua
581 2109 651 2144 est
682 2104 940 2155 incastum;
974 2110 1046 2146 est
1078 2105 1198 2146 enim
1230 2105 1350 2159 apud
1382 2105 1485 2146 illos
1518 2111 1696 2147 castum

201 2178 349 2217 supra,
382 2172 429 2206 et
462 2179 552 2206 non
585 2173 761 2208 castum
793 2168 919 2217 infra,
953 2174 1000 2209 et
1032 2181 1059 2209 a
1091 2168 1289 2209 Domino
1320 2169 1593 2222 interposita
1624 2175 1697 2210 est

202 2233 418 2282 tanquam
441 2228 577 2282 janua
600 2243 701 2271 cum
729 2231 927 2280 cardine,
955 2245 1071 2284 quae
1097 2233 1294 2286 aperitur
1315 2246 1395 2286 per
1419 2232 1696 2273 determina-

202 2291 391 2340 tionem,
434 2298 481 2333 et
521 2294 794 2346 prospicitur
834 2307 890 2335 ne
930 2294 1009 2335 illa
1048 2300 1141 2336 stet
1178 2301 1354 2349 aperta,
1396 2301 1445 2336 ut
1487 2301 1696 2336 transeat

203 2367 340 2395 unum
366 2356 411 2395 in
438 2355 648 2405 alterum,
671 2363 718 2397 et
751 2370 800 2397 se
826 2358 1183 2399 commisceant:
1218 2358 1428 2399 naturale
1460 2359 1579 2399 enim
1611 2358 1695 2399 ho-

201 2418 332 2458 minis
363 2432 389 2458 a
421 2420 667 2460 nativitate
698 2425 770 2461 est
801 2422 1163 2462 contaminatum
1196 2428 1242 2462 et
1280 2422 1494 2462 refertum
1536 2421 1693 2472 malis;

200 2486 249 2521 at
275 2481 509 2534 spirituale
541 2482 633 2535 ejus
666 2496 757 2524 non
788 2483 867 2531 ita,
892 2484 995 2537 quia
1025 2483 1154 2537 hujus
1186 2485 1405 2526 nativitas
1437 2491 1507 2526 est
1540 2498 1566 2525 a
1598 2485 1694 2525 Do-

201 2544 338 2593 mino,
367 2551 438 2586 est
466 2546 585 2586 enim
612 2547 930 2599 regeneratio;
962 2553 1009 2588 et
1041 2547 1152 2588 haec
1180 2554 1251 2589 est
1278 2549 1535 2589 successiva
1561 2561 1694 2601 sepa-

200 2608 318 2648 ratio
357 2621 383 2648 a
423 2609 566 2657 malis,
600 2623 713 2662 quae
753 2609 1123 2651 inclinationibus
1164 2611 1336 2652 adnata
1375 2618 1495 2652 sunt.
1558 2611 1693 2664 Quod

201 2669 352 2710 nullus
383 2684 510 2712 amor
540 2672 659 2725 apud
699 2672 907 2713 homines
939 2678 985 2714 et
1026 2673 1146 2727 apud
1186 2674 1378 2727 angelos
1415 2675 1474 2715 sit
1511 2687 1694 2727 prorsus

201 2745 350 2786 purus,
370 2748 453 2775 nec
478 2737 597 2789 quod
621 2735 714 2777 fieri
737 2737 896 2789 possit,
921 2736 1000 2778 sed
1024 2737 1144 2791 quod
1167 2737 1280 2786 finis,
1305 2738 1590 2791 propositum
1614 2750 1693 2777 seu

200 2795 396 2837 intentio
422 2798 674 2839 voluntatis
701 2799 913 2852 primario
944 2799 1176 2853 spectetur
1201 2815 1227 2841 a
1259 2801 1472 2848 Domino,
1502 2806 1548 2840 et
1571 2799 1692 2852 quod

201 2858 305 2899 ideo
327 2866 544 2912 quantum
572 2861 710 2902 homo
732 2863 775 2902 in
803 2861 891 2902 illis
918 2869 1003 2912 est,
1028 2869 1074 2904 et
1101 2864 1144 2904 in
1172 2863 1261 2904 illis
1288 2868 1562 2917 perseverat,
1587 2869 1692 2902 tan-

203 2926 301 2962 tum
328 2922 530 2963 initietur
556 2924 599 2963 in
628 2925 890 2977 puritatem,
918 2931 965 2966 et
999 2931 1181 2967 tantum
1208 2927 1264 2967 ad
1297 2927 1421 2967 illam
1454 2924 1690 2980 progredi-

201 2984 322 3026 endo
347 2986 553 3036 accedat,
581 2987 790 3029 videatur
815 3001 948 3041 supra
977 2987 1039 3043 (n.
1063 2988 1153 3043 71).
