2014 3386
310 316 388 357 128
771 324 1013 357 DELICIAE
1045 324 1351 358 SAPIENTIAE

304 450 326 476 e
344 445 416 475 tuo
434 439 586 475 mundo
604 438 804 479 hauriunt,
823 450 923 485 quas
941 444 1069 475 status
1088 439 1333 476 mutationes
1350 445 1391 476 et
1409 440 1682 478 successiones
1699 441 1806 479 subi-

303 499 416 528 verat
430 499 470 528 et
488 492 620 528 adhuc
634 492 742 528 subit
755 492 962 537 sapientia,
976 492 1009 528 si
1023 492 1083 527 vis
1098 493 1293 528 deducam
1308 500 1350 528 te
1362 494 1412 528 ad
1427 494 1571 534 locum,
1586 495 1654 530 ubi
1672 495 1806 541 plures

304 556 354 581 ex
371 545 540 581 vetustis
558 545 707 591 sophis,
726 552 766 580 et
785 545 941 580 illorum
962 545 1064 585 filiis,
1082 545 1160 580 hoc
1178 552 1248 586 est,
1268 546 1474 592 discipulis
1491 546 1711 583 habitant.”

377 598 427 633 Et
444 598 611 633 deduxit
630 609 692 632 me
711 598 750 632 in
769 598 986 633 confinium
1008 598 1112 633 inter
1130 599 1444 644 septentrionem
1463 607 1504 635 et
1522 600 1739 640 orientem:
1764 606 1807 636 et

304 651 400 686 dum
418 662 440 686 e
458 651 549 686 loco
567 651 678 686 edito
697 650 791 686 illuc
810 650 1005 696 prospexi,
1025 661 1117 686 ecce
1137 651 1223 687 visa
1240 659 1301 687 est
1318 653 1422 692 urbs,
1441 660 1481 688 et
1499 653 1549 688 ad
1571 664 1695 688 unum
1717 653 1806 699 ejus

303 704 409 739 latus
427 704 508 739 duo
525 703 628 743 clivi,
642 710 683 738 et
701 704 864 749 propior
877 704 964 738 urbi
982 703 1172 739 humilior
1188 704 1338 746 altero;
1363 712 1403 740 et
1417 705 1521 741 dixit
1535 706 1644 746 mihi,
1664 710 1685 724 “
1698 705 1806 742 Urbs

304 757 372 792 illa
387 763 555 792 vocatur
572 756 839 796 Athenaeum,
861 757 986 792 c11vus
1005 757 1195 793 humilior
1213 757 1477 798 Parnassium,
1496 765 1537 794 et
1555 759 1674 794 altior
1692 758 1806 797 Heli,-

303 820 495 850 coneum;
522 809 578 844 ita
597 816 803 850 vocantur,
821 809 916 855 quia
941 809 980 844 in
1007 810 1104 845 urbe
1130 817 1171 846 et
1195 811 1342 846 circum
1371 810 1477 846 illam
1503 819 1806 848 commorantur

303 869 459 897 veteres
487 862 687 908 sapientes
715 863 753 897 in
781 862 958 905 Graecia,
979 869 1025 898 ut
1052 862 1311 909 Pythagoras,
1340 863 1534 906 Socrates,
1561 864 1804 912 Aristippus,

304 915 548 960 Xenophon,
567 926 657 950 cum
677 915 882 961 discipulis
900 922 940 951 et
957 916 1201 962 tyronibusss'

377 968 427 1004 Et
444 969 622 1014 quaesivi
642 969 691 1004 de
712 968 882 1004 Platone
899 975 940 1004 et
959 969 1189 1005 Aristotele.
1241 968 1363 1010 Dixit,
1382 970 1488 1016 quod
1512 970 1566 1005 illi
1585 977 1625 1006 et
1644 970 1802 1006 illorum

303 1022 505 1057 asseclae
496 1033 535 1056 m
557 1022 635 1057 alia
656 1022 819 1068 regione
841 1022 1033 1063 habitent,
1052 1022 1145 1068 quia
1165 1022 1206 1057 hi
1229 1023 1452 1058 docuerunt
1473 1024 1683 1059 rationalia
1702 1034 1804 1071 quae

305 1075 531 1111 intellectus
549 1083 654 1116 sunt,
675 1076 732 1111 illi
749 1083 884 1112 autem
903 1076 1069 1112 moralia
1086 1087 1188 1122 quae
1205 1074 1313 1112 vita'e
1331 1083 1436 1112 sunt.

378 1129 500 1170 Dixit,
521 1131 630 1176 quod
649 1141 698 1165 ex
718 1131 815 1165 urbe
834 1130 1047 1166 Athenaeo
1068 1130 1298 1176 frequenter
1314 1130 1548 1177 ablegentur
1564 1131 1734 1168 studiosi
1751 1131 1802 1167 ad

303 1183 504 1219 litteratos
522 1195 570 1218 ex
590 1184 838 1224 Christianis,
858 1191 903 1219 ut
921 1190 1083 1220 narrent
1101 1184 1196 1230 quid
1219 1184 1339 1220 hodie
1357 1185 1538 1231 cogitant
1556 1185 1606 1220 de
1633 1184 1733 1226 Deo,
1751 1185 1802 1221 de

303 1236 507 1272 creatione
525 1237 711 1277 universi,
732 1237 781 1272 de
801 1237 1103 1272 immortalitate
1123 1237 1290 1278 animae,
1310 1238 1359 1272 de
1382 1244 1488 1272 statu
1511 1237 1686 1273 hominis
1704 1238 1804 1273 rela-

302 1289 388 1325 tivo
406 1290 456 1325 ad
475 1296 627 1325 statum
646 1290 875 1331 bestiarum,
890 1301 937 1325 ac
951 1291 1000 1326 de
1014 1291 1131 1326 rebus
1148 1290 1235 1326 aliis
1249 1301 1351 1336 quae
1366 1290 1565 1326 interioris
1584 1290 1803 1336 sapientiae

303 1349 417 1383 sunt;
443 1349 484 1378 et
497 1342 598 1377 dixit
611 1343 719 1389 quod
735 1354 879 1389 praeco
893 1343 1014 1379 hodie
1027 1343 1325 1379 annuntiaverit
1339 1350 1594 1384 conventum,
1611 1343 1802 1379 indicium

304 1396 412 1441 quod
431 1396 624 1431 emissarii
646 1407 774 1432 novos
792 1397 966 1432 advenas
984 1407 1006 1432 e
1026 1397 1143 1432 terris
1164 1397 1418 1437 offenderint,
1437 1408 1461 1431 a
1477 1397 1622 1443 quibus
1639 1396 1803 1433 audive-

305 1456 399 1485 runt
417 1450 582 1484 curiosa.

378 1501 428 1536 Et
456 1501 630 1537 vidimus
660 1502 809 1537 multos
843 1508 1035 1538 exeuntes
1069 1513 1118 1538 ex
1150 1502 1248 1538 urbe
1282 1509 1322 1538 et
1355 1513 1379 1538 a
1407 1502 1574 1543 viciniis,
1605 1501 1802 1548 quosdam

305 1554 499 1590 habentes
518 1555 670 1590 laureas
685 1566 804 1600 super
817 1555 1024 1601 capitibus,
1040 1556 1234 1601 quosdam
1250 1562 1434 1591 tenentes
1453 1556 1604 1601 palmas
1624 1556 1661 1590 in
1677 1555 1803 1590 mani-

303 1608 388 1648 bus,
417 1608 611 1653 quosdam
642 1618 732 1643 cum
762 1608 871 1644 libris
898 1609 972 1643 sub
997 1608 1112 1648 ulnis,
1134 1615 1175 1643 et
1200 1609 1395 1654 quosdam
1423 1619 1513 1643 cum
1541 1608 1703 1644 calamis
1728 1608 1803 1643 sub

303 1660 452 1696 sinistri
470 1660 664 1706 temporis
678 1660 864 1697 crinibus.
916 1661 1000 1696 Nos
1020 1661 1258 1697 inseruimus
1276 1672 1349 1696 nos
1369 1661 1454 1702 illis,
1470 1668 1509 1696 et
1527 1672 1606 1696 una
1623 1660 1804 1696 ascendi-

304 1725 404 1755 mus,
423 1720 463 1749 et
481 1725 573 1749 ecce
591 1725 709 1759 super
726 1714 829 1749 clivo
848 1715 1038 1760 palatium
1054 1714 1309 1760 octogonum,
1325 1715 1432 1760 quod
1450 1721 1694 1750 vocaverunt
1714 1713 1803 1749 Pal-

304 1767 465 1808 ladium,
487 1778 533 1802 ac
555 1767 808 1808 intravimus;
835 1775 875 1803 et
896 1779 988 1804 ecce
1015 1767 1067 1803 ibi
1089 1767 1183 1803 0610
1205 1768 1491 1803 insinuationes
1512 1767 1801 1813 sexangulares,

304 1820 343 1855 in
362 1831 529 1865 quarum
548 1820 768 1866 unaquavis
787 1827 872 1855 erat
892 1820 1107 1860 librarium,
1122 1827 1162 1856 et
1180 1832 1339 1867 quoque
1358 1831 1505 1860 mensa,
1521 1821 1570 1855 ad
1589 1831 1686 1866 quas
1706 1830 1802 1855 con·

305 1873 495 1908 sederunt
525 1873 710 1908 laureati:
748 1880 788 1908 et
819 1873 858 1907 in
890 1873 977 1919 ipso
1009 1873 1189 1908 Palladio
1218 1873 1305 1908 visa
1333 1880 1427 1908 sunt
1456 1873 1596 1909 sedilia
1626 1884 1674 1908 ex
1704 1883 1802 1908 saxo

304 1926 521 1971 exsculpta,
540 1936 659 1971 super
676 1937 777 1971 quae
796 1926 935 1972 reliqui
954 1937 997 1961 se
1015 1926 1272 1961 demiserunt.

377 1978 427 2013 Et
447 1986 545 2013 tunc
564 1986 702 2024 aperta
720 1986 781 2014 est
801 1979 923 2025 janua
943 1979 992 2014 ad
1012 1979 1229 2019 sinistrum,
1248 1990 1319 2025 per
1338 1989 1456 2025 quarn
1479 1979 1559 2014 duo
1580 1979 1758 2014 advenae
1779 1989 1801 2014 e

302 2039 409 2067 terra
427 2031 644 2067 introduffl
663 2040 776 2073 sunt;
802 2039 842 2068 et
860 2040 1073 2078 postquam
1095 2033 1267 2074 salutati,
1286 2044 1388 2068 unus
1406 2043 1455 2068 ex
1476 2033 1664 2068 laureatis
1680 2043 1801 2079 quae·

303 2086 398 2122 sivit
416 2086 516 2126 illos,
536 2085 673 2132 “Quid
694 2087 787 2122 novi
806 2098 827 2122 e
845 2094 952 2121 terra
964 2086 1004 2122 ?’'

377 2140 426 2175 Et
440 2139 638 2179 dixerunt,
655 2139 846 2176 “Novum
862 2149 933 2180 est,
949 2140 1058 2186 quod
1078 2140 1117 2175 in
1136 2140 1247 2176 silvis
1261 2141 1486 2176 invenerint
1500 2140 1684 2176 homines
1698 2140 1801 2176 sicut

302 2193 463 2233 bestias,
482 2200 552 2228 aut
573 2193 720 2229 bestias
741 2194 844 2228 sicut
866 2194 1060 2234 homines,
1079 2201 1121 2229 at
1142 2195 1248 2240 quod
1271 2205 1319 2230 ex
1340 2194 1439 2230 facie
1461 2202 1500 2230 et
1520 2205 1685 2241 corpore
1706 2205 1801 2240 cog-

304 2247 491 2282 noverint
518 2254 634 2282 natos
661 2258 748 2282 esse
777 2248 971 2288 homines,
997 2258 1044 2283 ac
1069 2248 1247 2283 secundo
1274 2255 1344 2283 aut
1371 2248 1492 2283 tertio
1521 2248 1664 2283 aetatis
1693 2258 1800 2284 anno

303 2301 472 2336 amissos
496 2308 566 2335 aut
593 2301 764 2336 omissos
793 2301 831 2335 in
858 2301 988 2336 silvis:
1017 2301 1201 2336 dixerunt
1229 2302 1336 2347 quod
1367 2313 1446 2336 non
1475 2302 1629 2346 possint
1657 2312 1800 2337 sonare

302 2354 452 2400 aliquid
467 2354 735 2400 cogitationis,
750 2365 823 2389 nec
837 2355 988 2390 discere
998 2345 1212 2390 articulare
1229 2366 1371 2390 sonum
1392 2355 1428 2389 in
1449 2355 1621 2401 aliquam
1638 2365 1799 2393 vocem:

302 2407 410 2453 quod
437 2417 511 2442 nec
534 2407 681 2442 scirent
701 2407 833 2442 cibum
860 2407 932 2442 sibi
960 2407 1264 2443 convenientem
1292 2408 1395 2443 sicut
1420 2408 1580 2447 bestiae,
1598 2408 1668 2443 sed
1689 2408 1798 2454 quod

303 2459 501 2495 silvestria
517 2466 598 2494 tam
616 2460 764 2494 munda
778 2471 897 2505 quam
919 2460 1124 2495 immunda
1142 2461 1354 2506 injicerent
1373 2461 1411 2495 in
1431 2462 1594 2495 buccam
1609 2472 1616 2500 ;
1643 2468 1800 2506 praeter

303 2512 450 2548 similia
468 2513 600 2558 plura;
626 2523 674 2547 ex
688 2513 831 2558 quibus
849 2513 970 2559 aliqui
985 2513 1130 2548 eruditi
1149 2514 1254 2559 apud
1275 2524 1348 2549 nos
1362 2513 1602 2553 divinarunt,
1618 2520 1659 2548 et
1677 2513 1796 2559 aliqui

303 2565 585 2601 concluserunt
603 2565 715 2610 plura
727 2566 776 2600 de
791 2572 897 2601 statu
913 2566 1120 2601 hominum
1136 2566 1302 2602 relativo
1317 2567 1366 2601 ad
1381 2573 1529 2601 statum
1545 2565 1799 2601 bestiarum.''

376 2617 451 2654 His
469 2618 626 2658 auditis,
641 2618 922 2663 quaesiverunt
939 2619 1061 2666 aliqui
1079 2630 1128 2655 ex
1145 2619 1314 2655 vetustis
1333 2619 1480 2665 sophis,
1497 2624 1517 2637 ⁰
1530 2618 1636 2666 Quid
1655 2630 1704 2655 ex
1722 2619 1798 2656 illis

304 2670 486 2707 divinant
503 2677 543 2706 et
561 2671 807 2706 concludunt
819 2670 859 2707 ?’'

376 2723 427 2759 Et
452 2724 534 2759 duo
554 2724 732 2759 advenae
755 2725 1057 2770 responderunt,
1072 2724 1179 2770 quod
1201 2724 1323 2770 plura,
1342 2735 1443 2770 quae
1464 2731 1599 2760 tamen
1622 2725 1671 2760 ad
1698 2724 1798 2760 haec

305 2783 474 2824 possunt
490 2776 626 2812 referri
640 2786 730 2811 ε-ι,
750 2776 869 2823 Quod
889 2778 1011 2812 homo
1028 2788 1077 2812 ex
1094 2788 1165 2812 sua
1183 2784 1334 2817 natura,
1353 2784 1394 2812 et
1411 2788 1570 2823 quoque
1588 2789 1637 2813 ex
1655 2777 1798 2813 nativi·

303 2837 398 2870 tate,
417 2829 526 2866 omni
544 2829 672 2865 bestia
688 2829 887 2875 stupidior
905 2837 945 2865 et
964 2830 1056 2865 inde
1069 2830 1186 2865 vilior
1199 2830 1271 2870 sit;
1296 2837 1336 2865 et
1350 2831 1458 2875 quod
1478 2830 1661 2866 similiter
1677 2830 1747 2866 fiat
1764 2830 1797 2866 si

304 2894 386 2919 non
402 2883 621 2918 instruitur.
665 2892 697 2918 2.
725 2881 844 2928 Quod
860 2882 1001 2917 instrui
1019 2882 1145 2928 possit
1159 2882 1252 2928 quia
1264 2883 1405 2917 didicit
1419 2883 1626 2918 articulate
1643 2893 1796 2924 sonare,

304 2943 345 2972 et
359 2936 451 2971 inde
466 2935 586 2982 loqui,
602 2942 642 2971 et
656 2935 763 2981 quod
782 2946 851 2980 per
865 2935 904 2970 id
920 2935 1111 2981 inceperit
1125 2946 1356 2981 expromere
1370 2936 1647 2982 cogitationes,
1659 2942 1701 2971 et
1718 2935 1797 2971 hoc

303 2988 526 3026 successive
547 2988 635 3036 plus
653 2995 694 3024 et
715 2988 814 3035 plus,
833 2999 958 3035 usque
979 2995 1023 3024 ut
1049 2995 1184 3035 posset
1201 2988 1421 3036 exprimere
1447 2989 1555 3035 leges
1580 2988 1795 3030 societatis,
