2014 3386
298 342 377 386 174
746 343 997 377 DELICIAE
1030 344 1331 378 SAPIENTIAE

292 460 398 497 sunt
425 469 485 497 ex
511 460 656 510 patre,
680 461 727 498 et
753 470 868 511 quae
894 456 1062 498 amoris
1087 463 1194 499 sunt
1219 471 1279 499 ex
1305 463 1466 508 matre,
1490 472 1600 512 quas
1627 458 1784 502 amant

293 532 354 560 ex
386 519 607 572 spirituali
638 525 826 573 storge;
863 520 938 574 qui
969 533 1096 561 amor
1126 533 1175 561 se
1206 521 1336 562 addit
1368 522 1511 562 amori
1542 521 1786 576 conjugiali

293 581 488 631 illorum,
517 588 564 623 et
590 583 808 623 continue
836 582 989 624 elevat
1015 582 1157 632 illum,
1185 589 1232 625 et
1258 582 1493 637 conjungit
1519 583 1635 625 illos.

377 654 497 686 212.
539 645 825 687 Contrarium
843 645 894 686 fit
916 643 1035 700 apud
1054 645 1173 695 illos,
1189 647 1264 700 qui
1286 660 1376 687 non
1399 647 1443 687 in
1465 647 1616 701 aliquo
1634 661 1787 690 amore

293 708 537 762 conjugiali
569 723 628 750 ex
660 722 753 749 non
785 709 937 763 aliquo
968 722 1124 750 amore
1156 710 1410 763 sapientiae
1442 717 1575 760 sunt;
1618 711 1664 751 hi
1695 725 1786 754 non

295 771 453 813 ineunt
497 771 709 824 conjugia
749 772 834 812 nisi
874 772 1014 813 etiam
1051 771 1139 813 fine
1170 772 1450 821 lasciviendi,
1483 779 1530 814 et
1569 773 1672 815 huic
1713 774 1788 815 fini

294 835 434 875 etiam
459 835 579 875 inest
604 837 734 876 'arnor
759 835 1043 886 insaniendi;
1075 835 1223 876 omnis
1245 836 1366 876 enim
1388 835 1487 876 finis
1512 836 1554 876 in
1583 850 1631 877 se
1657 849 1787 890 spec·

295 903 420 939 tatus
452 904 523 939 est
555 911 696 947 amor,
724 911 778 939 ac
819 897 1007 939 lascivia
1046 898 1090 939 in
1130 898 1306 952 origine
1345 911 1426 939 sua
1465 899 1685 952 spirituali
1718 899 1811 941 est'

295 961 495 1012 insania;
529 975 609 1014 per
625 961 849 1002 insaniam
869 961 1145 1014 intelligitur
1161 961 1372 1002 deliratio
1389 962 1553 1002 mentis
1572 976 1631 1003 ex
1649 962 1787 1011 falsis,

295 1038 348 1066 ac
366 1024 576 1065 deliratio
595 1025 800 1065 eminens
815 1030 885 1066 est
901 1024 1114 1066 deliratio
1130 1025 1297 1065 mentis
1315 1038 1374 1065 ex
1391 1024 1639 1065 falsificatis
1656 1026 1787 1073 veris,

295 1102 435 1142 usque
457 1088 565 1128 dum
587 1087 700 1128 haec
719 1088 967 1128 creduntur
985 1088 1212 1140 sapientia
1231 1100 1240 1128 z
1275 1087 1395 1141 quod
1417 1087 1462 1128 hi
1485 1094 1645 1128 contra
1661 1101 1789 1129 amo·

296 1165 392 1192 rem
424 1151 727 1204 conjugialem
760 1151 866 1200 sint,
906 1151 1148 1191 manifesta
1183 1150 1471 1191 confirmatio
1507 1165 1587 1191 seu
1627 1149 1790 1193 evictio

297 1215 432 1256 datur
478 1215 522 1255 in
566 1214 736 1254 mundo
768 1214 1016 1268 spirituali;
1061 1214 1121 1254 ibi
1152 1213 1216 1254 illi
1255 1214 1312 1254 ad
1353 1214 1544 1267 primum
1576 1213 1791 1256 olfactum

297 1279 464 1319 amoris
502 1277 770 1330 conjugialis
810 1277 1046 1330 aufugiunt
1092 1278 1136 1318 in
1178 1290 1410 1326 cavernas,
1453 1283 1501 1318 et
1543 1277 1791 1319 occludunt

297 1342 482 1395 januas3
525 1347 572 1382 et
605 1342 642 1381 si
673 1340 759 1381 hae
791 1341 1069 1395 aperiuntur,
1096 1341 1327 1382 insaniunt
1360 1341 1476 1381 sicut
1507 1343 1716 1381 amentes
1746 1341 1791 1381 in

298 1406 482 1446 mundo.

383 1478 506 1521 213.
541 1465 639 1521 (iii.)
677 1466 808 1518 Quod
822 1466 949 1520 apud
963 1466 1078 1516 Alos,
1097 1480 1172 1520 quz
1197 1466 1243 1507 in
1264 1480 1415 1507 amore
1438 1480 1540 1506 vere
1553 1465 1795 1521 conjugzali

298 1538 415 1580 sunt,
443 1537 610 1571 crescat
626 1530 857 1582 faustztas
882 1529 1254 1578 cohabztatz'ffonzs,
1289 1529 1372 1570 sed
1397 1529 1516 1583 quod
1537 1529 1643 1571 llaec
1671 1530 1796 1582 apud

298 1594 413 1643 illos,
447 1607 522 1648 quz
561 1607 644 1634 non
688 1607 734 1634 zn
769 1607 918 1634 amore
945 1592 1187 1647 conflagilez
1212 1598 1330 1642 sunt,
1361 1592 1592 1633 decrescat.
1595 1591 1789 1646 -Quod

299 1658 510 1699 faustitas
543 1657 901 1697 cohabitationis
934 1662 1113 1697 crescat
1143 1655 1262 1709 apud
1299 1654 1417 1704 illos,
1451 1656 1524 1708 qui
1559 1656 1602 1696 in
1639 1668 1792 1696 amore

299 1735 405 1762 vere
432 1719 675 1772 conjugiali
698 1726 818 1768 sunt,
843 1726 914 1760 est
937 1720 1041 1773 quia
1066 1733 1114 1760 se
1140 1724 1296 1760 mutuo
1317 1725 1475 1759 amant
1497 1719 1620 1759 omni
1641 1732 1791 1767 sensu,

301 1799 418 1826 uxor
454 1797 544 1824 non
577 1783 703 1823 videt
736 1782 975 1823 amabilius
1006 1794 1143 1835 quam
1174 1782 1333 1830 virum,
1366 1794 1418 1822 ac
1459 1781 1525 1821 vir
1563 1781 1791 1831 vicissim3

301 1849 440 1888 immo
472 1859 555 1887 nec
588 1846 792 1893 audiunt,
819 1845 1053 1894 olfaciunt,
1081 1851 1128 1886 et
1159 1848 1357 1897 tangunt
1388 1843 1650 1894 amabilius;
1687 1843 1793 1885 inde

300 1911 390 1952 illis
427 1910 633 1950 faustitas
665 1908 1022 1948 cohabitationis
1062 1908 1106 1948 in
1146 1907 1299 1955 domo,
1331 1905 1553 1954 cubiculo,
1587 1912 1634 1946 et
1675 1912 1792 1947 toro.

303 1972 437 2026 Quod
462 1973 527 2013 ita
550 1972 623 2019 sit,
649 1972 845 2024 potestis
868 1984 950 2011 vos
973 1971 1121 2011 mariti
1143 1983 1225 2010 vos
1247 1967 1528 2017 confirmare,
1553 1983 1612 2010 ex
1639 1967 1792 2022 prirnis

302 2036 476 2078 deliciis
509 2034 719 2088 conjugii,
747 2048 861 2088 quae
893 2035 936 2074 in
970 2034 1107 2087 pleno
1138 2046 1219 2074 suo
1251 2039 1370 2080 sunt,
1404 2032 1506 2085 quia
1537 2038 1644 2072 tunc
1677 2045 1794 2074 uxor

303 2099 402 2141 sola
426 2113 485 2140 ex
513 2099 636 2139 omni
659 2111 773 2138 sexu
795 2103 987 2138 amatur.
1050 2095 1184 2149 Quod
1207 2095 1490 2151 contrarium*
1511 2095 1569 2135 sit
1596 2094 1699 2144 illis,
1719 2095 1792 2149 qui

303 2177 395 2205 non
421 2164 465 2203 in
492 2162 644 2215 aliquo
670 2174 824 2201 amore
852 2159 1094 2212 conjugiali
1121 2164 1242 2207 sunt,
1271 2164 1431 2199 notum
1458 2164 1544 2198 est.

388 2236 513 2280 214.
548 2223 644 2278 (iv.)
683 2223 810 2274 Quod
834 2223 960 2276 apud
985 2221 1099 2271 illos,
1132 2221 1212 2275 qui
1250 2221 1296 2262 in
1341 2235 1488 2262 amore
1517 2235 1620 2261 vere
1648 2221 1792 2275 conju·

298 2289 420 2344 gialz‘
441 2294 557 2336 sunt,
585 2293 751 2328 crescat
771 2285 1007 2340 conjunc‘lio
1028 2284 1248 2332 mentium,
1271 2290 1315 2324 et
1336 2297 1430 2324 cum
1460 2283 1543 2324 lzac
1563 2283 1759 2325 amicitia
1772 2297 1793 2331 ,·

304 2352 387 2394 sed
404 2351 525 2405 quod
540 2351 646 2392 lzaec
667 2364 762 2390 cum
784 2349 864 2390 illa
888 2348 1018 2401 apud
1036 2347 1151 2396 illos,
1179 2346 1260 2400 qui
1285 2360 1368 2387 non
1399 2346 1444 2386 in
1475 2360 1623 2386 amore
1646 2348 1791 2402 conju·

299 2415 421 2469 gialz'
438 2421 554 2463 sunt,
571 2410 999 2464 decrescat.—-Quod
1022 2408 1279 2463 conjunfflo
1306 2410 1526 2451 mentium
1550 2409 1668 2462 apud
1692 2409 1795 2450 illos

306 2479 380 2532 qui
402 2479 446 2518 in
469 2490 623 2517 amore
645 2490 751 2516 vere
773 2473 1015 2527 conjugiali
1041 2479 1160 2521 sunt,
1180 2478 1371 2519 crescat,
1396 2472 1438 2512 in
1467 2473 1617 2525 capite
1639 2472 1683 2512 in
1705 2485 1794 2526 quo

305 2540 455 2582 actum
473 2547 544 2581 est
563 2540 619 2580 de
638 2536 967 2590 Conjunffione
985 2535 1253 2578 Animarum
1272 2541 1318 2575 et
1336 2534 1557 2575 Mentium
1577 2548 1655 2588 per
1673 2533 1794 2575 Con-

302 2605 490 2658 jugium,
533 2617 647 2656 quae
693 2601 966 2654 intelligitur
1004 2613 1084 2654 per
1122 2599 1305 2639 Domini
1345 2599 1496 2645 verba,
1539 2597 1659 2651 quod
1704 2610 1794 2641 non

305 2667 500 2721 amplius
526 2668 615 2706 sint
648 2666 737 2706 duo
769 2665 848 2705 sed
881 2677 969 2704 una
995 2676 1114 2710 caro,
1143 2661 1509 2702 demonstratum
1541 2667 1612 2702 est
1648 2659 1794 2714 (vide-

307 2738 408 2773 atur
449 2743 491 2771 n.
534 2727 793 2781 156—¹¹]181).
856 2726 991 2780 Quod
1023 2731 1177 2766 autem
1210 2723 1465 2777 conjunctio
1496 2724 1573 2764 illa
1604 2729 1793 2771 crescat,

305 2795 422 2835 sicut
440 2792 639 2834 amicitia
657 2805 704 2831 se
720 2789 951 2842 conjungit
968 2788 1122 2836 amori,
1135 2793 1206 2828 est
1225 2801 1373 2835 causa,
1387 2787 1489 2840 quia
1507 2787 1706 2828 amicitia
1724 2793 1795 2827 est

307 2859 422 2898 sicut
441 2856 576 2897 facies
594 2855 711 2895 illius
729 2854 909 2901 amoris,
926 2859 972 2893 et
991 2864 1168 2905 quoque
1185 2856 1255 2891 est
1275 2851 1389 2891 sicut
1407 2851 1548 2891 vestis
1566 2849 1673 2902 ejus,
1691 2861 1797 2890 nam

307 2934 398 2962 non
426 2919 562 2960 modo
594 2932 641 2958 se
673 2916 880 2969 adjungit
907 2915 1048 2956 amori
1074 2915 1189 2954 sicut
1215 2914 1371 2961 vestis,
1401 2913 1480 2953 sed
1512 2913 1651 2953 etiam
1684 2924 1796 2952 con-

308 2983 452 3036 jungit
485 2996 533 3023 se
565 2981 628 3022 illi
655 2981 771 3021 sicut
797 2979 959 3030 facies;
993 2990 1121 3019 amor
1145 2976 1426 3027 praecedens
1452 2975 1700 3037 amicitiam
1723 2980 1794 3016 est
