2014 3386
320 345 400 388 272
773 341 1015 394 DELICIAE
1046 340 1348 374 SAPIENTIAE

399 468 529 514 341.
563 456 695 512 (viii.)
732 456 862 508 Quod
891 455 1019 497 lzodz‘e
1055 454 1402 496 Maltumedam’s
1434 454 1707 508 permissum
1751 455 1813 497 sit

311 522 471 576 plures
496 535 658 562 uxores
684 521 853 570 ducere,
882 520 988 574 quia
1012 532 1095 559 non
1120 525 1366 572 agnoscunt
1389 518 1627 559 Dominum
1652 518 1814 568 Jesum

319 585 553 627 Christum
574 598 708 625 unum
734 597 830 624 cum
852 582 1062 632 Jelzovalt
1086 582 1245 631 Patre,
1267 588 1310 622 et
1333 581 1397 622 sic
1413 588 1501 634 pro
1525 581 1616 622 Deo
1639 581 1753 623 caeli
1770 587 1814 623 et

318 656 482 699 terrae,
509 655 552 689 et
580 648 682 689 inde
706 661 789 688 non
809 653 1003 700 possunt
1026 659 1219 687 amorem
1248 659 1351 686 vere
1379 645 1666 702 conjugialem
1703 645 1812 687 reci-

310 711 815 766 pere.——Mahumedani
838 725 897 751 ex
916 710 1075 763 religio
1097 722 1123 750 a
1147 708 1423 750 Mahumede
1441 709 1626 758 tradita,
1641 722 1812 762 agnos·

315 782 425 817 cunt
451 776 605 829 Jesum
632 775 864 816 Christum
888 787 969 828 pro
993 773 1110 814 Filio
1134 773 1234 822 Dei,
1258 778 1306 813 et
1333 772 1542 813 Maximo
1565 772 1810 827 Propheta,

315 846 362 880 et
389 840 510 893 quod
542 853 568 879 a
595 839 696 879 Deo
724 838 857 879 Patre
883 838 928 878 in
955 836 1173 878 mundum
1196 836 1358 876 missus
1385 836 1443 876 sit
1469 835 1527 876 ad
1553 836 1812 877 docendum

317 903 540 951 homines,
569 915 660 943 non
687 908 842 942 autem
868 900 989 955 quod
1017 900 1141 941 Deus
1169 899 1305 940 Pater
1330 905 1378 940 et
1410 899 1513 952 Ipse
1540 912 1676 940 unum
1702 899 1810 948 sint,

316 972 363 1008 et
395 967 517 1020 quod
549 966 765 1006 Divinum
798 971 845 1006 et
880 964 1143 1005 Humanum
1176 963 1322 1016 Ipsius
1354 963 1445 1004 sint
1478 976 1567 1003 una
1598 963 1810 1012 Persona,

317 1030 444 1071 unita
461 1030 578 1071 sicut
593 1030 743 1070 anima
761 1035 807 1071 et
825 1042 1003 1082 corpus,
1023 1027 1274 1068 secundum
1292 1026 1427 1067 fidem
1442 1027 1643 1067 omnium
1658 1025 1811 1068 Chris·

317 1094 548 1134 tianorum
580 1107 640 1134 ex
673 1087 969 1134 Confes'sione
1002 1090 1350 1132 Athanasiana:
1389 1090 1493 1130 ideo
1525 1089 1812 1131 Mahumedis

315 1154 586 1197 consectarii
604 1170 695 1197 non
714 1161 958 1210 potuerunt
976 1167 1228 1208 agnoscere
1244 1153 1491 1202 Dominum
1506 1159 1712 1194 nostrum
1730 1165 1813 1207 pro

315 1219 467 1273 aliquo
486 1220 586 1261 Deo
603 1220 661 1260 ab
678 1226 882 1268 aeterno,
902 1218 982 1260 sed
1001 1218 1140 1258 modo
1158 1231 1240 1271 pro
1257 1216 1440 1257 homine
1459 1215 1659 1270 perfecto
1677 1222 1811 1257 natu-

316 1282 412 1324 rali.
473 1283 536 1324 Et
559 1284 662 1338 quia
679 1284 741 1324 ita
759 1284 973 1337 opinatus
991 1287 1062 1322 est
1081 1280 1396 1330 Mahumedes,
1416 1286 1463 1321 et
1481 1280 1587 1321 inde
1605 1279 1813 1334 discipuli

316 1346 520 1388 asseclae
553 1347 689 1401 ipsius
714 1347 780 1387 ita
802 1346 1059 1400 opinantur,
1084 1351 1131 1386 et
1159 1344 1262 1398 quia
1285 1349 1513 1385 noverunt
1540 1343 1661 1397 quod
1689 1343 1813 1384 Deus

318 1424 430 1451 unus
456 1411 530 1459 sit,
555 1417 602 1452 et
628 1410 750 1462 quod
776 1409 852 1451 ille
880 1409 1004 1450 Deus
1030 1409 1089 1449 sit
1116 1409 1190 1462 qui
1216 1407 1388 1448 creavit
1413 1408 1685 1455 universum,
1710 1407 1814 1448 ideo

318 1487 408 1514 non
428 1479 676 1527 potuerunt
694 1473 828 1514 aliter
845 1485 979 1527 quam
999 1472 1245 1526 praeterire
1269 1471 1421 1524 Ipsum
1444 1471 1488 1511 in
1506 1484 1588 1511 suo
1605 1469 1746 1520 cultu,
1765 1477 1813 1512 et

316 1552 371 1579 eo
394 1538 508 1592 plus,
528 1537 630 1591 quia
653 1538 789 1578 etiam
809 1536 1134 1577 Mahumedem
1157 1548 1238 1589 pro
1257 1534 1464 1575 Maximo
1483 1532 1711 1587 Propheta
1732 1534 1812 1574 de-

316 1602 520 1652 clarant;
558 1614 641 1642 nec
669 1602 817 1642 sciunt
845 1600 950 1654 quid
979 1600 1202 1640 Dominus
1228 1598 1399 1639 docuit.
1462 1597 1537 1638 Ex
1563 1598 1650 1638 hac
1677 1610 1814 1639 causa

315 1672 402 1715 est,
431 1665 552 1720 quod
585 1664 766 1706 illorum
792 1665 961 1706 mentis
987 1654 1218 1711 interiora,
1246 1676 1361 1716 quae
1393 1662 1438 1702 in
1470 1675 1519 1702 se
1550 1667 1657 1703 sunt
1683 1661 1812 1715 spiri-

317 1730 473 1779 tualia,
501 1742 592 1770 non
624 1729 858 1783 potuerint
890 1728 1082 1782 aperiri;
1125 1741 1239 1781 quae
1272 1726 1392 1779 quod
1424 1739 1450 1766 a
1481 1725 1582 1766 solo
1614 1725 1812 1766 Domino

316 1794 587 1847 aperiantur,
613 1793 821 1833 videatur
839 1805 949 1832 mox
972 1804 1106 1845 supra
1134 1790 1196 1844 (n.
1222 1789 1338 1843 340).
1401 1787 1538 1841 Quod
1564 1802 1590 1829 a
1613 1788 1813 1829 Domino

316 1857 587 1910 aperiantur,
604 1869 706 1897 cum
724 1856 989 1909 agnoscitur
1007 1868 1088 1908 pro
1107 1854 1207 1894 Deo
1221 1853 1336 1894 caeli
1354 1859 1400 1893 et
1418 1859 1565 1893 terrae
1583 1858 1629 1893 et
1647 1852 1810 1900 aditur,

316 1929 365 1961 et
402 1920 521 1973 apud
554 1919 656 1960 illos
689 1920 762 1972 qui
794 1919 1043 1959 secundum
1075 1923 1323 1971 praecepta
1355 1916 1502 1969 Ipsius
1532 1916 1707 1964 vivunt,
1739 1921 1811 1956 est

316 1984 515 2037 genuina
541 1996 691 2031 causa,
717 1983 821 2036 quia
846 1982 1013 2035 alioqui
1046 1994 1137 2022 non
1162 1986 1234 2021 est
1262 1977 1534 2032 conjunctio,
1563 1985 1610 2020 et
1641 1978 1812 2032 absque

317 2044 636 2099 conjunctione
663 2059 754 2086 non
781 2051 852 2086 est
878 2044 1095 2097 receptio.
1156 2042 1295 2096 Apud
1327 2042 1558 2083 hominem
1585 2047 1656 2083 est
1681 2054 1812 2095 prae-

317 2110 466 2151 sentia
489 2109 687 2157 Domini,
712 2115 760 2149 et
787 2106 1046 2160 conjunctio
1073 2119 1175 2147 cum
1203 2106 1337 2159 Ipso;
1375 2105 1498 2146 adire
1525 2105 1679 2158 Ipsum
1704 2104 1812 2146 facit

316 2173 636 2227 praesentiam,
670 2177 717 2212 et
758 2171 910 2211 vivere
942 2170 1192 2211 secundum
1229 2174 1477 2222 praecepta
1510 2167 1670 2221 Ipsius,
1703 2167 1811 2208 facit

315 2234 708 2289 conjunctionem3
736 2247 788 2275 ac
812 2233 911 2274 sola
928 2233 1188 2286 praesentia
1206 2232 1351 2285 Ipsius
1374 2237 1444 2272 est
1467 2231 1636 2284 absque
1654 2244 1811 2285 recep-

316 2300 456 2346 tione,
476 2305 524 2340 at
547 2298 806 2352 praesentia
825 2303 872 2338 et
896 2295 1028 2337 simul
1046 2293 1304 2349 conjunctio
1322 2301 1392 2335 est
1410 2307 1512 2335 cum
1530 2294 1810 2348 receptione.

317 2364 387 2405 De
409 2363 478 2404 his
501 2376 525 2403 e
552 2362 722 2402 mundo
744 2360 965 2414 spirituali
988 2359 1074 2400 hoc
1098 2371 1265 2400 novum
1288 2357 1506 2399 referam:
1540 2357 1600 2398 ibi
1622 2358 1810 2411 quisque

316 2427 492 2468 sistitur
518 2435 734 2478 praesens
767 2438 826 2465 ex
859 2423 1141 2476 cogitatione
1173 2421 1230 2462 de
1261 2421 1371 2472 illo;
1414 2421 1495 2462 sed
1528 2433 1619 2461 non
1650 2419 1812 2474 aliquis

316 2489 606 2543 conjungitur
623 2487 770 2536 alteri,
791 2487 874 2528 nisi
892 2501 951 2528 ex
969 2484 1207 2527 affectione
1225 2485 1406 2533 amoris,
1425 2490 1471 2525 et
1487 2481 1665 2524 affectio
1681 2496 1809 2524 amo·

315 2554 374 2595 ris
392 2553 645 2594 insinuatur
663 2565 741 2605 per
760 2551 909 2592 facere
927 2548 1049 2591 dicta
1071 2555 1117 2590 et
1142 2548 1313 2602 placita
1331 2547 1424 2600 ejus
1442 2561 1452 2598 ;
1484 2547 1571 2588 hoc
1590 2546 1810 2588 familiare

316 2617 361 2658 in
393 2615 563 2657 mundo
595 2614 817 2668 spirituali
850 2614 975 2654 ducit
1007 2612 1228 2666 originem
1261 2625 1319 2652 ex
1353 2611 1567 2659 Domino,
1595 2610 1716 2664 quod
1747 2610 1811 2651 ita

316 2692 533 2733 praesens
556 2679 614 2719 sit
638 2691 689 2718 ac
713 2678 779 2718 ita
801 2674 1081 2730 conjunctus.
1143 2674 1271 2715 Haec
1295 2672 1417 2715 dicta
1439 2681 1545 2714 sunt
1569 2679 1618 2714 ut
1641 2673 1811 2714 sciatur

317 2756 394 2784 cur
420 2741 772 2783 Mahumedanis
799 2740 1067 2794 permissum
1099 2738 1157 2779 sit
1183 2737 1333 2791 plures
1360 2750 1527 2778 uxores
1554 2736 1733 2785 ducere,
1760 2741 1808 2777 et

316 2805 436 2859 quod
455 2806 528 2854 sit,
548 2805 762 2858 quoniam
781 2817 908 2845 amor
924 2817 1030 2844 vere
1048 2800 1329 2854 conjugialis,
1346 2801 1420 2854 qui
1437 2799 1584 2841 solum
1602 2805 1674 2841 est
1691 2799 1811 2840 inter

316 2881 452 2909 unum
471 2869 614 2909 virum
641 2873 688 2908 et
715 2880 850 2908 unam
873 2878 1079 2915 uxorem,
1104 2877 1194 2905 non
1218 2864 1380 2904 dabilis
1402 2863 1499 2910 suit,
1523 2862 1627 2916 quia
1649 2861 1807 2903 Domi-

317 2945 423 2972 num
450 2945 510 2973 ex
536 2931 758 2984 religione
785 2943 876 2971 non
903 2933 1189 2983 agnoverunt
1212 2927 1450 2981 aequalem
1474 2927 1574 2967 Deo
1601 2925 1737 2974 Patri,
1761 2930 1809 2966 et

317 2995 379 3037 sic
407 3008 487 3049 pro
515 2994 615 3036 Deo
643 2993 758 3035 caeli
785 2999 832 3035 et
858 3000 1020 3035 terrae.
1082 2989 1217 3045 Quod
1243 3003 1370 3032 amor
1395 2987 1663 3043 conjugialis
1688 2986 1808 3041 apud
