2014 3386
294 345 352 399 46
757 355 1001 389 DELICIAE
1034 356 1339 392 SAPIENTIAE

295 469 409 512 tione
432 469 550 512 inter
569 484 616 512 se
644 470 711 512 ad
734 485 782 512 se
804 477 952 513 mutuo
961 472 1169 524 fuerant,
1192 479 1236 515 et
1264 473 1367 515 inde
1385 486 1489 516 num
1502 473 1684 528 possint
1702 487 1792 518 una

293 533 455 584 vivere,
479 533 553 575 vel
568 534 855 576 non.—Haec
874 534 1062 577 ulterius
1079 536 1312 590 explicare
1329 550 1420 579 non
1442 551 1555 592 opus
1577 544 1664 588 est,
1688 539 1792 593 quia

293 603 542 651 sequuntur
573 611 632 638 ex
664 597 752 639 illis
778 612 893 652 quae
923 598 968 639 in
1000 600 1309 652 praecedente
1339 600 1531 642 articulo
1557 601 1793 655 explicata

293 667 424 701 sunt:
458 660 530 701 hic
554 660 701 701 solum
719 660 1030 711 illustrabitur,
1050 662 1281 716 quomodo
1303 663 1442 705 homo
1465 670 1570 717 post
1593 672 1790 706 mortem

293 724 421 765 exuit
439 730 634 765 externa
652 730 698 765 et
721 725 865 766 induit
882 725 1073 766 interna.
1134 724 1453 781 Unusquisque
1472 734 1575 780 post
1594 734 1790 769 mortem

292 787 485 840 primum
503 788 805 829 introducitur
827 788 871 829 in
894 789 1125 838 mundum,
1145 789 1219 843 qui
1244 797 1434 831 vocatur
1448 791 1644 831 mundus
1661 792 1790 844 spiri-

293 856 437 900 tuum,
457 858 503 892 et
523 857 593 892 est
611 851 786 892 medius
803 852 921 893 inter
938 852 1112 893 caelum
1131 858 1177 893 et
1195 852 1431 903 infernum,
1451 867 1502 895 ac
1520 854 1580 895 ibi
1597 867 1788 908 praepa-

289 920 426 963 ratur,
450 914 595 955 bonus
617 915 674 956 ad
698 914 874 956 caelum
896 921 943 956 et
965 915 1110 956 malus
1132 915 1189 956 ad
1211 916 1444 958 infernum.
1499 917 1789 971 Praeparatio

290 977 350 1018 ibi
381 990 463 1031 pro
494 977 581 1019 fine
612 977 767 1028 habet,
795 984 845 1020 ut
886 978 1109 1019 infernum
1140 984 1188 1020 et
1228 985 1472 1021 externum
1503 981 1788 1022 concordent

241 1068 245 1081 f
289 1046 338 1082 et
378 1041 544 1082 faciant
587 1054 738 1091 unum,
772 1047 820 1083 et
860 1055 952 1082 non
984 1042 1249 1084 discordent
1287 1049 1336 1084 et
1375 1043 1543 1084 saciant
1581 1044 1696 1095 duo;
1743 1044 1788 1084 in

290 1105 460 1146 mundo
483 1105 678 1146 naturali
708 1105 879 1147 faciunt
911 1104 989 1145 illa
1019 1105 1123 1154 duo,
1151 1118 1204 1146 ac
1236 1106 1384 1147 solum
1414 1106 1534 1160 apud
1566 1106 1683 1155 illos,
1711 1106 1787 1161 qui

290 1168 426 1208 corde
458 1168 618 1208 sinceri
649 1174 769 1217 sunt,
797 1168 965 1209 faciunt
992 1181 1155 1208 unum:
1194 1169 1315 1222 quod
1344 1169 1513 1210 faciant
1545 1170 1648 1219 duo,
1676 1183 1786 1210 con-

288 1236 382 1272 stat
408 1245 467 1272 ex
491 1231 661 1272 dolosis
688 1238 734 1272 et
760 1231 939 1280 astutis,
963 1232 1181 1284 imprimis
1203 1246 1263 1273 ex
1289 1232 1555 1286 hypocritiS,
1578 1239 1786 1273 assenta-

289 1294 478 1347 toribuS‚
512 1294 864 1343 simulatoribus,
897 1300 944 1335 et
976 1295 1297 1336 mendacibus:
1343 1296 1388 1336 in
1430 1295 1601 1336 mundo
1632 1301 1786 1336 autem

288 1357 508 1411 spirituali
547 1371 638 1398 non
680 1358 786 1399 licet
827 1358 891 1399 ita
921 1358 1110 1398 divisam
1143 1358 1310 1400 habere
1347 1366 1563 1405 mentem,
1592 1358 1671 1399 sed
1712 1359 1786 1413 qui

287 1420 433 1461 malus
451 1421 594 1462 fuerat
616 1421 660 1461 in
683 1421 888 1470 internis,
908 1422 1047 1462 etiam
1066 1421 1211 1462 malus
1229 1422 1314 1463 erit
1336 1422 1379 1462 in
1398 1422 1602 1463 externis
1619 1435 1629 1472 ;
1661 1421 1784 1462 simi-

287 1483 392 1525 liter
417 1484 562 1524 bonus
587 1485 632 1525 in
655 1485 880 1538 utrisque:
915 1485 1062 1525 omnis
1085 1485 1205 1525 enim
1227 1484 1366 1526 homo
1389 1491 1494 1539 post
1517 1491 1712 1526 mortem
1733 1483 1785 1526 fit

287 1547 431 1601 qualis
451 1547 595 1589 fuerat
618 1548 818 1596 interius,
843 1553 890 1588 et
917 1560 1008 1588 non
1031 1547 1424 1601 qualis-exterius:
1458 1554 1644 1601 propter
1664 1547 1783 1589 hunc

287 1610 421 1651 finem
448 1611 709 1652 immittitur
733 1610 809 1651 ille
836 1616 945 1651 tunc
973 1623 1053 1663 per
1078 1612 1200 1652 vices
1230 1611 1274 1652 in
1306 1624 1435 1652 suum
1461 1617 1704 1652 externum
1735 1616 1784 1653 et

286 1674 332 1714 in
363 1687 492 1714 suum
518 1674 775 1725 internum;
813 1679 861 1715 et
887 1674 1075 1727 quisque
1101 1673 1240 1715 homo
1265 1674 1372 1715 dum
1403 1675 1448 1715 in
1474 1680 1669 1716 externo
1694 1679 1781 1722 est,

286 1738 419 1790 sapit,
452 1737 539 1778 hoc
572 1743 657 1786 est,
685 1737 783 1779 vult
814 1737 955 1778 videri
987 1737 1107 1791 quod
1133 1738 1294 1790 sapiat,
1321 1738 1456 1779 etiam
1489 1737 1663 1788 malus3
1701 1736 1782 1778 sed

286 1799 359 1841 hic
401 1801 445 1841 in
482 1801 663 1842 interno
695 1814 776 1841 suo
807 1800 1005 1851 insanit;
1046 1800 1118 1841 hic
1153 1806 1306 1853 potest
1338 1813 1418 1853 per
1447 1799 1783 1841 vicissitudines

286 1862 387 1904 illas
419 1864 572 1904 videre
613 1864 809 1904 insanias
842 1877 959 1912 suas,
993 1869 1040 1904 et
1082 1863 1139 1904 ab
1170 1863 1259 1903 illis
1290 1863 1576 1915 resipiscere;
1622 1862 1704 1903 sed
1745 1863 1782 1904 si

287 1940 377 1967 non
411 1927 659 1980 resipuerat
699 1927 743 1967 in
781 1926 964 1975 mundo,
992 1939 1084 1967 non
1122 1932 1275 1980 potest
1312 1931 1487 1979 postea,
1516 1937 1620 1966 nam
1656 1932 1782 1967 amat

286 1990 484 2031 insanias
510 2004 627 2039 suas,
656 1997 702 2031 et
734 1989 832 2031 vult
859 2003 1043 2031 manere
1069 1990 1111 2030 in
1139 1989 1256 2040 illis;
1294 2003 1431 2043 quare
1457 1989 1601 2042 adigit
1625 1996 1780 2030 exter·

287 2066 393 2095 num
416 2066 543 2094 suum
563 2054 700 2094 etiam
723 2054 780 2094 ad
802 2053 1116 2094 insaniendum
1134 2052 1364 2102 similiter;
1397 2053 1459 2092 sic
1483 2051 1532 2092 fit
1554 2053 1781 2093 internum

287 2123 335 2158 et
366 2122 609 2157 externum
637 2116 729 2169 ejus
756 2129 923 2168 unum;
965 2123 1011 2158 et
1044 2129 1144 2157 cum
1172 2115 1258 2156 hoc
1284 2113 1451 2156 factum
1477 2121 1561 2164 est,
1589 2127 1781 2168 praepa-

285 2185 410 2221 ratus
442 2186 512 2220 est
543 2179 601 2220 ad
634 2179 868 2220 infernum.
930 2179 1144 2220 Vicissim
1176 2185 1330 2219 autem
1361 2177 1531 2228 bonus;
1573 2177 1644 2219 hic
1677 2178 1781 2231 quia

285 2244 331 2284 in
357 2243 526 2283 mundo
553 2241 841 2295 spectaverat
873 2242 930 2283 ad
963 2242 1126 2291 Deum,
1154 2255 1206 2282 ac
1234 2241 1497 2294 resipuerat,
1523 2241 1567 2281 in
1600 2241 1780 2284 interno

285 2306 434 2359 sapuit
457 2305 555 2359 plus
573 2318 707 2358 quam
730 2306 773 2345 in
792 2311 986 2346 externo
1003 2319 1012 2356 ;
1044 2306 1088 2346 in
1107 2311 1302 2346 externo
1318 2304 1455 2344 etiam
1478 2317 1538 2344 ex
1555 2302 1779 2344 illecebris

286 2368 441 2409 mundi
464 2374 510 2409 et
528 2368 806 2409 vanitatibus
824 2368 1062 2422 aliquoties
1080 2367 1286 2409 deliravit
1303 2381 1313 2419 3
1340 2380 1476 2420 quare
1494 2366 1632 2407 etiam
1650 2366 1778 2420 hujus

286 2437 528 2473 externum
561 2432 789 2472 reducitur
824 2431 881 2472 ad
923 2431 1297 2472 concordantiam
1328 2442 1429 2471 cum
1461 2428 1553 2482 ejus
1585 2430 1776 2479 interno,

287 2495 422 2548 quod,
450 2500 499 2535 ut
531 2493 700 2535 dictum
732 2501 817 2543 est,
846 2496 992 2548 sapit;
1024 2509 1113 2549 quo
1138 2493 1272 2543 facto,
1301 2499 1593 2547 praeparatus
1619 2500 1689 2534 est
1720 2494 1779 2535 ad

286 2557 476 2599 caelum.
551 2557 627 2598 Ex
672 2557 742 2598 his
787 2557 1063 2598 illustratum
1103 2564 1189 2606 est,
1227 2557 1457 2611 quomodo
1501 2557 1558 2597 sit
1603 2557 1778 2598 exuitio

285 2619 467 2662 externi
492 2633 543 2661 ac
571 2620 763 2661 induitio
789 2620 955 2660 interni
981 2626 1087 2672 post
1115 2626 1324 2660 mortem.

369 2693 468 2737 49.
507 2681 588 2736 (v.)
626 2680 754 2731 Quod
770 2682 816 2723 si
826 2689 1018 2735 possunt
1037 2696 1127 2723 una
1147 2682 1306 2730 vivere,
1331 2686 1538 2722 maneant
1555 2680 1774 2735 conjuges,

284 2751 335 2788 at
373 2746 420 2786 si
451 2759 533 2786 non
564 2751 768 2798 possunt,
802 2759 849 2785 se
882 2751 1105 2798 separent,
1138 2745 1395 2798 quandoque
1428 2743 1503 2784 vir
1531 2743 1586 2784 ab
1622 2758 1775 2794 uxore,

285 2808 543 2863 quandoque
577 2821 692 2848 uxor
722 2821 751 2848 a
786 2807 896 2856 viro,
929 2813 973 2848 et
1005 2807 1262 2861 quandoque
1290 2820 1338 2847 se
1366 2812 1544 2859 uterque
1572 2806 1628 2847 ab
1658 2806 1776 2848 invi-

284 2870 581 2925 cem—Quod
608 2870 919 2924 separationes
942 2869 1053 2911 fiant
1080 2876 1184 2923 post
1207 2875 1417 2918 mortem,
1442 2875 1512 2910 est
1537 2869 1640 2923 quia
1665 2883 1776 2911 con-

281 2932 551 2987 junffiones,
575 2948 689 2988 quae
712 2933 824 2974 fiunt
847 2933 891 2973 in
915 2933 1062 2982 terris,
1085 2946 1187 2973 raro
1208 2931 1320 2973 fiunt
1346 2946 1406 2973 ex
1428 2932 1576 2986 aliqua
1598 2933 1777 2974 interna

286 2999 578 3052 perceptione
596 2997 774 3048 amoris,
795 2996 875 3038 sed
898 2995 956 3038 ab
977 3002 1184 3046 externa,
1203 3009 1318 3050 quae
1334 2995 1559 3038 internam
1581 2995 1775 3037 abscon-
