2014 3386
492 354 559 387 DE
590 353 769 387 AMORE
800 353 1225 396 CONJUGIAL1.—N.
1253 346 1348 398 269.
1597 357 1673 387 211

191 477 328 503 mensa
352 477 565 502 crumenae
587 466 796 507 distentae,
815 472 857 502 et
881 467 1031 502 circum
1055 477 1264 502 crumenas
1289 465 1406 513 copia
1431 477 1685 502 nummorum

190 531 412 556 aureorum.
1581 531 1584 534 “

265 573 316 608 Et
335 573 634 619 quaerebamus,
650 576 671 590 ‘⁴
683 571 785 607 Sunt
807 572 873 608 illa
889 583 985 618 opes
1003 572 1181 607 omnium
1201 572 1341 607 mundi
1353 571 1394 608 ?”

264 625 472 666 Dicebant,
499 625 627 661 “Non
654 625 836 660 omnium
867 626 1016 666 mundi,
1045 626 1114 661 sed
1142 625 1322 661 omnium
1349 624 1497 672 regni.”
1556 623 1687 660 Sonus

190 679 374 724 loquelae
392 678 548 714 illorum
563 685 649 714 erat
666 678 846 719 sibilatis,
861 685 902 714 et
920 678 993 724 ipsi
1011 678 1254 724 apparebant
1272 678 1372 714 facie
1389 678 1572 718 rotunda,
1586 687 1687 723 quae

193 731 382 767 rutilabat
395 731 499 767 sicut
512 742 678 777 squama
691 731 889 772 cochleae,
903 743 949 767 ac
968 732 1118 777 pupilla
1130 731 1236 766 oculi
1256 731 1294 765 in
1314 731 1432 777 plano
1445 730 1562 767 viridi
1576 730 1687 777 quasi

192 784 429 831 fulgurabat,
447 785 555 830 quod
574 791 660 819 erat
677 795 726 820 ex
744 785 831 820 luce
850 784 1094 830 phantasiae.

264 837 458 873 Stetimus
489 837 527 872 in
555 838 689 872 medio
720 837 877 873 illorum
906 844 948 873 et
977 837 1161 878 diximus,
1181 836 1388 872 “Creditis
1412 837 1522 883 quod
1548 847 1688 873 omnes

192 901 291 937 opes
309 890 419 937 regni
438 890 713 936 possideatis.’'

266 943 318 978 Et
335 944 639 989 responderunt,
659 949 679 962 ‘¹
694 942 987 979 Possidemus.”

266 995 370 1032 Dein
389 996 670 1042 quaesivimus,
690 1001 710 1014 “
723 996 824 1043 Quis
841 1003 1020 1032 vestrum
1033 995 1074 1032 ?’'

266 1048 472 1089 Dicebant,
492 1048 739 1096 “Quisque”

262 1101 316 1137 Et
333 1101 613 1148 quaesivimus,
634 1107 653 1120 “
669 1101 885 1148 Quomodo
906 1100 1100 1148 quisque?
1126 1101 1223 1137 estis
1241 1101 1394 1137 multi.’'

266 1153 473 1195 Dicebant,
493 1154 704 1202 “Quisque
730 1166 779 1190 ex
809 1155 924 1190 nobis
954 1155 1039 1194 scit,
1061 1155 1170 1200 quod
1201 1155 1336 1190 omnia
1360 1155 1448 1201 ejus
1474 1166 1562 1190 mea
1587 1155 1689 1197 sint:

194 1218 275 1243 non
293 1208 387 1243 licet
404 1207 520 1243 alicui
542 1208 730 1254 cogitare,
754 1208 884 1243 minus
910 1207 1053 1248 dicere,
1074 1208 1165 1243 Mea
1183 1219 1262 1243 non
1284 1215 1379 1243 sunt
1399 1215 1481 1248 tua,
1499 1210 1568 1244 sed
1595 1209 1690 1244 licet

193 1261 371 1307 cogitare
389 1267 430 1296 et
451 1261 593 1301 dicere,
613 1261 699 1296 Tua
716 1267 808 1296 sunt
827 1261 950 1296 mea.''

234 1318 236 1321 ’
267 1314 430 1350 Nummi
444 1325 562 1359 super
577 1314 723 1349 mensis
737 1314 981 1359 apparebant
994 1313 1098 1349 sicut
1115 1325 1164 1349 ex
1181 1325 1278 1349 auro
1293 1325 1404 1360 puro,
1419 1314 1539 1350 etiam
1554 1326 1688 1351 coram

194 1367 331 1408 nobis;
362 1367 432 1403 sed
458 1378 548 1402 cum
578 1367 814 1402 immisimus
840 1367 968 1402 lucem
997 1367 1046 1402 ab
1073 1367 1238 1407 oriente,
1261 1374 1374 1402 erant
1401 1368 1568 1414 granula
1592 1369 1690 1409 auri,

193 1431 296 1467 quae
322 1431 392 1466 per
407 1430 662 1456 communem
683 1420 837 1454 unitam
865 1419 1114 1465 phantasiam
1142 1420 1197 1455 ita
1223 1420 1559 1466 magnifecerunt:
1584 1421 1691 1457 dice-

194 1474 290 1509 bant
304 1474 412 1519 quod
431 1479 617 1519 oporteat
630 1484 908 1519 quemcunque
922 1473 990 1519 qui
1010 1473 1142 1513 intrat,
1157 1484 1292 1508 secum
1312 1473 1415 1509 ferre
1429 1474 1579 1520 aliquid
1594 1475 1690 1515 auri,

193 1527 302 1573 quod
330 1526 370 1561 in
396 1525 575 1566 frustula,
594 1533 635 1561 et
661 1526 759 1561 haec
785 1525 824 1560 in
846 1526 1013 1572 granula
1033 1533 1179 1566 secant,
1198 1533 1238 1561 et
1264 1537 1335 1571 per
1354 1526 1434 1561 vim
1456 1527 1690 1573 phantasiae

194 1579 426 1614 unanimam
446 1579 485 1614 in
505 1590 691 1614 nummos
709 1579 930 1625 grandioris
950 1578 1100 1614 formae
1118 1578 1375 1624 amplificant.

268 1632 318 1668 Et
343 1639 441 1667 tunc
467 1632 651 1672 diximus,
677 1631 909 1667 “Fuistisne
935 1632 1017 1666 nati
1045 1632 1227 1667 homines
1254 1632 1448 1668 rationis?
1483 1633 1589 1668 unde
1616 1633 1692 1669 ista

195 1685 360 1721 fatuitas
377 1684 593 1720 visionaria
610 1684 724 1720 vobis
742 1692 803 1719 est
813 1684 853 1720 ?”

268 1737 473 1778 Dixerunt,
489 1737 678 1773 “Scimus
696 1738 803 1783 quod
826 1737 981 1772 vanitas
999 1737 1234 1783 imaginaria
1250 1737 1322 1778 sit:
1347 1738 1418 1774 sed
1437 1738 1531 1785 quia
1550 1739 1692 1784 jucun-

196 1792 266 1827 dat
292 1791 482 1826 interiora
506 1790 651 1826 mentis
677 1797 848 1830 nostrae,
869 1791 1061 1825 intramus
1088 1790 1176 1831 huc,
1199 1798 1239 1826 et
1260 1791 1493 1826 deliciamur
1516 1792 1620 1827 sicut
1643 1803 1692 1827 ex

196 1843 449 1891 possessione
474 1843 674 1884 omnium;
700 1850 741 1878 at
767 1843 832 1878 hic
854 1854 934 1878 non
958 1854 1160 1879 moramur
1185 1844 1259 1879 nisi
1286 1855 1357 1889 per
1381 1844 1536 1890 aliquot
1561 1845 1691 1885 horas,

195 1897 340 1944 quibus
358 1896 506 1932 exactis
524 1897 759 1942 egredimur,
774 1903 814 1932 et
828 1897 950 1931 toties
965 1908 1077 1932 mens
1095 1908 1190 1932 sana
1205 1897 1319 1932 nobis
1333 1898 1457 1932 redit:
1483 1898 1552 1933 sed
1568 1909 1692 1944 usque

196 1949 534 1986 oblestamentum
553 1949 811 1984 visionarium
831 1956 1011 1984 nostrum
1030 1950 1194 1985 alternis
1212 1950 1453 1995 supervenit,
1471 1961 1518 1985 ac
1536 1950 1631 1986 facit
1648 1958 1692 1986 ut

197 2014 268 2049 per
282 2003 390 2038 vices
412 2002 659 2042 reintremus,
679 2009 719 2037 et
745 2013 816 2047 per
831 2002 940 2037 vices
957 2002 1229 2048 egrediamur;
1255 2003 1311 2038 sic
1332 2003 1496 2039 alternis
1517 2003 1693 2049 sapimus

197 2062 239 2091 et
261 2055 499 2091 insanimus:
526 2055 672 2090 scimus
698 2055 817 2090 etiam
839 2055 948 2101 quod
974 2055 1073 2090 dura
1098 2066 1184 2091 sors
1210 2062 1369 2091 maneat
1394 2056 1484 2092 illos
1509 2056 1575 2103 qui
1602 2063 1692 2092 astu

199 2109 417 2154 surripiunt
434 2108 521 2143 aliis
539 2119 612 2143 sua
629 2108 768 2143 bona.''

270 2161 559 2208 Quaesivimus.
580 2160 723 2207 “Quae
742 2172 827 2196 sors
840 2160 880 2196 ?”

251 2210 478 2254 'Dicebant,
498 2214 822 2254 “Absorbentur,
840 2225 886 2249 ac
912 2214 1008 2249 nudi
1036 2214 1295 2249 intruduntur
1319 2214 1359 2249 in
1380 2215 1552 2261 aliquem
1577 2215 1694 2251 infer·

199 2267 328 2302 nalem
358 2278 568 2316 carcerem,
595 2267 661 2302 ubi
691 2274 880 2302 tenentur
908 2267 1087 2302 laborare
1119 2278 1190 2313 pro
1214 2275 1326 2303 veste
1353 2274 1393 2303 et
1423 2279 1495 2314 pro
1520 2268 1621 2309 cibo,
1647 2279 1694 2304 ac

201 2327 340 2365 postea
365 2331 437 2365 pro
462 2320 659 2366 aliquibus
685 2320 824 2360 obolis,
847 2331 947 2365 quos
972 2320 1177 2366 colligunt,
1197 2320 1236 2355 in
1258 2321 1402 2366 quibus
1424 2328 1579 2366 ponunt
1599 2332 1695 2368 gau-

201 2372 310 2407 dium
335 2373 468 2408 cordis
494 2372 576 2413 sui:
605 2373 675 2408 sed
702 2373 734 2408 si
765 2373 913 2407 malum
940 2372 1092 2408 faciunt
1116 2373 1330 2414 sodalibus,
1357 2374 1510 2409 dabunt
1540 2382 1693 2420 partem

201 2425 411 2460 obolorum
429 2436 591 2460 suorum
611 2425 649 2460 in
670 2425 896 2461 mulctam?

272 2478 397 2522 269.
429 2478 575 2514 Postea
588 2489 636 2514 ex
650 2478 711 2513 his
726 2478 860 2514 inferis
874 2478 1128 2514 ascendimus
1145 2478 1214 2523 [in]
1232 2478 1451 2520 meridiem,
1466 2479 1532 2514 ubi
1547 2478 1694 2515 fuimus

202 2530 321 2576 prius,
333 2541 379 2566 ac
396 2531 526 2577 angeli
542 2531 594 2566 ibi
614 2531 727 2576 plura
744 2538 967 2566 memoratu
983 2531 1106 2578 digna
1119 2532 1332 2567 narrabant
1344 2533 1395 2567 de
1409 2532 1694 2577 concupiscen-

201 2582 259 2618 tia
276 2594 356 2619 non
373 2583 588 2619 visionaria
600 2595 668 2619 seu
689 2584 949 2629 phantastica,
966 2584 1004 2619 in
1024 2595 1102 2630 qua
1119 2584 1249 2620 omnis
1267 2585 1391 2620 homo
1409 2591 1469 2620 est
1486 2596 1535 2620 ex
1553 2585 1695 2620 nativi-

201 2641 306 2676 tate:
331 2636 440 2682 quod
468 2636 523 2671 illi
549 2637 643 2671 dum
673 2637 711 2671 in
738 2648 785 2672 ea
810 2643 914 2677 sunt,
933 2637 1014 2672 sint
1031 2637 1134 2672 sicut
1160 2637 1270 2678 fatui,
1289 2644 1330 2672 et
1347 2644 1481 2673 tamen
1503 2637 1577 2673 sibi
1600 2637 1695 2683 ipsis

202 2687 413 2724 videantur
429 2689 531 2724 sicut
548 2700 702 2724 summe
720 2690 942 2735 sapientes;
968 2697 1009 2725 et
1027 2690 1134 2735 quod
1153 2701 1177 2725 a
1197 2689 1383 2726 fatuitate
1405 2690 1471 2726 illa
1488 2690 1695 2725 remittan-

203 2747 268 2775 tur
287 2752 358 2787 per
375 2741 482 2777 vices
508 2741 547 2776 in
570 2741 774 2782 rationale,
796 2743 904 2788 quod
930 2743 1036 2788 apud
1066 2742 1154 2777 illos
1182 2743 1220 2777 in
1246 2743 1424 2778 externis
1445 2750 1525 2783 est:
1553 2743 1591 2777 in
1614 2753 1694 2788 quo

203 2799 309 2828 statu
329 2794 477 2834 vident,
495 2801 729 2840 agnoscunt,
751 2802 792 2830 et
813 2795 1055 2830 confitentur
1075 2795 1270 2830 insaniam
1292 2806 1416 2836 suam,
1435 2796 1504 2831 sed
1527 2806 1652 2840 usque
1673 2806 1695 2829 e

202 2852 308 2881 statu
327 2847 508 2882 rationali
526 2858 599 2883 suo
619 2847 656 2882 in
672 2854 822 2882 statum
839 2848 1020 2884 insanum
1036 2859 1151 2883 suum
1166 2848 1406 2894 discupiunt,
1421 2855 1461 2883 et
1475 2858 1634 2893 quoque
1653 2858 1695 2882 se

204 2897 242 2932 in
262 2899 367 2934 hunc
385 2899 617 2940 immittunt,
637 2900 742 2935 sicut
758 2911 782 2935 a
797 2900 938 2936 coacto
955 2907 996 2936 et
1015 2901 1234 2946 injucundo
1253 2901 1292 2935 in
1310 2901 1478 2936 liberum
1497 2907 1537 2935 et
1554 2900 1695 2945 jucun—

203 2950 320 2992 dum:
346 2951 402 2987 ita
418 2952 741 2998 concupiscentia
759 2953 924 2989 interius
942 2952 1116 2988 oblectat
1138 2954 1237 2993 illos,
1259 2960 1300 2988 et
1322 2964 1402 2988 non
1422 2952 1693 2998 intelligentia.

205 3001 307 3038 Sunt
331 3010 412 3040 tres
437 3015 592 3041 amores
617 3005 870 3046 universales,
897 3017 944 3042 ex
970 3005 1114 3052 quibus
1139 3017 1162 3041 a
1187 3005 1388 3041 creatione
1414 3005 1609 3041 conflatus
1634 3013 1691 3041 est
