2014 3386
294 340 346 382 14
624 363 627 371 ,
695 381 704 388 „
751 336 993 369 DELICIAE
1025 334 1332 368 SAPIENTIAE

288 450 496 496 templum,
519 455 559 484 et
585 459 724 484 omnes
750 448 893 483 domus
919 447 1166 483 vocabantur
1181 447 1300 482 aedes
1326 457 1472 482 sacrae.
1523 445 1568 482 In
1597 446 1662 482 illa
1688 447 1785 482 urbe

288 503 475 539 viderunt
491 501 734 538 affluentiam
757 512 805 536 ex
827 500 936 535 omni
957 501 1104 547 angulo
1125 507 1252 535 terrae
1270 500 1601 546 circumjacentis,
1620 506 1661 535 et
1682 500 1786 536 inter

288 557 378 592 illos
393 566 599 591 numerum
614 555 877 594 sacerdotum,
891 554 960 599 qui
978 554 1185 589 venientes
1199 553 1478 599 suscipiebant,
1492 553 1730 593 salutabant,
1743 560 1786 588 et

287 610 505 656 prehensos
532 608 714 643 manibus
740 607 942 642 ducebant
966 607 1015 642 ad
1044 613 1180 652 portas
1206 606 1357 652 templi,
1379 613 1420 642 et
1446 606 1539 642 inde
1565 606 1604 641 in
1630 606 1785 652 aliquas

287 663 408 698 aedes
426 662 574 697 circum
593 660 799 706 templum,
818 667 858 695 et
877 660 1088 695 initiabant
1107 659 1195 695 illos
1218 659 1257 694 in
1279 670 1495 705 perennem
1514 659 1664 694 cultum
1687 658 1784 698 Dei;

287 716 467 751 dicentes
485 714 593 761 quod
613 714 711 749 haec
728 714 821 748 urbs
843 713 896 748 sit
917 713 1062 748 atrium
1083 713 1131 747 ad
1156 713 1320 752 caelum,
1339 719 1381 747 et
1405 712 1514 758 quod
1537 712 1657 758 hujus
1675 711 1784 747 urbis

285 768 482 814 ternplum
502 768 554 803 sit
573 767 759 802 introitus
771 767 820 801 ad
836 765 1091 813 magnificum
1109 771 1149 801 et
1166 765 1454 811 amplissimum
1469 765 1663 810 templum
1675 765 1784 810 quod

287 821 328 856 in
350 821 462 856 caelo
480 827 551 860 est,
570 820 637 855 ubi
658 820 767 855 Deus
786 819 968 865 precibus
986 825 1027 854 et
1044 819 1228 854 laudibus
1246 819 1296 853 ab
1313 818 1464 864 angelis
1481 817 1727 864 glorificatur
1744 817 1783 852 in

286 881 516 910 aeternum:
542 879 725 908 “statuta
742 872 807 907 hic
824 879 865 907 et
883 872 936 907 ibi
955 878 1058 912 sunt,
1073 871 1182 917 quod
1199 871 1369 917 primum
1385 870 1568 906 intraturi
1586 871 1667 906 sint
1684 877 1785 906 tem-

287 927 410 973 plum,
429 934 470 962 et
491 926 776 962 commoraturi
795 925 848 960 ibi
870 931 950 960 tres
969 925 1054 960 dies
1075 928 1118 960 et
1137 931 1219 960 tres
1237 923 1386 964 noctes,
1404 930 1446 959 et
1466 924 1574 970 quod
1595 930 1687 969 post
1707 923 1785 958 hoc

287 980 582 1015 initiamentum
598 979 809 1026 ingressuri
823 978 903 1014 sint
918 978 957 1013 in
970 978 1088 1024 hujus
1102 977 1210 1012 urbis
1224 978 1378 1018 domos,
1391 987 1492 1022 quae
1505 983 1599 1012 sunt
1612 976 1783 1012 totidem

287 1044 311 1069 a
330 1033 445 1068 nobis
463 1031 732 1068 sanctificatae
749 1032 879 1071 aedes,
898 1038 939 1066 et
959 1032 1008 1066 ab
1026 1030 1125 1067 aede
1146 1030 1187 1065 in
1205 1030 1356 1069 aedem,
1375 1037 1417 1065 et
1438 1029 1478 1064 in
1499 1028 1785 1064 communione

286 1097 377 1122 cum
405 1085 658 1133 congregatis
688 1085 753 1125 ibi,
780 1084 940 1125 oraturi,
967 1083 1186 1124 clamaturi,
1213 1089 1254 1118 et
1287 1082 1491 1118 recitaturi
1524 1082 1786 1117 concionata:

286 1139 455 1175 omnino
475 1145 614 1174 cavete
634 1137 760 1178 vobis,
779 1148 828 1172 ne
854 1137 963 1172 aliud
990 1136 1030 1172 in
1056 1136 1171 1172 vobis
1192 1135 1389 1183 cogitetis,
1408 1142 1449 1171 et
1473 1146 1564 1171 cum
1586 1134 1785 1171 consociis

286 1192 517 1239 loquamini,
535 1202 655 1238 quam
673 1189 820 1231 sancta,
836 1190 900 1236 pia
917 1196 958 1226 et
975 1189 1194 1236 religiosa.''

361 1245 459 1281 Post
477 1245 576 1280 haec
590 1243 812 1279 introduxit
826 1243 990 1290 angelus
1008 1243 1245 1278 comitatum
1260 1253 1376 1278 suurn
1395 1241 1435 1276 in
1453 1241 1660 1286 templum,
1675 1240 1784 1287 quod

287 1304 372 1334 erat
386 1298 547 1344 plenum
562 1305 603 1333 et
619 1297 889 1342 constipatum
906 1296 1052 1336 multis,
1067 1295 1135 1342 qui
1155 1295 1194 1330 in
1209 1306 1354 1342 magna
1365 1294 1560 1341 dignitate
1578 1294 1618 1329 in
1634 1293 1785 1329 mundo

286 1351 457 1392 fuerant,
475 1358 515 1386 et
536 1361 696 1397 quoque
715 1350 850 1385 multis
871 1361 920 1385 ex
941 1349 1066 1395 plebe,
1085 1355 1126 1384 et
1147 1348 1345 1394 praesidia
1365 1348 1414 1383 ad
1436 1355 1572 1394 portas
1589 1347 1786 1383 collocata

287 1411 411 1444 erant,
429 1415 479 1439 ne
500 1404 685 1450 cuiquam
707 1410 800 1438 ante
821 1402 1178 1437 commorationem
1195 1401 1316 1437 trium
1335 1401 1489 1436 dierum
1507 1401 1646 1436 liceret
1665 1400 1784 1436 exire.

290 1457 341 1493 Et
362 1457 463 1492 dixit
481 1457 655 1503 angelus,
675 1461 696 1475 ‘⁴
709 1457 779 1491 Est
801 1455 921 1491 hodie
943 1455 1144 1491 secundus
1165 1454 1260 1495 dies,
1279 1465 1303 1489 a
1322 1465 1403 1500 quo
1424 1453 1465 1489 hi
1484 1453 1649 1500 ingressi
1666 1459 1784 1494 sunt:

287 1511 454 1546 lustrate
468 1510 566 1550 illos,
577 1516 617 1545 et
628 1509 960 1555 glorificationem
974 1508 1048 1543 Dei
1060 1508 1216 1543 illorum
1227 1507 1451 1542 videbitis.'’
1488 1507 1539 1542 Et
1551 1506 1783 1546 lustrabant.

287 1570 328 1599 et
345 1563 534 1598 viderunt
552 1563 762 1608 plerosque
781 1562 1036 1602 dormientes,
1051 1567 1092 1596 et
1109 1561 1176 1607 qui
1195 1560 1371 1607 evigilati
1390 1566 1494 1601 sunt,
1508 1559 1726 1596 oscitantes
1742 1565 1784 1594 et

287 1617 526 1656 oscitantes;
563 1622 604 1651 et
637 1615 833 1661 quosdam
869 1625 917 1650 ex
949 1614 1142 1650 continua
1166 1613 1390 1649 elevatione
1414 1612 1705 1660 cogitationum
1731 1612 1782 1647 ad

289 1668 431 1709 Deum,
450 1676 490 1704 et
512 1680 559 1704 ex
581 1669 691 1703 nullo
714 1669 868 1714 relapsu
891 1667 1045 1703 illarum
1069 1667 1108 1702 in
1129 1677 1284 1712 corpus,
1303 1667 1407 1702 sicut
1427 1666 1548 1701 facies
1566 1665 1741 1701 reclusas
1759 1675 1785 1700 a

287 1733 465 1767 corpore,
486 1722 541 1757 ita
557 1722 663 1757 enim
683 1721 757 1756 sibi
779 1721 1032 1766 apparebant,
1052 1726 1092 1755 et
1115 1719 1207 1755 inde
1225 1719 1344 1754 etiam
1363 1719 1472 1760 aliis:
1497 1718 1694 1765 quosdam
1714 1717 1784 1753 de-

287 1775 382 1810 liros
409 1775 534 1810 oculis
560 1786 610 1810 ex
636 1781 828 1820 perpetua
853 1772 1126 1809 subtractione
1136 1772 1323 1813 illorum;
1355 1772 1491 1812 verbo,
1509 1782 1649 1807 omnes
1675 1781 1783 1806 com-

288 1839 446 1874 pressos
465 1826 636 1873 peftore,
655 1834 696 1863 et
716 1827 841 1862 lassos
863 1826 1004 1872 spiritu
1025 1837 1074 1861 ex
1094 1825 1240 1866 taedio,
1259 1831 1301 1860 et
1322 1835 1481 1860 aversos
1506 1835 1530 1859 a
1555 1823 1722 1870 pulpito,
1740 1828 1783 1858 et

287 1881 517 1921 clamantes,
534 1886 553 1899 “
568 1880 811 1926 Stupescunt
829 1890 942 1915 aures
961 1885 1131 1918 nostrae.
1151 1878 1263 1913 finite
1281 1877 1506 1918 conciones,
1524 1887 1605 1912 non
1623 1876 1785 1912 auditur

287 1934 459 1979 amplius
479 1945 569 1974 vox,
588 1941 629 1969 et
650 1933 791 1979 incipit
811 1932 981 1968 fastidiri
1003 1931 1160 1967 sonus.”
1207 1931 1257 1966 Et
1276 1937 1373 1966 tunc
1394 1935 1659 1970 surrexerunt,
1680 1935 1722 1965 et
1742 1929 1782 1964 in

286 1988 408 2033 globo
427 1993 714 2022 concurrerunt
731 1987 781 2021 ad
800 1992 946 2032 portas,
965 1984 1206 2031 effregerunt
1225 1984 1322 2024 illas,
1341 1990 1381 2019 et
1398 1983 1593 2029 urgebant
1612 1982 1650 2017 in
1670 1992 1783 2027 prae-

287 2040 399 2079 sidia,
426 2047 467 2075 et
497 2040 710 2086 abigebant
737 2039 814 2074 illa.
867 2038 942 2074 His
968 2038 1075 2078 visis,
1093 2037 1320 2073 sacerdotes
1346 2036 1472 2071 secuti
1497 2042 1591 2071 sunt
1617 2035 1716 2075 illos.
1741 2041 1784 2070 et

287 2093 556 2138 adjunxerunt
567 2104 610 2128 se
621 2093 809 2127 lateribus
822 2092 990 2131 illorum,
1004 2091 1193 2126 docentes
1205 2097 1245 2125 et
1259 2090 1460 2129 docentes,
1472 2095 1643 2128 orantes,
1655 2087 1783 2133 suspi-

288 2152 432 2186 rantes,
459 2146 650 2186 dicentes,
678 2145 919 2181 “Celebrate
945 2144 1102 2184 festum¹
1128 2142 1346 2190 glorificate
1374 2141 1515 2181 Deum,
1537 2139 1782 2176 sanctificate

286 2209 382 2238 vos:
413 2199 451 2232 in
479 2198 580 2234 atrio
602 2199 679 2233 hoc
696 2198 794 2233 caeli
814 2196 1135 2244 inaugurabimus
1152 2206 1225 2231 vos
1247 2195 1286 2230 in
1307 2201 1508 2230 aeternam
1527 2193 1782 2240 glorificatio-

287 2262 380 2286 nem
409 2250 483 2286 Dei
518 2252 558 2286 in
593 2251 807 2298 magnifico
840 2257 881 2286 et
914 2250 1161 2296 amplissimo
1186 2248 1338 2294 templo
1363 2247 1471 2294 quod
1507 2246 1546 2282 in
1572 2246 1683 2282 caelo
1708 2252 1781 2286 est.

288 2311 330 2339 et
363 2304 419 2339 sic
453 2305 503 2339 ad
538 2304 768 2339 fruitionem
795 2311 980 2340 aeternae
1006 2301 1242 2338 felicitatis.''
1292 2300 1371 2336 Sed
1398 2301 1496 2335 haec
1520 2300 1570 2335 ab
1597 2299 1673 2334 illis
1699 2309 1781 2334 non

289 2355 501 2397 intelle&a‚
520 2364 561 2392 et
582 2358 648 2392 vix
666 2358 805 2392 audita
821 2363 925 2397 sunt,
944 2362 1108 2402 propter
1123 2354 1407 2390 hebetudinem
1435 2364 1483 2388 ex
1509 2353 1680 2388 duorum
1698 2351 1782 2387 die-

288 2411 375 2444 rum
402 2410 662 2455 suspensione
689 2410 844 2449 mentis.
864 2416 905 2446 et
930 2409 1153 2445 retentione
1174 2419 1198 2443 a
1222 2406 1453 2443 domesticis
1478 2412 1519 2441 et
1545 2405 1781 2441 forensibus.

289 2461 367 2497 Sed
395 2473 484 2496 cum
511 2473 552 2497 se
579 2474 601 2497 a
627 2463 899 2498 sacerdotibus
920 2462 1090 2498 avellere
1114 2460 1248 2497 conati
1274 2466 1379 2499 sunt,
1397 2459 1625 2494 sacerdotes
1642 2468 1782 2503 appre-

288 2514 519 2550 hendebant
537 2516 697 2551 brachia
716 2515 885 2555 illorum,
903 2521 944 2550 et
961 2525 1121 2561 quoque
1137 2520 1279 2554 vestes,
1298 2518 1482 2559 urgentes
1499 2511 1549 2546 ad
1568 2511 1698 2551 aedes,
1713 2509 1780 2545 ubi

288 2567 526 2602 concionata
537 2569 817 2609 recitarentur;
843 2569 912 2604 sed
925 2568 1091 2603 frustra:
1113 2573 1154 2603 et
1167 2566 1401 2606 clamabant,
1417 2569 1437 2584 “
1452 2564 1681 2610 Relinquite
1695 2573 1781 2603 nos,

288 2620 485 2656 sentimus
505 2621 542 2655 in
561 2631 730 2666 corpore
747 2621 851 2656 sicut
868 2619 1125 2667 deliquium.''
1220 2625 1225 2642 ¹

363 2673 438 2708 His
460 2672 588 2714 diclis,
607 2685 698 2709 ecce
718 2674 793 2709 visi
815 2680 909 2709 sunt
926 2680 1099 2720 quatuor
1114 2671 1190 2708 viri
1213 2671 1252 2707 in
1273 2670 1452 2707 candidis
1469 2669 1658 2710 vestibus,
1677 2675 1718 2704 et
1740 2669 1781 2704 in

288 2726 420 2767 tiaris;
446 2737 549 2761 unus
571 2737 619 2761 ex
642 2726 717 2762 illis
735 2726 866 2762 fuerat
888 2727 927 2761 in
951 2725 1103 2761 mundo
1128 2724 1461 2770 archiepiscopus,
1479 2729 1519 2758 et
1539 2729 1620 2758 tres
1639 2721 1781 2768 reliqui

289 2778 447 2814 fuerant
467 2779 655 2825 episcopi,
676 2791 782 2815 nune
805 2779 896 2816 iacti
918 2779 1061 2826 angeli.
1111 2778 1166 2815 Hi
1187 2777 1462 2814 convocabant
1483 2776 1721 2815 sacerdotes.
1740 2781 1782 2810 et

289 2833 453 2868 allocuti
476 2833 564 2868 illos
585 2833 782 2874 dixerunt,
803 2839 823 2852 “
836 2834 1020 2869 Vidimus
1039 2843 1113 2868 vos
1133 2843 1156 2868 e
1176 2831 1287 2867 caelo
1308 2840 1398 2866 cum
1419 2829 1561 2864 ovibus
1586 2819 1660 2869 bis,
1681 2839 1781 2874 quo-

291 2887 413 2922 modo
438 2897 510 2922 vos
537 2886 698 2932 pascitis
725 2886 830 2927 illos:
864 2886 1027 2932 pascitis
1053 2885 1142 2921 illos
1169 2894 1295 2930 usque
1321 2883 1369 2918 ad
1397 2882 1591 2917 insanias:
1618 2881 1782 2916 nescitis

290 2940 386 2986 quid
407 2950 478 2985 per
494 2939 825 2985 glorificationem
844 2939 917 2974 Dei
937 2938 1194 2984 intelligitur:
1221 2935 1456 2982 intelligitur
1469 2933 1619 2970 fruCtus
1633 2934 1782 2969 amoris

291 2993 404 3034 ferre,
420 2993 496 3028 hoc
511 2999 582 3032 est,
602 2992 781 3033 fideliter,
795 2992 956 3032 sincere,
972 2999 1012 3027 et
1030 2991 1169 3027 sedule
1182 3000 1276 3026 suae
1295 2987 1509 3024 functionis
1524 2998 1624 3034 opus
1639 2987 1778 3027 facere,
