2014 3386
559 343 626 376 DE
659 343 838 377 AMORE
869 343 1299 386 CONJUG1AL1.-—N.
1326 346 1424 387 414.
1658 347 1739 390 317

237 457 346 501 facit
371 456 615 512 angelum3
649 471 787 512 quare
814 458 1028 512 quamdiu
1049 457 1248 500 infantes
1274 457 1403 499 illam
1431 471 1523 499 non
1548 458 1738 509 habent,

238 527 346 563 sunt
372 521 554 576 quidem
581 521 700 575 apud
729 521 936 575 angelos.
964 521 1044 562 sed
1077 535 1167 562 non
1195 511 1509 575 sunt'angeli;
1548 528 1597 563 at
1629 529 1738 563 tunc

237 584 432 638 primum
458 583 585 633 fiunt,
610 585 793 639 quando
816 584 1134 638 intelligentes
1160 591 1207 626 et
1235 586 1468 638 sapientes
1493 584 1600 627 facti
1622 593 1739 627 sunt.

238 648 554 689 Perducuntur
584 649 739 702 itaque
780 649 979 690 infantes
1020 648 1078 690 ab
1117 649 1386 690 innocentia
1422 649 1641 691 infantiae
1681 649 1740 690 ad

235 711 547 754 innocentiam
570 713 838 766 sapientiae,
863 712 950 754 hoc
978 718 1061 763 est,
1089 712 1147 753 ab
1169 713 1436 754 innocentia
1458 719 1655 754 externa
1681 713 1739 754 ad

235 776 550 818 innocentiam
589 777 845 827 internam;
887 776 1001 817 haec
1038 776 1304 817 innocentia
1344 783 1414 818 est
1449 775 1552 817 finis
1591 777 1740 818 omnis

235 838 546 897 instructionis
569 845 616 880 et
639 840 970 893 progressionis
993 839 1173 880 illorum
1194 853 1203 890 ;
1237 853 1376 894 quare
1399 853 1503 880 cum
1526 839 1584 880 ad
1606 840 1737 880 inno-

236 905 437 945 centiam
479 903 734 957 sapientiae
776 903 979 953 veniunt‚
1013 901 1278 956 adjungitur
1319 900 1443 944 millis
1475 903 1740 944 innocentia

235 967 469 1016 infantiae,
486 981 600 1021 quae
615 967 704 1008 illis
721 967 898 1008 interea
912 967 1209 1008 inserviverat
1228 981 1310 1021 pro
1325 966 1478 1020 plano.
1534 967 1737 1020 Reprae-

235 1037 470 1072 sentatum
492 1031 596 1079 vidi,
622 1029 767 1084 qualis
789 1030 1056 1071 innocentia
1077 1030 1294 1071 infantiae
1321 1036 1407 1079 est,
1433 1043 1512 1083 per
1534 1030 1737 1083 ligneum

235 1094 342 1148 quid
374 1094 466 1135 fere
499 1107 667 1147 expers
693 1094 833 1142 vitae,
861 1093 983 1147 quod
1014 1092 1269 1134 vivificatur
1295 1094 1413 1135 sicut
1446 1094 1738 1146 cognitiones

235 1158 331 1199 veri
357 1171 410 1199 ac
442 1156 707 1198 affectiones
733 1157 841 1198 boni
867 1157 1103 1208 imbuunt;
1147 1162 1194 1198 et
1226 1163 1392 1210 postea
1417 1162 1737 1211 repraesenta-

236 1226 334 1263 tum
377 1227 464 1270 est,
498 1220 645 1275 qualis
677 1227 748 1262 est
791 1220 1058 1261 innocentia
1089 1220 1359 1274 sapientiae,
1393 1234 1474 1274 per
1513 1220 1737 1261 infantem

235 1285 390 1326 vivum
422 1290 469 1325 et
502 1284 698 1336 nudum3
745 1284 899 1337 angeli
931 1283 1046 1325 caeli
1077 1284 1215 1333 tertii,
1249 1285 1323 1338 qui
1355 1298 1462 1338 prae
1495 1284 1660 1325 ceteris
1691 1284 1737 1324 in

235 1354 362 1390 statu
387 1348 680 1389 innocentiae
706 1362 732 1389 a
764 1347 965 1389 Domino
991 1353 1112 1396 sunt,
1142 1361 1295 1389 coram
1323 1347 1466 1389 oculis
1499 1348 1737 1402 spirituum

235 1412 310 1466 qui
335 1411 449 1452 infra
474 1411 628 1453 caelos
654 1418 773 1460 sunt,
798 1417 1022 1466 apparent
1048 1411 1164 1452 sicut
1190 1411 1388 1452 infantes
1415 1411 1536 1460 nudi,
1561 1417 1608 1452 et
1634 1411 1739 1464 quia

234 1488 343 1529 prae
374 1474 559 1528 reliquis
591 1476 825 1529 sapientes
858 1481 980 1524 sunt,
1014 1475 1155 1515 etiam
1187 1481 1293 1515 sunt
1325 1475 1441 1525 vivi;
1480 1487 1616 1515 causa
1648 1480 1735 1523 est,

234 1539 338 1592 quia
359 1538 623 1580 innocentia
640 1539 969 1592 correspondet
991 1538 1224 1587 infantiae,
1245 1545 1291 1579 et
1310 1552 1488 1592 quoque
1507 1538 1706 1578 nuditati
1725 1551 1735 1579 :

235 1616 373 1656 quare
399 1602 455 1643 de
482 1602 668 1643 Adamo
694 1609 742 1644 et
774 1602 867 1656 ejus
895 1616 1053 1649 uxore,
1083 1614 1185 1643 cum
1217 1602 1261 1642 in
1289 1608 1416 1643 statu
1443 1601 1737 1643 innocentiae

233 1665 430 1714 fuerunt,
465 1666 630 1707 dicitur
661 1666 782 1719 quod
815 1671 971 1706 essent
1004 1665 1112 1706 nudi
1143 1671 1191 1706 et
1228 1678 1320 1706 non
1353 1665 1642 1716 erubuerint;
1688 1670 1737 1706 at

234 1729 370 1783 quod,
404 1735 651 1783 postquam
677 1735 851 1771 statum
883 1729 1176 1770 innocentiae
1209 1729 1516 1782 perdiderant,
1545 1728 1735 1769 erubue-

233 1792 324 1833 rint
356 1793 631 1840 nuditatem‚
660 1798 707 1834 et
738 1807 786 1834 se
817 1792 1146 1833 absconderint
1181 1790 1356 1845 (Genes.
1384 1793 1425 1832 ii.
1454 1801 1521 1845 25,
1551 1804 1653 1848 cap..
1677 1791 1735 1832 iii.

233 1864 274 1908 7,
308 1866 371 1905 10,
405 1855 502 1910 11):
542 1856 698 1905 verbo,
727 1870 816 1910 quo
848 1856 1151 1909 sapientiores
1178 1855 1332 1908 angeli
1364 1861 1484 1903 sunt,
1514 1869 1569 1896 eo
1601 1855 1734 1895 inno-

233 1919 476 1961 centiores.
539 1918 699 1972 Qualis
730 1919 999 1960 innocentia
1030 1919 1285 1972 sapientiae
1327 1924 1413 1967 est,
1447 1918 1735 1972 aliquatenus

232 1982 374 2023 videri
406 1989 564 2037 potest
604 1997 665 2024 ex
701 1983 968 2024 innocentia
998 1982 1233 2031 infantiae,
1267 1995 1402 2035 supra
1431 1980 1493 2034 (n.
1524 1980 1623 2035 395)
1653 1982 1734 2023 de-

233 2046 418 2099 scripta,
454 2046 592 2088 modo
625 2060 707 2100 pro
738 2046 1006 2100 parentibus
1037 2046 1098 2087 ibi
1134 2051 1395 2086 assumatur
1427 2045 1652 2086 Dominus
1685 2051 1735 2086 ut

234 2108 386 2159 Pater,
414 2123 441 2151 a
466 2123 555 2164 quo
582 2110 825 2158 ducuntur,
853 2115 900 2151 et
927 2110 997 2150 cui
1023 2109 1177 2150 omnia
1203 2114 1397 2161 accepta
1423 2108 1586 2149 ferunt.

315 2182 447 2227 414·
488 2172 558 2214 De
584 2173 847 2214 innocentia
870 2172 1050 2214 locutus
1074 2185 1172 2213 sum
1190 2172 1316 2213 varia
1334 2184 1435 2212 cum
1455 2171 1658 2225 angelis;
1686 2177 1734 2213 et

234 2235 451 2277 dixerunt
488 2236 610 2290 quod
647 2236 912 2277 innocentia
948 2236 1007 2277 sit
1030 2235 1147 2282 Esse
1178 2236 1326 2276 omnis
1366 2235 1489 2283 boni,
1524 2241 1571 2275 et
1611 2235 1734 2288 quod

232 2299 404 2341 bonum
428 2306 610 2341 tantum
633 2300 693 2341 sit
719 2299 903 2349 bonum,
928 2306 1149 2354 quantum
1175 2299 1219 2340 in
1243 2298 1322 2340 illo
1345 2305 1416 2339 est
1440 2299 1732 2342 innocentia:

233 2369 281 2404 et
321 2363 426 2417 quia
457 2363 684 2416 sapientia
714 2369 786 2404 est
817 2364 955 2412 vitae,
984 2369 1031 2404 et
1063 2363 1168 2403 inde
1200 2362 1323 2410 boni,
1352 2362 1473 2415 quod
1506 2362 1734 2414 sapientia

234 2431 417 2467 tantum
443 2426 502 2466 sit
529 2426 770 2480 sapientia,
799 2433 1020 2480 quantum
1048 2426 1172 2467 ducit
1197 2439 1256 2466 ex
1282 2425 1575 2474 innocentia;
1608 2425 1732 2465 simi-

234 2487 338 2529 liter
360 2502 500 2538 amor,
521 2489 736 2538 charitas,
761 2495 808 2531 et
835 2489 972 2540 fides;
1006 2495 1052 2531 et
1079 2489 1198 2543 quod
1226 2488 1331 2529 inde
1355 2489 1428 2537 sit,
1453 2488 1573 2541 quod
1597 2500 1733 2527 nemo

235 2551 382 2605 possit
408 2552 579 2593 intrare
606 2551 800 2602 caelum,
829 2553 914 2593 nisi
940 2553 981 2594 ei
1007 2552 1273 2593 innocentia
1299 2552 1388 2603 sit3
1422 2558 1469 2592 et
1496 2550 1618 2604 quod
1644 2550 1731 2591 hoc

233 2615 522 2668 intelligatur
547 2629 628 2669 per
652 2614 766 2657 haec
794 2615 979 2657 Domini
1004 2616 1157 2665 verba,

301 2705 320 2720 ¹⁸
332 2704 444 2738 Sinite
462 2705 620 2738 infantes
637 2706 762 2738 venire
781 2707 827 2738 ad
848 2705 920 2744 Me,
939 2717 984 2738 ne
1002 2707 1187 2748 prohibete
1205 2715 1268 2738 eos
1284 2715 1291 2744 ;
1316 2705 1442 2738 talium
1460 2705 1557 2737 enim
1579 2710 1634 2736 est
1653 2714 1733 2744 reg-

409 2749 524 2781 num’'
560 2750 763 2782 caelorum:
797 2752 933 2782 “amen
962 2751 1042 2782 dico
1071 2751 1184 2787 vobis,
1215 2750 1417 2791 quicunque
1450 2759 1522 2780 non
1559 2749 1733 2788 receperit

409 2803 561 2834 regnum
572 2792 591 2806 ''
611 2793 792 2825 caelorum
814 2795 884 2826 “ut
907 2794 1039 2834 infans,
1061 2804 1134 2826 non
1159 2794 1380 2834 ingredietur
1404 2794 1440 2825 in
1465 2792 1554 2824 illud
1566 2791 1584 2804 ’'
1605 2791 1732 2833 (Marc.

408 2846 442 2869 x.
462 2845 512 2876 14,
532 2844 570 2876 15
587 2846 595 2876 ;
619 2837 704 2869 Luc.
721 2837 817 2870 xviii.
838 2838 887 2877 16,
904 2839 980 2879 17):

235 2943 316 2984 per
342 2930 615 2972 “infantes”
640 2931 715 2980 ibi,
749 2937 798 2972 ut
829 2945 1011 2986 quoque
1044 2931 1151 2972 alibi
1183 2931 1227 2972 in
1261 2930 1432 2978 Verbo,
1461 2927 1731 2981 intelligun-

236 3000 308 3036 tur
331 2994 404 3048 qui
425 2995 470 3036 in
491 2994 755 3036 innocentia
777 3002 897 3037 sunt.
959 2994 1108 3037 Causa
1131 2994 1251 3049 quod
1275 2994 1444 3035 bonum
1467 2993 1525 3033 sit
1546 2992 1730 3042 bonum,
