2014 3386
539 349 607 383 DE
638 345 819 383 AMORE
849 348 1330 382 SCORTATOR10.—N.
1353 341 1450 392 426.
1663 352 1744 395 327

244 463 365 519 quod
392 463 532 506 etiam
558 463 702 505 amori
728 462 972 517 conjugiali
1003 463 1062 505 sit
1089 475 1231 511 suum,
1260 462 1456 504 adulteri
1483 463 1745 516 responsuri

244 529 336 569 sint
362 527 483 582 quod
508 526 574 568 illi
600 527 744 569 amori
770 540 861 569 non
887 527 1150 581 oppositum
1177 527 1252 575 sit,
1281 527 1385 581 quia
1411 539 1539 568 amor
1564 534 1743 569 scorta-

243 591 387 633 torius
413 591 539 632 nullo
565 605 703 632 sensu
729 605 778 633 se
805 591 1091 633 discriminat
1123 590 1182 632 ab
1213 590 1308 632 illo.
1371 590 1447 632 Ex
1480 605 1570 645 quo
1601 592 1743 633 etiam

242 661 389 709 patet,
417 655 538 709 quod
564 655 639 709 qui
671 668 765 696 non
789 655 878 696 scit
904 655 1049 710 qualis
1081 660 1153 696 est
1185 668 1313 696 amor
1338 654 1622 708 conjugialis,
1651 669 1743 697 non

241 718 359 760 sciat
399 718 544 772 qualis
584 724 656 759 est
697 731 826 759 amor
865 719 1192 770 scortatorius;
1243 724 1291 759 et
1332 718 1480 759 adhuc
1518 719 1640 773 quod
1682 733 1743 760 ex

241 794 396 823 amore
429 782 709 823 scortator-io
741 794 833 823 non
865 782 1036 823 sciatur
1066 782 1212 836 qualis
1244 787 1315 823 est
1347 795 1477 823 amor
1507 781 1743 836 conjugia-

239 845 311 894 lis,
330 845 411 886 sed
434 859 494 886 ex
516 845 603 886 hoc
626 845 731 897 ille;
763 859 900 887 nemo
922 846 1007 887 scit
1028 846 1198 887 bonum
1221 860 1281 888 ex
1305 845 1441 895 malo,
1467 846 1547 887 sed
1572 846 1741 887 malum

188 915 190 918 '
240 923 302 950 ex
333 909 484 961 bono;
523 909 693 950 malum
726 910 847 951 enim
879 910 924 950 in
956 909 1153 963 caligine
1185 915 1272 960 est,
1306 909 1477 951 bonum
1509 916 1665 951 autem
1696 910 1742 951 in

239 971 355 1014 luce.

322 1036 458 1091 426·
491 1034 591 1090 (iii.)
628 1035 759 1087 Quod
777 1050 904 1078 amor
927 1036 1217 1078 scortatorz'us
1247 1036 1311 1078 sz‘t
1339 1036 1570 1090 oppositus
1595 1037 1747 1078 amori

238 1099 491 1154 conjugz‘ali,
515 1099 629 1141 sicut
650 1100 876 1141 naturalis
893 1099 1019 1141 lzomo
1043 1100 1089 1141 in
1114 1114 1161 1141 se
1184 1101 1408 1153 spedatus
1425 1106 1495 1141 est
1513 1100 1742 1153 oppositus

237 1162 478 1215 spi-rituali
498 1162 874 1216 homz'nz'.-Quod
901 1163 1040 1204 homo
1062 1163 1282 1206 naturalis
1306 1170 1351 1205 et
1377 1164 1624 1217 spiritualis
1648 1164 1740 1205 sint

237 1226 323 1267 sibi
354 1227 570 1280 oppositi,
605 1240 746 1280 usque
777 1233 827 1268 ut
868 1241 981 1268 unus
1014 1241 1105 1268 non
1132 1227 1246 1269 velit
1278 1228 1399 1281 quod
1431 1227 1564 1276 alter,
1599 1228 1739 1268 immo

237 1290 361 1344 quod
393 1290 513 1331 inter
545 1304 593 1331 se
625 1297 848 1344 pugnent,
877 1291 921 1331 in
954 1291 1151 1332 ecclesia
1178 1297 1336 1332 notum
1368 1297 1455 1340 est,
1484 1291 1564 1332 sed
1597 1305 1739 1345 usque

237 1353 441 1394 nondum
474 1353 804 1407 explanatum;
850 1354 957 1408 quid
994 1368 1107 1408 ergo
1138 1355 1421 1396 discriminat
1454 1354 1737 1408 spiritualem

237 1423 285 1458 et
308 1416 579 1467 naturalem,
600 1423 646 1458 et
663 1418 842 1459 excitat
861 1418 980 1459 hunc
1000 1424 1162 1460 contra
1180 1418 1322 1468 illum,
1342 1419 1531 1460 dicetur.
1589 1418 1737 1460 Natu-

236 1479 343 1522 ralis
359 1480 498 1522 homo
513 1487 599 1530 est,
616 1481 660 1521 in
676 1494 810 1535 quem
825 1482 1145 1536 unusquisque,
1163 1482 1268 1523 dum
1285 1481 1525 1531 adolescit,
1543 1482 1737 1536 primum

236 1543 554 1593 introducitur,
583 1545 704 1598 quod
736 1543 786 1586 fit
819 1558 899 1598 per
925 1546 1142 1586 scientias
1169 1551 1215 1586 et
1241 1546 1546 1599 cognitiones,
1575 1559 1628 1586 ac
1656 1559 1738 1599 per

236 1607 480 1648 rationalia
497 1606 759 1649 intellectus
780 1622 789 1659 ;
823 1615 871 1650 at
895 1609 1143 1663 spiritualis
1165 1609 1304 1650 homo
1327 1615 1413 1658 est,
1433 1609 1479 1650 in
1502 1621 1635 1669 quem
1658 1609 1736 1651 ille

235 1671 542 1712 introducitur
579 1685 660 1725 per
699 1685 903 1713 amorem
935 1672 1130 1714 faciendi
1168 1686 1288 1721 usus,
1322 1673 1396 1726 qui
1436 1686 1564 1714 amor
1595 1673 1735 1714 etiam

235 1741 430 1776 vocatur
455 1734 682 1786 charitas;
715 1749 853 1789 quare
879 1742 1100 1790 quantum
1126 1737 1225 1790 quis
1252 1737 1297 1777 in
1324 1736 1409 1777 hac
1437 1742 1522 1785 est,
1551 1742 1733 1778 tantum

235 1804 307 1840 est
346 1798 622 1852 spiritualis;
662 1805 711 1840 at
742 1805 964 1853 quantum
998 1813 1089 1840 non
1121 1800 1166 1840 in
1205 1799 1291 1841 hac
1328 1806 1414 1848 est,
1444 1805 1626 1850 tantum
1664 1805 1736 1842 est

234 1862 472 1911 naturalis,
492 1863 633 1904 etiam
655 1863 692 1904 si
718 1862 834 1904 foret
859 1863 1103 1916 perspicax
1125 1863 1310 1916 ingenio
1337 1869 1384 1904 et
1410 1863 1592 1916 sapiens
1615 1862 1735 1916 judi-

235 1926 320 1967 cio.
383 1924 520 1979 Quod
553 1925 624 1967 hic
657 1925 811 1976 homo,
839 1927 914 1980 qui
946 1932 1139 1968 vocatur
1170 1926 1407 1975 naturalis,
1437 1933 1677 1980 separatus
1709 1940 1736 1968 a

234 1989 472 2043 spirituali,
497 1996 728 2044 utcunque
751 2004 800 2031 se
823 1990 976 2032 elevat
1003 1991 1047 2031 in
1070 1989 1219 2032 lucem
1242 1991 1449 2039 rationis,
1474 2005 1614 2045 usque
1641 1990 1735 2032 sol-

233 2059 312 2094 vat
339 2067 388 2095 se
419 2054 463 2094 in
490 2053 715 2103 libidines,
743 2060 790 2095 et
823 2053 912 2095 illis
939 2060 1167 2108 operetur,
1196 2055 1395 2108 patescit
1427 2068 1487 2096 ex
1514 2054 1615 2095 solo
1640 2053 1735 2108 ejus

234 2116 385 2171 genio,
405 2117 527 2170 quod
551 2117 792 2158 charitatis
815 2131 980 2171 expers
1004 2118 1090 2169 sit3
1124 2124 1171 2159 et
1197 2118 1270 2172 qui
1297 2117 1426 2171 hujus
1450 2131 1619 2171 expers
1645 2124 1732 2167 est,

178 2171 182 2177 ⁸
233 2181 314 2223 i-lle
339 2181 593 2223 dissolutus
624 2187 696 2223 est
728 2181 785 2222 ad
818 2194 978 2223 omnes
1005 2181 1216 2222 lascivias
1242 2182 1410 2222 amoris
1437 2182 1731 2223 scortatorii:

233 2251 511 2300 quapropter
538 2258 638 2286 cum
666 2245 732 2286 illi
757 2245 934 2294 dicitur,
963 2245 1085 2299 quod
1110 2245 1379 2286 libidinosus
1412 2245 1483 2286 hic
1517 2258 1645 2286 amor
1675 2245 1734 2287 sit

233 2309 473 2363 oppositus
505 2315 637 2350 casto
669 2309 811 2350 amori
844 2308 1106 2362 conjugiali,
1140 2315 1187 2350 et
1219 2315 1410 2362 rogatur
1441 2314 1489 2349 ut
1521 2307 1734 2350 consulat

233 2372 387 2413 lumen
414 2385 542 2413 suum
568 2371 806 2420 rationale,
831 2386 973 2426 usque
995 2385 1086 2413 non
1109 2372 1309 2413 consulit
1333 2371 1485 2412 lumen
1509 2371 1620 2412 illud
1648 2372 1734 2413 nisi

231 2436 279 2477 in
304 2433 627 2489 conjunctione
649 2448 751 2476 cum
770 2434 970 2489 jucundo
994 2435 1101 2476 mali
1128 2449 1153 2476 a
1181 2435 1426 2475 nativitate
1453 2435 1576 2475 insiti
1599 2440 1732 2475 natu-

231 2498 315 2541 rali
346 2498 533 2547 homini,
561 2512 621 2540 ex
653 2512 742 2552 quo
772 2498 880 2540 facit
913 2498 1195 2547 conclusum,
1223 2498 1345 2552 quod
1377 2498 1496 2539 ratio
1528 2512 1609 2539 sua
1640 2511 1732 2539 non

232 2562 389 2604 videat
415 2561 586 2616 aliquid
613 2568 775 2603 contra
800 2562 959 2604 dulces
987 2562 1230 2603 sensitivas
1258 2560 1499 2602 illecebras
1532 2562 1598 2602 sui
1629 2574 1731 2603 cor-

233 2626 382 2679 poris3
414 2625 460 2666 in
482 2624 644 2679 quibus
662 2631 905 2679 postquam
924 2624 1210 2666 confirmavit
1233 2638 1296 2672 se,
1317 2630 1473 2678 stupet
1499 2623 1592 2677 ejus
1615 2625 1733 2667 ratio

233 2689 291 2731 ad
317 2689 470 2731 omnia
495 2688 573 2729 illa
598 2688 762 2738 dulcia,
790 2703 905 2743 quae
928 2689 985 2730 de
1012 2702 1166 2730 amore
1193 2687 1437 2741 conjugiali
1465 2689 1731 2742 praedican-

233 2759 333 2804 tur-3
365 2753 520 2801 immo,
549 2751 665 2793 sicut
692 2766 826 2806 supra
851 2751 1022 2794 dic'tum
1049 2758 1136 2801 est,
1164 2758 1341 2805 pugnat
1368 2759 1532 2793 contra
1557 2751 1650 2802 illa,
1677 2765 1730 2795 ac

232 2815 390 2865 vincit,
418 2822 466 2857 et
497 2815 614 2857 sicut
640 2814 785 2856 victor
815 2822 921 2870 post
949 2822 1153 2869 stragem
1179 2815 1392 2864 destruit,
1419 2815 1476 2855 ab
1508 2816 1731 2858 extremis

233 2879 291 2920 ad
323 2880 494 2928 intima,
522 2885 676 2920 castra
707 2879 873 2920 amoris
904 2878 1173 2932 conjugialis
1204 2877 1323 2931 apud
1356 2891 1429 2919 se:
1473 2877 1588 2920 haec
1620 2878 1730 2921 facit

233 2942 452 2984 naturalis
477 2942 617 2983 homo
648 2956 708 2984 ex
740 2954 895 2984 amore
922 2956 1003 2983 suo
1034 2942 1323 2983 scortatorio.
1386 2940 1489 2982 Hoc
1517 2941 1726 2993 traditur,

234 3011 283 3048 ut
315 3006 497 3057 sciatur,
524 3005 644 3048 unde
684 3011 756 3047 est
796 3005 985 3047 duorum
1022 3004 1200 3046 illorum
1232 3017 1435 3046 amorum
1468 3005 1726 3059 oppositi03
