2014 3386
324 343 405 386 230
680 394 682 398 ι
789 343 1031 377 DELICIAE
1063 342 1365 375 SAPIENTIAE

321 459 435 505 cujus
449 458 615 494 deliciae
629 465 722 495 sunt
735 458 943 506 myriades,
955 459 1005 494 de
1019 458 1162 505 quibus
1175 458 1241 493 vix
1255 458 1406 504 aliquas
1419 458 1551 494 adhuc
1562 458 1676 494 novit
1689 457 1797 494 orbis
1811 466 1820 495 ἱ

319 519 363 548 at
379 519 609 558 cognoscet,
627 523 717 547 cum
737 512 903 547 ecclesia
920 523 962 547 se
980 513 1196 557 desponsat
1214 522 1288 546 suo
1307 511 1492 551 Domino,
1511 522 1558 547 ac
1576 511 1725 547 nubit.”

395 565 446 600 Et
463 572 560 600 tunc
578 565 766 611 quaesivi,
786 570 806 583 ‘⁶
817 564 899 600 Cur
916 576 1014 610 puer
1032 564 1096 599 ille
1113 565 1273 600 vocavit
1290 575 1363 599 vos
1379 564 1554 611 virgines
1571 563 1694 599 fontis
1706 563 1747 600 ?’'

395 617 721 664 Respondebant,
744 622 765 636 “
780 617 983 653 Vocamur
1006 617 1181 663 virgInes
1206 628 1295 652 cum
1317 617 1367 652 ad
1394 617 1501 651 hunc
1526 616 1679 652 fontem
1706 617 1822 652 sede-

325 682 424 712 mus,
450 671 639 717 quoniam
673 682 812 706 sumus
845 669 1077 706 affectiones
1102 670 1315 705 veritatum
1341 670 1560 715 sapientiae
1586 669 1820 704 maritorum

324 731 565 764 nostrorum,
596 730 636 759 et
668 723 828 759 affectio
863 723 948 758 veri
977 729 1147 758 vocatur
1174 723 1309 769 virgo:
1346 722 1437 758 fons
1469 723 1590 758 etiam
1623 721 1821 768 significat

322 789 461 814 verum
481 777 711 823 sapientiae,
729 787 775 812 ac
793 783 982 816 rosetum,
1002 786 1122 821 super
1138 786 1219 821 quo
1236 775 1432 815 sedemus,
1450 775 1612 810 delicias
1630 774 1754 821 ejus.”

394 831 509 865 Tunc
526 841 606 865 una
622 841 671 865 ex
688 837 842 875 septem
862 829 949 868 illis,
969 827 1154 863 nectebat
1171 835 1320 863 sertum
1339 839 1388 863 ex
1406 828 1516 868 rosis,
1535 835 1575 863 et
1596 827 1822 873 conspersit

324 883 421 919 illud
440 894 545 929 aqua
561 882 695 922 fontis,
710 893 756 917 ac
774 882 909 928 posuit
929 881 1023 916 illud
1043 892 1161 926 super
1179 880 1283 926 pileo
1301 881 1412 926 pueri
1427 881 1573 915 circum
1591 880 1819 926 capitellum

326 937 425 982 ejus,
443 943 484 971 et
502 936 613 975 dixit,
633 940 654 954 “
668 935 817 980 Recipe
839 934 1003 969 delicias
1022 933 1330 979 intelligentiae;
1356 933 1456 968 scias
1473 933 1580 979 quod
1601 933 1726 978 pileus
1743 933 1822 978 sig·

325 989 460 1025 nificet
482 988 798 1035 intelligentiam,
820 998 866 1023 ac
886 995 1037 1022 sertum
1059 997 1107 1021 ex
1133 993 1267 1021 roseto
1294 986 1371 1021 hoc
1391 986 1588 1021 delicias.''
1638 985 1699 1021 Ac
1725 997 1823 1032 puer

324 1043 387 1078 his
408 1043 620 1077 decoratus
641 1041 750 1081 abiit,
772 1048 813 1076 et
839 1052 860 1075 e
886 1040 1108 1086 longinquo
1135 1050 1270 1074 rursus
1291 1039 1400 1074 visus
1424 1046 1487 1074 est
1510 1039 1615 1074 sicut
1634 1038 1821 1075 columba

321 1097 475 1137 volans,
494 1095 565 1131 sed
582 1105 673 1130 cum
692 1101 982 1129 coronamento
1000 1103 1119 1138 super
1135 1092 1280 1138 capite.

322 1186 456 1230 294.
497 1175 756 1218 Secundum
783 1174 1084 1216 Memorabile
1101 1187 1168 1215 :—

397 1258 497 1294 Post
514 1258 668 1304 aliquot
686 1258 771 1294 dies
790 1258 934 1293 iterum
956 1257 1039 1293 vidi
1060 1264 1214 1303 septem
1236 1257 1322 1292 illas
1344 1267 1488 1291 uxores
1510 1255 1548 1290 in
1571 1254 1734 1295 rosario,
1753 1255 1822 1291 sed

323 1322 404 1347 non
424 1311 463 1346 in
479 1311 621 1347 eodem
641 1311 680 1346 in
699 1322 780 1357 quo
796 1310 916 1357 prius.
969 1310 1062 1346 Erat
1077 1310 1270 1346 rosarium
1286 1309 1553 1356 magnificum,
1567 1308 1683 1354 cujus
1699 1308 1823 1344 instar

323 1358 519 1410 nusquam
537 1364 714 1400 videram
727 1364 854 1410 prius;
876 1371 960 1399 erat
974 1363 1199 1403 rotundum,
1216 1374 1262 1398 ac
1281 1374 1393 1398 rosae
1407 1362 1459 1397 ibi
1478 1361 1704 1396 formabant
1717 1361 1820 1396 sicut

323 1428 458 1453 arcum
479 1417 658 1457 irideum,
677 1427 790 1452 rosae
808 1428 878 1452 seu
900 1417 1018 1452 flores
1037 1418 1224 1462 purpurei
1242 1415 1387 1451 coloris
1406 1415 1596 1450 circulum
1615 1414 1701 1460 ejus
1721 1413 1822 1449 exti—

325 1481 446 1511 mum,
461 1481 507 1505 ac
523 1470 624 1505 aliae
641 1470 732 1505 flavi
750 1470 858 1505 aurei
877 1469 1022 1505 coloris
1037 1469 1264 1504 interiorem
1280 1468 1517 1514 proximum,
1531 1478 1578 1502 ae
1596 1467 1700 1502 intra
1717 1466 1822 1501 hunc

324 1524 425 1559 aliae
446 1523 583 1570 cyanei
604 1523 762 1563 coloris,
781 1533 827 1558 ac
848 1522 1033 1557 intimum
1056 1522 1201 1568 prasini
1223 1533 1292 1557 seu
1315 1521 1479 1556 nitentis
1499 1520 1638 1555 viridis
1659 1518 1822 1558 coloris;

324 1583 366 1612 et
391 1576 495 1611 intra
516 1576 683 1611 irideum
710 1576 787 1611 hoc
812 1575 1007 1611 rosarium
1026 1582 1110 1610 erat
1137 1575 1322 1620 parvulus
1344 1574 1452 1609 lacus
1473 1584 1599 1619 aquae
1620 1571 1821 1617 limpidae.

326 1630 489 1676 Septem
512 1629 601 1664 illae
622 1640 778 1669 uxores,
801 1628 909 1674 prius
929 1635 1095 1663 vocatae
1116 1627 1289 1673 virgines
1311 1627 1444 1666 fontis,
1466 1627 1653 1662 sedentes
1679 1625 1732 1660 ibi
1759 1635 1822 1659 me

324 1684 454 1719 visum
477 1683 516 1718 in
535 1682 710 1718 fenestra
727 1682 869 1717 iterum
888 1682 1088 1717 vocabant
1108 1681 1158 1716 ad
1181 1692 1244 1716 se:
1270 1688 1310 1716 et
1332 1691 1422 1715 cum
1443 1680 1603 1715 aderam
1622 1678 1819 1717 dicebant.

326 1736 466 1772 “Num
485 1747 651 1782 usquam
672 1735 819 1771 videris
838 1735 1051 1771 formosius
1069 1745 1187 1781 super
1202 1741 1309 1769 terra
1322 1732 1363 1769 ?'’

401 1789 450 1824 Et
469 1789 562 1829 dixi,
582 1793 602 1807 “
616 1788 860 1835 Nusquam.''

400 1842 451 1878 Et
476 1842 672 1882 dicebant,
700 1842 808 1888 quod
843 1842 923 1876 tale
951 1847 1156 1876 momento
1181 1846 1338 1875 creetur
1370 1850 1393 1874 a
1427 1837 1613 1878 Domino,
1639 1842 1680 1872 et
1713 1836 1820 1882 quod

327 1902 601 1942 repraesentet
617 1895 779 1940 aliquod
800 1905 947 1930 novum
968 1894 1007 1928 in
1026 1901 1141 1933 terra,
1161 1904 1251 1927 nam
1270 1903 1389 1927 omne
1406 1897 1582 1926 creatum
1601 1901 1624 1925 a
1646 1888 1822 1924 Domino

328 1955 621 1995 repraesentat;
647 1948 716 1983 sed
735 1947 830 1993 quid
850 1947 937 1987 hoc,
956 1946 1092 1982 divina
1112 1946 1145 1981 si
1168 1952 1303 1992 potes;
1330 1955 1402 1980 nos
1420 1943 1645 1979 divinamus
1662 1941 1824 1977 delicias

329 2002 477 2038 amoris
495 2001 768 2047 conjugialis.’'

404 2054 494 2090 Hoc
512 2054 661 2094 audito,
677 2053 770 2093 dixi,
786 2058 806 2071 ‘⁸
820 2052 926 2099 Quid
945 2051 1110 2087 deliciae
1126 2050 1271 2086 amoris
1286 2048 1532 2095 conjugialis,
1548 2048 1597 2083 de
1615 2047 1759 2094 quibus
1776 2057 1825 2082 ex

328 2107 535 2154 sapientia,
554 2114 595 2142 et
613 2117 772 2153 quoque
791 2105 986 2145 facundia,
1001 2112 1084 2139 tam
1104 2104 1228 2138 multa
1245 2103 1353 2149 prius
1370 2103 1526 2137 locutae
1544 2099 1666 2136 estis?
1710 2100 1827 2135 Post-

328 2172 448 2208 quam
470 2160 575 2195 abivi
596 2171 620 2194 a
639 2159 766 2198 vobis,
789 2158 943 2193 narravi
965 2167 1191 2193 sermonem
1212 2162 1390 2191 vestrum
1413 2154 1602 2189 uxoribus
1628 2153 1667 2188 in
1690 2160 1827 2188 nostra

329 2214 491 2260 regione
513 2207 873 2252 commorantibus;
900 2217 940 2246 et
961 2211 1053 2250 dixi,
1073 2209 1180 2255 quod
1204 2207 1422 2244 instruRus
1441 2218 1546 2242 nunc
1564 2206 1697 2246 sciam,
1716 2205 1824 2252 quod

327 2267 443 2302 vobis
464 2266 545 2302 sint
566 2265 732 2301 deliciae
755 2263 974 2310 pectorales
996 2263 1188 2299 oriundae
1213 2273 1261 2297 ex
1287 2272 1422 2296 amore
1443 2259 1658 2305 conjugiali
1680 2266 1824 2298 vestro,

329 2331 429 2366 quas
450 2319 603 2355 maritis
624 2318 767 2354 vestris
784 2317 1005 2353 secundum
1023 2315 1260 2361 sapientiam
1280 2314 1438 2349 illorum
1459 2312 1628 2359 potestis
1646 2322 1824 2347 commu-

331 2373 473 2412 nicare,
489 2380 529 2408 et
547 2373 655 2418 quod
675 2372 766 2407 ideo
785 2370 949 2406 maritos
962 2376 1117 2405 vestros
1135 2368 1260 2404 oculis
1278 2366 1442 2412 spiritus
1455 2365 1577 2401 vestri
1595 2364 1785 2400 continue
1803 2374 1828 2399 a

331 2437 447 2461 mane
457 2436 583 2471 usque
595 2425 643 2460 ad
654 2435 860 2470 vesperam
873 2421 1171 2462 intueamini,ac
1182 2420 1377 2456 studeatis
1389 2418 1547 2454 flectere
1559 2426 1598 2453 et
1611 2418 1826 2464 perducere

330 2479 486 2514 animos
504 2478 660 2513 illorum
683 2478 732 2512 ad
755 2476 1002 2522 sapiendum,
1022 2481 1184 2521 propter
1203 2473 1323 2508 finem
1346 2479 1390 2507 ut
1412 2472 1574 2506 delicias
1598 2471 1685 2505 illas
1705 2480 1824 2505 aucu-

333 2531 501 2578 pemini:
527 2530 743 2566 memoravi
762 2530 881 2565 etiam
900 2529 994 2575 quid
1015 2538 1084 2574 per
1096 2526 1332 2572 sapientiam
1349 2524 1581 2570 intelligitis,
1596 2523 1703 2569 quod
1722 2521 1825 2568 sapi·

330 2584 480 2620 entiam
500 2583 744 2629 spiritualem
760 2582 992 2618 rationalem
1012 2587 1052 2616 et
1071 2580 1279 2615 moralem:
1306 2585 1346 2613 et
1364 2578 1496 2623 quoad
1515 2575 1757 2622 conjugium,
1775 2574 1824 2610 ad

331 2637 547 2673 amandum
566 2637 692 2672 solam
711 2647 887 2676 uxorem,
906 2642 947 2670 et
964 2635 1015 2669 ad
1036 2633 1261 2669 exuendum
1281 2642 1440 2666 omnem
1459 2628 1824 2674 concupiscentiam

331 2692 382 2727 ad
408 2691 529 2726 alios:
561 2690 631 2726 sed
658 2690 707 2724 ad
738 2690 836 2724 haec
865 2699 1009 2724 uxores
1034 2686 1207 2733 regionis
1234 2693 1391 2720 nostrae
1414 2683 1709 2730 respondebant
1733 2691 1824 2716 cum

333 2745 424 2784 risu,
437 2744 626 2782 dicentes,
641 2741 764 2789 ‘Quid
780 2741 883 2777 hoc?
909 2741 975 2776 illa
989 2739 1095 2776 dieta
1112 2745 1204 2774 sunt
1223 2738 1358 2773 nauci:
1384 2748 1457 2772 nos
1475 2747 1555 2772 non
1569 2735 1716 2771 scimus
1729 2733 1825 2780 quid

333 2807 446 2832 amor
458 2796 717 2842 conjugialis:
743 2795 775 2830 si
794 2794 936 2840 aliquis
955 2800 1016 2829 est
1034 2792 1196 2831 maritis,
1211 2802 1335 2836 usque
1356 2801 1435 2825 non
1454 2788 1596 2835 aliquis
1610 2794 1671 2823 est
1689 2786 1826 2822 nobis:

334 2850 441 2884 unde
462 2855 558 2884 tunc
579 2849 665 2894 ejus
686 2848 849 2883 deliciae
871 2847 976 2893 apud
998 2845 1097 2882 nos?
1131 2845 1253 2879 immo
1279 2844 1327 2878 ad
1355 2842 1528 2881 delicias,
1549 2852 1647 2887 quas
1672 2839 1825 2875 vocatis

334 2903 505 2942 ultimas,
521 2902 760 2948 quandoque
774 2901 973 2936 violenter
986 2898 1200 2937 fenuimus,
1215 2904 1308 2932 sunt
1326 2896 1431 2931 enim
1450 2895 1565 2930 nobis
1580 2894 1823 2932 inamoenae,

334 2956 401 2990 vix
415 2956 529 2991 al-iter
541 2966 658 3001 quam
674 2949 934 2990 violationes:
960 2954 1082 2988 immo
1096 2962 1176 2986 non
1195 2950 1359 2989 videbis,
1374 2950 1406 2984 si
1424 2947 1653 2988 attenderis,
1668 2947 1823 2994 signum

335 3010 426 3045 talis
452 3010 598 3045 amoris
625 3010 663 3044 in
691 3009 865 3044 faciebus
887 3007 1054 3044 nostris:
1087 3016 1207 3052 quare
1230 3005 1388 3050 nugaris
1413 3011 1483 3039 aut
1506 3001 1651 3049 jocaris
1676 3001 1709 3037 si
1733 3011 1823 3036 cum
