2014 3386
282 353 364 387 222
747 354 989 386 DELICIAE
1021 354 1322 388 SAPIENTIAE

280 468 396 510 sicut
416 468 575 510 ardere
593 483 602 520 ;
635 474 681 510 et
699 469 804 523 quia
827 469 963 511 ardor
979 470 1055 511 ille
1077 470 1249 512 inducit
1267 471 1477 513 timorem
1495 485 1576 527 pro
1597 469 1774 525 jaetura

279 531 472 582 illarum,
501 533 604 574 ideo
626 539 733 574 sunt
760 533 1076 575 simulationes
1103 533 1382 588 conjugiales
1407 535 1496 578 illis
1522 536 1772 578 necessita-

279 601 365 644 tes,
393 609 508 650 quae
534 596 751 650 imprimis
778 603 899 646 sunt,
927 611 1043 651 quae
1078 596 1141 651 (in
1168 598 1371 639 articulis
1395 598 1634 653 xv.-xvii.)
1662 599 1775 640 infra

279 658 550 710 afferuntur;
598 658 798 713 reliquae
829 673 992 701 causae
1024 673 1125 701 cum
1157 660 1226 701 his
1257 668 1550 703 enumeratae
1582 669 1774 716 possunt

279 721 449 776 aliquid
486 735 729 764 commune
773 723 942 764 habere
987 737 1088 764 cum
1134 725 1282 765 causis
1326 725 1446 778 apud
1491 726 1773 779 spiritualem

279 786 526 835 hominem,
555 786 612 827 de
637 787 798 840 quibus
825 800 958 840 supra
979 786 1040 841 (n.
1060 786 1180 841 280),
1201 789 1280 828 sed
1307 789 1446 830 modo
1468 789 1504 830 si
1529 790 1774 843 prudentia

278 850 398 903 apud
426 850 681 891 naturalem
705 850 941 891 hominem
968 851 1087 904 sapit
1114 865 1174 892 ex
1201 851 1523 905 intelligentia.

363 914 488 956 282.
534 912 638 967 (xi.)
675 911 805 962 Quod
824 914 916 954 sint
938 919 1134 966 propter
1155 914 1489 964 emendationes,
1516 922 1560 956 et
1582 922 1773 968 propter

277 976 763 1017 accommodatz·0nes.—
775 975 910 1029 Quod
959 975 1275 1018 simulationes
1320 977 1613 1031 conjugiales,
1657 992 1772 1032 quae

277 1045 384 1080 sunt
406 1040 702 1093 apparentiae
725 1040 892 1080 amoris
915 1045 963 1080 et
986 1040 1215 1081 amicitiae
1237 1041 1356 1082 inter
1373 1041 1589 1095 conjuges
1611 1042 1772 1083 animis

277 1103 567 1151 dissidentes,
596 1103 688 1143 sint
721 1109 910 1156 propter
940 1103 1328 1153 emendationem,
1356 1110 1428 1145 est
1454 1106 1557 1158 quia
1587 1105 1770 1159 spiritu-

276 1166 359 1207 alis
395 1166 534 1207 homo
569 1166 752 1207 foedere
788 1166 1112 1207 matrimoniali
1145 1167 1384 1221 copulatus
1421 1181 1522 1208 cum
1559 1168 1770 1217 naturali,

277 1229 387 1270 nihil
418 1229 540 1270 aliud
572 1230 770 1271 intendit
802 1243 937 1284 quam
970 1230 1342 1271 emendationem
1374 1231 1528 1282 vitae;
1561 1232 1682 1285 quod
1713 1233 1772 1274 ab

275 1293 354 1334 illo
381 1291 431 1333 fit
458 1306 538 1345 per
558 1306 792 1334 sermones
819 1293 1072 1346 sapientiae
1098 1300 1145 1335 et
1168 1293 1443 1347 elegantiae,
1468 1301 1514 1336 et
1541 1308 1620 1349 per
1645 1295 1770 1336 favo·

275 1371 347 1398 res
373 1358 509 1410 genio
536 1357 722 1398 alterius
748 1357 1132 1409 adblandientes;
1165 1364 1213 1399 at
1240 1358 1276 1399 si
1307 1358 1419 1399 haec
1452 1373 1568 1400 vane
1599 1360 1644 1400 in
1676 1359 1770 1413 ejus

274 1434 404 1461 aures
427 1427 474 1461 et
497 1434 645 1461 mores
668 1421 851 1469 cadunt,
871 1421 1070 1463 intendit
1093 1422 1559 1471 accommodationes,
1585 1430 1771 1477 propter

274 1485 675 1525 conservationem
698 1484 867 1524 ordinis
889 1485 934 1525 in
951 1485 1084 1525 rebus
1106 1485 1388 1534 domesticis,
1408 1493 1595 1540 propter
1613 1493 1770 1528 mutua

274 1548 457 1597 auxilia,
486 1554 533 1589 et
560 1554 746 1601 propter
767 1548 964 1589 infantes
989 1555 1036 1589 et
1060 1548 1241 1598 liberos,
1261 1555 1307 1590 et
1329 1549 1491 1590 similia
1512 1550 1627 1601 alia;
1661 1563 1766 1591 nam

274 1610 396 1652 dicta
422 1618 468 1652 et
495 1610 611 1659 aeta,
640 1625 755 1665 quae
782 1625 807 1652 a
830 1612 1051 1665 spirituali
1083 1612 1269 1653 homine
1296 1613 1565 1666 procedunt,
1590 1613 1770 1666 sapiunt

273 1689 332 1716 ex
351 1675 528 1728 justitia
550 1681 597 1716 et
617 1674 799 1728 judicio,
820 1682 869 1716 ut
888 1689 1022 1729 supra
1042 1674 1104 1729 (n.
1123 1675 1226 1730 280)
1246 1683 1478 1717 ostensum
1497 1683 1581 1718 est.
1627 1676 1767 1731 Apud

274 1738 491 1791 conjuges
522 1745 692 1787 autem,
727 1753 787 1779 ex
819 1739 979 1792 quibus
1011 1752 1102 1779 non
1134 1753 1248 1780 unus
1279 1746 1350 1780 est
1391 1739 1652 1792 spiritualis,
1686 1741 1766 1782 sed

273 1803 410 1844 ambo
436 1810 542 1844 sunt
569 1802 816 1851 naturales,
846 1802 993 1843 simile
1020 1809 1175 1856 potest
1198 1803 1307 1851 dari,
1332 1803 1413 1844 sed
1440 1810 1628 1857 propter
1653 1802 1767 1846 alios

272 1866 409 1907 fines:
443 1867 479 1907 si
506 1872 690 1919 propter
712 1866 1081 1906 emendationem
1105 1872 1152 1907 et
1178 1867 1670 1916 accommodationem,
1694 1873 1767 1909 est

272 1929 371 1970 finis
388 1929 461 1970 vel
485 1935 533 1969 ut
557 1928 674 1970 alter
688 1929 922 1981 redigatur
940 1929 997 1969 ad
1016 1929 1356 1970 similitudinem
1375 1943 1555 1970 suorum
1575 1942 1764 1979 morum,

271 2007 323 2035 ac
343 2000 391 2035 ut
416 1993 506 2034 suis
524 1993 758 2034 desideriis
776 1993 1110 2041 subordinetur‚
1130 1993 1203 2034 vel
1225 1999 1412 2047 propter
1429 1993 1578 2047 aliqua
1601 1993 1763 2044 officia,

272 2064 320 2099 ut
347 2057 458 2098 fiant
485 2057 778 2098 inservientia
800 2057 904 2104 suis,
928 2056 1000 2097 vel
1024 2063 1212 2110 propter
1234 2070 1395 2110 pacem
1421 2057 1539 2098 intra
1562 2057 1762 2107 domum,

271 2127 348 2162 aut
378 2121 545 2161 famam
578 2125 712 2160 extra
744 2119 943 2168 domum,
971 2119 1045 2160 vel
1077 2126 1265 2173 propter
1295 2119 1472 2161 favores
1499 2127 1708 2174 speratos
1739 2135 1766 2162 a

271 2183 479 2237 conjuge,
513 2189 590 2224 aut
629 2183 688 2224 ab
718 2182 812 2236 ejus
849 2183 1047 2236 agnatis,
1075 2189 1257 2237 praeter
1291 2182 1403 2224 fines
1435 2183 1573 2234 alios;
1606 2184 1686 2225 sed
1718 2184 1763 2226 hi

270 2248 389 2302 apud
421 2247 644 2302 quosdam
676 2253 781 2288 sunt
814 2260 874 2287 ex
911 2247 1152 2300 prudentia
1187 2247 1377 2288 rationis
1415 2247 1610 2297 illorum,
1643 2249 1762 2303 apud

269 2312 492 2366 quosdam
520 2325 580 2352 ex
606 2310 829 2351 civilitate
862 2311 1032 2359 nativa,
1061 2311 1180 2364 apud
1213 2311 1434 2364 quosdam
1467 2325 1527 2352 ex
1554 2311 1763 2364 jucundis

270 2375 571 2429 cupiditatum
616 2388 642 2416 a
683 2375 928 2415 nativitate
975 2373 1273 2423 familiarium,
1317 2388 1503 2428 quarum
1540 2374 1762 2428 jacturam

269 2440 418 2487 timet,
453 2444 634 2492 praeter
673 2438 838 2491 plures,
871 2451 931 2478 ex
964 2437 1124 2491 quibus
1164 2438 1388 2490 assumpti
1430 2438 1606 2479 favores
1644 2439 1760 2480 sicut

269 2503 434 2544 amoris
457 2502 724 2555 conjugialis
750 2501 863 2542 fiunt
886 2501 986 2555 plus
1012 2507 1090 2542 aut
1116 2501 1263 2542 minus
1290 2501 1571 2543 simulatorii.
1633 2502 1760 2543 Dan·

270 2574 343 2608 tur
369 2567 509 2607 etiam
542 2566 719 2607 favores
747 2566 863 2606 sicut
895 2566 1061 2606 amoris
1092 2564 1361 2618 conjugialis
1393 2572 1528 2606 extra
1559 2566 1759 2614 domum,

269 2637 316 2672 et
342 2630 453 2671 nulli
475 2630 594 2670 intra
617 2629 816 2678 domum,
842 2629 921 2669 sed
948 2628 993 2669 hi
1020 2641 1100 2681 pro
1122 2627 1210 2669 fine
1232 2626 1441 2682 spectant
1462 2628 1626 2670 famam
1651 2629 1760 2671 utri·

269 2707 424 2748 usque,
451 2699 499 2734 et
526 2693 561 2733 si
584 2705 674 2732 non
702 2692 834 2741 hanc,
863 2698 968 2733 sunt
995 2690 1160 2732 lusorii.

353 2756 482 2810 283.
527 2754 646 2809 (xii.)
683 2754 812 2805 Quod
841 2755 935 2796 sint
962 2761 1151 2808 propter
1178 2754 1375 2795 ordinem
1413 2754 1684 2796 servandum
1713 2753 1760 2796 in

267 2819 400 2860 rebus
425 2818 672 2860 domesticis
684 2833 704 2866 ,·
734 2825 776 2859 et
790 2825 980 2871 propter
1000 2824 1199 2859 mutuum
1219 2817 1759 2871 auxilium—Unaquae-

269 2883 335 2923 vis
357 2883 532 2930 domus,
557 2882 630 2923 ubi
658 2883 793 2923 etiam
821 2882 962 2931 liberi,
986 2881 1145 2922 horum
1172 2880 1481 2930 instruetores,
1506 2887 1553 2922 et
1575 2881 1758 2922 domes-

271 2947 349 2988 tici
375 2947 464 2995 alii,
493 2953 564 2987 est
591 2959 678 2986 una
705 2947 908 2987 societas
934 2944 1169 2986 aemulans
1202 2957 1444 2998 magnam;
1479 2944 1590 2986 haec
1617 2944 1758 2985 etiam

270 3023 330 3051 ex
356 3009 458 3060 illis,
486 3010 601 3051 sicut
626 3021 868 3051 commune
894 3022 953 3050 ex
986 3008 1203 3062 partibus,
1230 3008 1473 3060 coexistit;
1506 3014 1553 3049 et
1580 3020 1759 3061 quoque
