<?xml version="1.0" encoding="UTF-8"?>
<!DOCTYPE html PUBLIC "-//W3C//DTD XHTML 1.0 Transitional//EN"
    "http://www.w3.org/TR/xhtml1/DTD/xhtml1-transitional.dtd">
<html xmlns="http://www.w3.org/1999/xhtml" xml:lang="en" lang="en">
 <head>
  <title>
</title>
<meta http-equiv="Content-Type" content="text/html;charset=utf-8" />
  <meta name='ocr-system' content='tesseract 3.04.00' />
  <meta name='ocr-capabilities' content='ocr_page ocr_carea ocr_par ocr_line ocrx_word'/>
</head>
<body>
  <div class='ocr_page' id='page_1' title='image "./deliciaesapienti00sweduoft_0161.png"; bbox 0 0 2014 3386; ppageno 0'>
   <div class='ocr_carea' id='block_1_1' title="bbox 572 314 1747 386">
    <p class='ocr_par' dir='ltr' id='par_1_1' title="bbox 572 314 1747 386">
     <span class='ocr_line' id='line_1_1' title="bbox 572 314 1747 386; baseline -0.002 -11"><span class='ocrx_word' id='word_1_1' title='bbox 572 342 639 375; x_wconf 82' lang='lat' dir='ltr'><em>DE</em></span> <span class='ocrx_word' id='word_1_2' title='bbox 670 340 850 374; x_wconf 81' lang='lat' dir='ltr'>AMORE</span> <span class='ocrx_word' id='word_1_3' title='bbox 882 339 1306 384; x_wconf 85' lang='lat' dir='ltr'>CONJUGIAL1.—N.</span> <span class='ocrx_word' id='word_1_4' title='bbox 1329 314 1353 372; x_wconf 62' lang='lat'><em>&#39;1</em></span> <span class='ocrx_word' id='word_1_5' title='bbox 1361 332 1386 373; x_wconf 89' lang='lat'>8</span> <span class='ocrx_word' id='word_1_6' title='bbox 1392 340 1428 386; x_wconf 88' lang='lat'><em>5.</em></span> <span class='ocrx_word' id='word_1_7' title='bbox 1672 342 1718 386; x_wconf 86' lang='lat'><em>15</em></span> <span class='ocrx_word' id='word_1_8' title='bbox 1728 342 1747 386; x_wconf 84' lang='lat'>5</span> 
     </span>
    </p>
   </div>
   <div class='ocr_carea' id='block_1_2' title="bbox 453 454 1750 548">
    <p class='ocr_par' dir='ltr' id='par_1_2' title="bbox 453 454 1750 548">
     <span class='ocr_line' id='line_1_2' title="bbox 453 454 1750 503; baseline -0.002 -11"><span class='ocrx_word' id='word_1_9' title='bbox 453 456 549 503; x_wconf 85' lang='lat' dir='ltr'><em>(xii.)</em></span> <span class='ocrx_word' id='word_1_10' title='bbox 587 455 702 502; x_wconf 78' lang='lat' dir='ltr'><em>Quod</em></span> <span class='ocrx_word' id='word_1_11' title='bbox 702 456 901 502; x_wconf 86' lang='lat' dir='ltr'><em>formatio</em></span> <span class='ocrx_word' id='word_1_12' title='bbox 917 455 989 490; x_wconf 89' lang='lat' dir='ltr'><em>illa</em></span> <span class='ocrx_word' id='word_1_13' title='bbox 1014 454 1062 490; x_wconf 90' lang='lat' dir='ltr'><em>ab</em></span> <span class='ocrx_word' id='word_1_14' title='bbox 1085 466 1205 491; x_wconf 82' lang='lat' dir='ltr'><em>uxore</em></span> <span class='ocrx_word' id='word_1_15' title='bbox 1210 455 1292 501; x_wconf 89' lang='lat' dir='ltr'><em>fiat</em></span> <span class='ocrx_word' id='word_1_16' title='bbox 1299 457 1377 501; x_wconf 88' lang='lat' dir='ltr'><em>per</em></span> <span class='ocrx_word' id='word_1_17' title='bbox 1391 456 1750 501; x_wconf 72' lang='lat' dir='ltr'><em>appropriationem</em></span> 
     </span>
     <span class='ocr_line' id='line_1_3' title="bbox 674 504 1085 548; baseline 0.002 -11"><span class='ocrx_word' id='word_1_18' title='bbox 674 504 916 548; x_wconf 67' lang='lat' dir='ltr'><em>affeliionum</em></span> <span class='ocrx_word' id='word_1_19' title='bbox 934 504 1085 538; x_wconf 86' lang='lat' dir='ltr'><em>mariti.</em></span> 
     </span>
    </p>
   </div>
   <div class='ocr_carea' id='block_1_3' title="bbox 432 550 1750 644">
    <p class='ocr_par' dir='ltr' id='par_1_3' title="bbox 432 550 1750 644">
     <span class='ocr_line' id='line_1_4' title="bbox 432 550 1750 597; baseline -0.002 -10"><span class='ocrx_word' id='word_1_20' title='bbox 432 551 546 596; x_wconf 83' lang='lat' dir='ltr'><em>(xiii.)</em></span> <span class='ocrx_word' id='word_1_21' title='bbox 583 551 697 597; x_wconf 77' lang='lat' dir='ltr'><em>Quod</em></span> <span class='ocrx_word' id='word_1_22' title='bbox 692 551 890 597; x_wconf 83' lang='lat' dir='ltr'><em>formatio</em></span> <span class='ocrx_word' id='word_1_23' title='bbox 901 551 972 585; x_wconf 88' lang='lat' dir='ltr'><em>illa</em></span> <span class='ocrx_word' id='word_1_24' title='bbox 987 551 1034 586; x_wconf 87' lang='lat' dir='ltr'><em>ab</em></span> <span class='ocrx_word' id='word_1_25' title='bbox 1046 561 1165 585; x_wconf 83' lang='lat' dir='ltr'><em>uxore</em></span> <span class='ocrx_word' id='word_1_26' title='bbox 1170 550 1253 595; x_wconf 88' lang='lat' dir='ltr'><em>fiat</em></span> <span class='ocrx_word' id='word_1_27' title='bbox 1258 552 1334 595; x_wconf 89' lang='lat' dir='ltr'><em>per</em></span> <span class='ocrx_word' id='word_1_28' title='bbox 1346 551 1592 594; x_wconf 75' lang='lat' dir='ltr'><em>receptionem</em></span> <span class='ocrx_word' id='word_1_29' title='bbox 1600 551 1750 595; x_wconf 87' lang='lat' dir='ltr'><em>propa-</em></span> 
     </span>
     <span class='ocr_line' id='line_1_5' title="bbox 665 597 1750 644; baseline -0.001 -12"><span class='ocrx_word' id='word_1_30' title='bbox 665 600 876 644; x_wconf 82' lang='lat' dir='ltr'><em>gationum</em></span> <span class='ocrx_word' id='word_1_31' title='bbox 895 599 1052 632; x_wconf 89' lang='lat' dir='ltr'><em>animae</em></span> <span class='ocrx_word' id='word_1_32' title='bbox 1076 599 1226 637; x_wconf 87' lang='lat' dir='ltr'><em>mariti,</em></span> <span class='ocrx_word' id='word_1_33' title='bbox 1245 609 1330 632; x_wconf 86' lang='lat' dir='ltr'><em>cum</em></span> <span class='ocrx_word' id='word_1_34' title='bbox 1356 597 1490 631; x_wconf 87' lang='lat' dir='ltr'><em>delicio</em></span> <span class='ocrx_word' id='word_1_35' title='bbox 1514 597 1678 631; x_wconf 86' lang='lat' dir='ltr'><em>oriundo</em></span> <span class='ocrx_word' id='word_1_36' title='bbox 1702 607 1750 631; x_wconf 77' lang='lat' dir='ltr'><em>ex</em></span> 
     </span>
    </p>
   </div>
   <div class='ocr_carea' id='block_1_4' title="bbox 400 645 1749 1354">
    <p class='ocr_par' dir='ltr' id='par_1_4' title="bbox 673 645 1644 690">
     <span class='ocr_line' id='line_1_6' title="bbox 673 645 1644 690; baseline -0.002 -10"><span class='ocrx_word' id='word_1_37' title='bbox 673 656 723 686; x_wconf 87' lang='lat' dir='ltr'><em>eo,</em></span> <span class='ocrx_word' id='word_1_38' title='bbox 741 645 846 690; x_wconf 83' lang='lat' dir='ltr'><em>quod</em></span> <span class='ocrx_word' id='word_1_39' title='bbox 857 646 953 680; x_wconf 85' lang='lat' dir='ltr'><em>velit</em></span> <span class='ocrx_word' id='word_1_40' title='bbox 969 657 1043 680; x_wconf 87' lang='lat' dir='ltr'><em>esse</em></span> <span class='ocrx_word' id='word_1_41' title='bbox 1057 646 1274 690; x_wconf 83' lang='lat' dir='ltr'><em>sapientiae</em></span> <span class='ocrx_word' id='word_1_42' title='bbox 1289 645 1356 679; x_wconf 87' lang='lat' dir='ltr'><em>sui</em></span> <span class='ocrx_word' id='word_1_43' title='bbox 1365 646 1510 679; x_wconf 87' lang='lat' dir='ltr'><em>mariti</em></span> <span class='ocrx_word' id='word_1_44' title='bbox 1523 655 1644 679; x_wconf 89' lang='lat' dir='ltr'><em>amor.</em></span> 
     </span>
    </p>

    <p class='ocr_par' dir='ltr' id='par_1_5' title="bbox 430 692 1749 775">
     <span class='ocr_line' id='line_1_7' title="bbox 430 692 1749 740; baseline -0.002 -12"><span class='ocrx_word' id='word_1_45' title='bbox 430 692 540 739; x_wconf 83' lang='lat' dir='ltr'><em>(xiv.)</em></span> <span class='ocrx_word' id='word_1_46' title='bbox 579 692 693 739; x_wconf 78' lang='lat' dir='ltr'><em>Quod</em></span> <span class='ocrx_word' id='word_1_47' title='bbox 700 694 757 727; x_wconf 86' lang='lat' dir='ltr'><em>sic</em></span> <span class='ocrx_word' id='word_1_48' title='bbox 762 693 969 739; x_wconf 83' lang='lat' dir='ltr'><em>formetur</em></span> <span class='ocrx_word' id='word_1_49' title='bbox 979 695 1094 740; x_wconf 80' lang='lat' dir='ltr'><em>virgo</em></span> <span class='ocrx_word' id='word_1_50' title='bbox 1107 693 1150 727; x_wconf 90' lang='lat' dir='ltr'><em>in</em></span> <span class='ocrx_word' id='word_1_51' title='bbox 1165 700 1332 732; x_wconf 81' lang='lat' dir='ltr'><em>uxorem,</em></span> <span class='ocrx_word' id='word_1_52' title='bbox 1347 695 1384 726; x_wconf 89' lang='lat' dir='ltr'><em>et</em></span> <span class='ocrx_word' id='word_1_53' title='bbox 1388 692 1553 738; x_wconf 81' lang='lat' dir='ltr'><em>J‘uvenis</em></span> <span class='ocrx_word' id='word_1_54' title='bbox 1565 693 1607 726; x_wconf 88' lang='lat' dir='ltr'><em>in</em></span> <span class='ocrx_word' id='word_1_55' title='bbox 1625 692 1749 726; x_wconf 86' lang='lat' dir='ltr'><em>mari-</em></span> 
     </span>
     <span class='ocr_line' id='line_1_8' title="bbox 671 744 768 775; baseline 0.01 -1"><span class='ocrx_word' id='word_1_56' title='bbox 671 744 768 775; x_wconf 88' lang='lat' dir='ltr'><em>tum.</em></span> 
     </span>
    </p>

    <p class='ocr_par' dir='ltr' id='par_1_6' title="bbox 445 787 1749 927">
     <span class='ocr_line' id='line_1_9' title="bbox 445 787 1749 834; baseline -0.002 -11"><span class='ocrx_word' id='word_1_57' title='bbox 445 787 540 833; x_wconf 84' lang='lat' dir='ltr'><em>(xv.)</em></span> <span class='ocrx_word' id='word_1_58' title='bbox 577 788 693 834; x_wconf 78' lang='lat' dir='ltr'><em>Quod</em></span> <span class='ocrx_word' id='word_1_59' title='bbox 705 789 747 821; x_wconf 88' lang='lat' dir='ltr'><em>in</em></span> <span class='ocrx_word' id='word_1_60' title='bbox 765 787 945 833; x_wconf 82' lang='lat' dir='ltr'><em>conjugio</em></span> <span class='ocrx_word' id='word_1_61' title='bbox 958 788 1076 822; x_wconf 84' lang='lat' dir='ltr'><em>unius</em></span> <span class='ocrx_word' id='word_1_62' title='bbox 1090 787 1180 822; x_wconf 84' lang='lat' dir='ltr'><em>viri</em></span> <span class='ocrx_word' id='word_1_63' title='bbox 1191 797 1277 821; x_wconf 88' lang='lat' dir='ltr'><em>cum</em></span> <span class='ocrx_word' id='word_1_64' title='bbox 1295 797 1374 821; x_wconf 85' lang='lat' dir='ltr'><em>una</em></span> <span class='ocrx_word' id='word_1_65' title='bbox 1393 797 1522 824; x_wconf 80' lang='lat' dir='ltr'><em>uxore.</em></span> <span class='ocrx_word' id='word_1_66' title='bbox 1538 787 1642 821; x_wconf 85' lang='lat' dir='ltr'><em>inter</em></span> <span class='ocrx_word' id='word_1_67' title='bbox 1656 796 1749 830; x_wconf 82' lang='lat' dir='ltr'><em>quos</em></span> 
     </span>
     <span class='ocr_line' id='line_1_10' title="bbox 671 833 1748 880; baseline -0.001 -11"><span class='ocrx_word' id='word_1_68' title='bbox 671 838 727 869; x_wconf 86' lang='lat' dir='ltr'><em>est</em></span> <span class='ocrx_word' id='word_1_69' title='bbox 750 846 862 869; x_wconf 87' lang='lat' dir='ltr'><em>amor</em></span> <span class='ocrx_word' id='word_1_70' title='bbox 884 846 974 869; x_wconf 87' lang='lat' dir='ltr'><em>vere</em></span> <span class='ocrx_word' id='word_1_71' title='bbox 993 834 1239 880; x_wconf 64' lang='lat' dir='ltr'><em>conjugialzs,</em></span> <span class='ocrx_word' id='word_1_72' title='bbox 1267 845 1368 868; x_wconf 81' lang='lat' dir='ltr'><em>uxor</em></span> <span class='ocrx_word' id='word_1_73' title='bbox 1381 834 1463 878; x_wconf 89' lang='lat' dir='ltr'><em>fiat</em></span> <span class='ocrx_word' id='word_1_74' title='bbox 1479 834 1575 879; x_wconf 84' lang='lat' dir='ltr'><em>plus</em></span> <span class='ocrx_word' id='word_1_75' title='bbox 1598 837 1635 868; x_wconf 94' lang='lat' dir='ltr'><em>et</em></span> <span class='ocrx_word' id='word_1_76' title='bbox 1652 833 1748 879; x_wconf 83' lang='lat' dir='ltr'><em>plus</em></span> 
     </span>
     <span class='ocr_line' id='line_1_11' title="bbox 673 881 1476 927; baseline 0 -11"><span class='ocrx_word' id='word_1_77' title='bbox 673 893 783 922; x_wconf 78' lang='lat' dir='ltr'><em>uxor,</em></span> <span class='ocrx_word' id='word_1_78' title='bbox 801 886 837 917; x_wconf 93' lang='lat' dir='ltr'><em>et</em></span> <span class='ocrx_word' id='word_1_79' title='bbox 850 883 1020 917; x_wconf 83' lang='lat' dir='ltr'><em>maritus</em></span> <span class='ocrx_word' id='word_1_80' title='bbox 1029 882 1124 927; x_wconf 86' lang='lat' dir='ltr'><em>plus</em></span> <span class='ocrx_word' id='word_1_81' title='bbox 1139 885 1176 916; x_wconf 94' lang='lat' dir='ltr'><em>et</em></span> <span class='ocrx_word' id='word_1_82' title='bbox 1185 881 1280 926; x_wconf 89' lang='lat' dir='ltr'><em>plus</em></span> <span class='ocrx_word' id='word_1_83' title='bbox 1297 882 1476 916; x_wconf 85' lang='lat' dir='ltr'><em>maritus.</em></span> 
     </span>
    </p>

    <p class='ocr_par' dir='ltr' id='par_1_7' title="bbox 435 929 1746 1023">
     <span class='ocr_line' id='line_1_12' title="bbox 435 929 1746 976; baseline -0.002 -12"><span class='ocrx_word' id='word_1_84' title='bbox 435 929 544 974; x_wconf 87' lang='lat' dir='ltr'><em>(xvi.)</em></span> <span class='ocrx_word' id='word_1_85' title='bbox 582 929 698 976; x_wconf 75' lang='lat' dir='ltr'><em>Quod</em></span> <span class='ocrx_word' id='word_1_86' title='bbox 709 931 827 963; x_wconf 79' lang='lat' dir='ltr'><em>etiam</em></span> <span class='ocrx_word' id='word_1_87' title='bbox 854 931 912 964; x_wconf 88' lang='lat' dir='ltr'><em>ita</em></span> <span class='ocrx_word' id='word_1_88' title='bbox 932 930 1136 964; x_wconf 83' lang='lat' dir='ltr'><em>successive</em></span> <span class='ocrx_word' id='word_1_89' title='bbox 1159 929 1207 963; x_wconf 88' lang='lat' dir='ltr'><em>ab</em></span> <span class='ocrx_word' id='word_1_90' title='bbox 1231 930 1417 964; x_wconf 84' lang='lat' dir='ltr'><em>interiori</em></span> <span class='ocrx_word' id='word_1_91' title='bbox 1421 929 1688 974; x_wconf 87' lang='lat' dir='ltr'><em>perficiantur</em></span> <span class='ocrx_word' id='word_1_92' title='bbox 1710 931 1746 962; x_wconf 85' lang='lat' dir='ltr'><em>et</em></span> 
     </span>
     <span class='ocr_line' id='line_1_13' title="bbox 670 977 1272 1023; baseline -0.002 -12"><span class='ocrx_word' id='word_1_93' title='bbox 670 977 922 1012; x_wconf 86' lang='lat' dir='ltr'><em>nobilitentur</em></span> <span class='ocrx_word' id='word_1_94' title='bbox 937 977 1094 1011; x_wconf 84' lang='lat' dir='ltr'><em>illorum</em></span> <span class='ocrx_word' id='word_1_95' title='bbox 1101 977 1272 1023; x_wconf 85' lang='lat' dir='ltr'><em>formae.</em></span> 
     </span>
    </p>

    <p class='ocr_par' dir='ltr' id='par_1_8' title="bbox 416 1023 1745 1258">
     <span class='ocr_line' id='line_1_14' title="bbox 416 1023 1745 1070; baseline -0.002 -12"><span class='ocrx_word' id='word_1_96' title='bbox 416 1023 541 1069; x_wconf 87' lang='lat' dir='ltr'><em>(xvii.)</em></span> <span class='ocrx_word' id='word_1_97' title='bbox 579 1023 693 1070; x_wconf 80' lang='lat' dir='ltr'><em>Quod</em></span> <span class='ocrx_word' id='word_1_98' title='bbox 698 1025 827 1069; x_wconf 87' lang='lat' dir='ltr'><em>proles</em></span> <span class='ocrx_word' id='word_1_99' title='bbox 843 1028 961 1059; x_wconf 90' lang='lat' dir='ltr'><em>natae</em></span> <span class='ocrx_word' id='word_1_100' title='bbox 984 1035 1009 1058; x_wconf 94' lang='lat' dir='ltr'><em>a</em></span> <span class='ocrx_word' id='word_1_101' title='bbox 1034 1024 1176 1058; x_wconf 85' lang='lat' dir='ltr'><em>duobus</em></span> <span class='ocrx_word' id='word_1_102' title='bbox 1200 1024 1273 1068; x_wconf 85' lang='lat' dir='ltr'><em>qui</em></span> <span class='ocrx_word' id='word_1_103' title='bbox 1294 1025 1337 1058; x_wconf 89' lang='lat' dir='ltr'><em>in</em></span> <span class='ocrx_word' id='word_1_104' title='bbox 1363 1034 1493 1057; x_wconf 84' lang='lat' dir='ltr'><em>amore</em></span> <span class='ocrx_word' id='word_1_105' title='bbox 1507 1034 1597 1057; x_wconf 85' lang='lat' dir='ltr'><em>vere</em></span> <span class='ocrx_word' id='word_1_106' title='bbox 1612 1023 1745 1068; x_wconf 83' lang='lat' dir='ltr'><em>conju-</em></span> 
     </span>
     <span class='ocr_line' id='line_1_15' title="bbox 660 1070 1745 1118; baseline -0.003 -12"><span class='ocrx_word' id='word_1_107' title='bbox 660 1071 775 1118; x_wconf 69' lang='lat' dir='ltr'><em>giale·</em></span> <span class='ocrx_word' id='word_1_108' title='bbox 786 1075 888 1112; x_wconf 85' lang='lat' dir='ltr'><em>sunt,</em></span> <span class='ocrx_word' id='word_1_109' title='bbox 902 1071 1068 1106; x_wconf 78' lang='lat' dir='ltr'><em>trahant</em></span> <span class='ocrx_word' id='word_1_110' title='bbox 1083 1082 1108 1105; x_wconf 88' lang='lat' dir='ltr'><em>a</em></span> <span class='ocrx_word' id='word_1_111' title='bbox 1127 1071 1358 1116; x_wconf 86' lang='lat' dir='ltr'><em>parentibus</em></span> <span class='ocrx_word' id='word_1_112' title='bbox 1374 1070 1593 1116; x_wconf 77' lang='lat' dir='ltr'><em>conjugiale</em></span> <span class='ocrx_word' id='word_1_113' title='bbox 1609 1070 1699 1104; x_wconf 86' lang='lat' dir='ltr'><em>boni</em></span> <span class='ocrx_word' id='word_1_114' title='bbox 1711 1074 1745 1104; x_wconf 90' lang='lat' dir='ltr'><em>et</em></span> 
     </span>
     <span class='ocr_line' id='line_1_16' title="bbox 668 1118 1744 1164; baseline -0.002 -11"><span class='ocrx_word' id='word_1_115' title='bbox 668 1119 765 1159; x_wconf 86' lang='lat' dir='ltr'><em>veri,</em></span> <span class='ocrx_word' id='word_1_116' title='bbox 782 1130 830 1153; x_wconf 81' lang='lat' dir='ltr'><em>ex</em></span> <span class='ocrx_word' id='word_1_117' title='bbox 846 1130 918 1164; x_wconf 86' lang='lat' dir='ltr'><em>quo</em></span> <span class='ocrx_word' id='word_1_118' title='bbox 935 1118 1016 1152; x_wconf 89' lang='lat' dir='ltr'><em>illis</em></span> <span class='ocrx_word' id='word_1_119' title='bbox 1032 1122 1086 1152; x_wconf 87' lang='lat' dir='ltr'><em>est</em></span> <span class='ocrx_word' id='word_1_120' title='bbox 1102 1118 1307 1153; x_wconf 85' lang='lat' dir='ltr'><em>inclinatio</em></span> <span class='ocrx_word' id='word_1_121' title='bbox 1324 1122 1360 1152; x_wconf 87' lang='lat' dir='ltr'><em>et</em></span> <span class='ocrx_word' id='word_1_122' title='bbox 1364 1118 1556 1164; x_wconf 84' lang='lat' dir='ltr'><em>facultas,</em></span> <span class='ocrx_word' id='word_1_123' title='bbox 1574 1119 1613 1152; x_wconf 89' lang='lat' dir='ltr'><em>si</em></span> <span class='ocrx_word' id='word_1_124' title='bbox 1619 1118 1744 1162; x_wconf 84' lang='lat' dir='ltr'><em>filius,</em></span> 
     </span>
     <span class='ocr_line' id='line_1_17' title="bbox 669 1165 1745 1211; baseline -0.002 -11"><span class='ocrx_word' id='word_1_125' title='bbox 669 1166 727 1200; x_wconf 88' lang='lat' dir='ltr'><em>ad</em></span> <span class='ocrx_word' id='word_1_126' title='bbox 731 1166 1027 1211; x_wconf 75' lang='lat' dir='ltr'><em>perczpiendum</em></span> <span class='ocrx_word' id='word_1_127' title='bbox 1045 1165 1116 1200; x_wconf 90' lang='lat' dir='ltr'><em>illa</em></span> <span class='ocrx_word' id='word_1_128' title='bbox 1134 1177 1232 1210; x_wconf 78' lang='lat' dir='ltr'><em>quae</em></span> <span class='ocrx_word' id='word_1_129' title='bbox 1247 1167 1464 1211; x_wconf 87' lang='lat' dir='ltr'><em>sapientiae</em></span> <span class='ocrx_word' id='word_1_130' title='bbox 1479 1169 1581 1206; x_wconf 88' lang='lat' dir='ltr'><em>sunt,</em></span> <span class='ocrx_word' id='word_1_131' title='bbox 1595 1167 1634 1199; x_wconf 90' lang='lat' dir='ltr'><em>si</em></span> <span class='ocrx_word' id='word_1_132' title='bbox 1637 1165 1745 1210; x_wconf 87' lang='lat' dir='ltr'><em>filia,</em></span> 
     </span>
     <span class='ocr_line' id='line_1_18' title="bbox 669 1213 1496 1258; baseline 0 -11"><span class='ocrx_word' id='word_1_133' title='bbox 669 1213 726 1247; x_wconf 91' lang='lat' dir='ltr'><em>ad</em></span> <span class='ocrx_word' id='word_1_134' title='bbox 737 1213 949 1247; x_wconf 85' lang='lat' dir='ltr'><em>amandum</em></span> <span class='ocrx_word' id='word_1_135' title='bbox 967 1213 1038 1247; x_wconf 88' lang='lat' dir='ltr'><em>illa</em></span> <span class='ocrx_word' id='word_1_136' title='bbox 1056 1224 1155 1258; x_wconf 84' lang='lat' dir='ltr'><em>quae</em></span> <span class='ocrx_word' id='word_1_137' title='bbox 1170 1214 1364 1258; x_wconf 86' lang='lat' dir='ltr'><em>sapientia</em></span> <span class='ocrx_word' id='word_1_138' title='bbox 1382 1213 1496 1248; x_wconf 82' lang='lat' dir='ltr'><em>docet.</em></span> 
     </span>
    </p>

    <p class='ocr_par' dir='ltr' id='par_1_9' title="bbox 400 1259 1744 1354">
     <span class='ocr_line' id='line_1_19' title="bbox 400 1259 1744 1307; baseline -0.001 -12"><span class='ocrx_word' id='word_1_139' title='bbox 400 1259 539 1306; x_wconf 85' lang='lat' dir='ltr'><em>(xviii.)</em></span> <span class='ocrx_word' id='word_1_140' title='bbox 576 1260 690 1306; x_wconf 80' lang='lat' dir='ltr'><em>Quod</em></span> <span class='ocrx_word' id='word_1_141' title='bbox 698 1262 757 1294; x_wconf 89' lang='lat' dir='ltr'><em>ita</em></span> <span class='ocrx_word' id='word_1_142' title='bbox 762 1260 852 1305; x_wconf 89' lang='lat' dir='ltr'><em>fiat,</em></span> <span class='ocrx_word' id='word_1_143' title='bbox 867 1262 960 1305; x_wconf 87' lang='lat' dir='ltr'><em>quia</em></span> <span class='ocrx_word' id='word_1_144' title='bbox 974 1262 1109 1295; x_wconf 86' lang='lat' dir='ltr'><em>anima</em></span> <span class='ocrx_word' id='word_1_145' title='bbox 1122 1260 1252 1307; x_wconf 85' lang='lat' dir='ltr'><em>prolis</em></span> <span class='ocrx_word' id='word_1_146' title='bbox 1270 1264 1323 1295; x_wconf 91' lang='lat' dir='ltr'><em>est</em></span> <span class='ocrx_word' id='word_1_147' title='bbox 1340 1272 1364 1295; x_wconf 92' lang='lat' dir='ltr'><em>a</em></span> <span class='ocrx_word' id='word_1_148' title='bbox 1374 1263 1506 1306; x_wconf 84' lang='lat' dir='ltr'><em>patre,</em></span> <span class='ocrx_word' id='word_1_149' title='bbox 1521 1263 1558 1295; x_wconf 87' lang='lat' dir='ltr'><em>et</em></span> <span class='ocrx_word' id='word_1_150' title='bbox 1574 1259 1744 1294; x_wconf 86' lang='lat' dir='ltr'><em>induitio</em></span> 
     </span>
     <span class='ocr_line' id='line_1_20' title="bbox 668 1308 948 1354; baseline 0 -12"><span class='ocrx_word' id='word_1_151' title='bbox 668 1308 752 1354; x_wconf 79' lang='lat' dir='ltr'><em>ejus</em></span> <span class='ocrx_word' id='word_1_152' title='bbox 768 1319 793 1342; x_wconf 94' lang='lat' dir='ltr'><em>a</em></span> <span class='ocrx_word' id='word_1_153' title='bbox 811 1311 948 1343; x_wconf 87' lang='lat' dir='ltr'><em>matre.</em></span> 
     </span>
    </p>
   </div>
   <div class='ocr_carea' id='block_1_5' title="bbox 233 1396 1742 3028">
    <p class='ocr_par' dir='ltr' id='par_1_10' title="bbox 244 1396 1080 1452">
     <span class='ocr_line' id='line_1_21' title="bbox 244 1396 1080 1452; baseline 0 -13"><span class='ocrx_word' id='word_1_154' title='bbox 244 1396 458 1452; x_wconf 86' lang='lat' dir='ltr'><em>Sequitur</em></span> <span class='ocrx_word' id='word_1_155' title='bbox 482 1411 600 1439; x_wconf 92' lang='lat' dir='ltr'><em>nunc</em></span> <span class='ocrx_word' id='word_1_156' title='bbox 626 1397 788 1439; x_wconf 89' lang='lat' dir='ltr'><em>horum</em></span> <span class='ocrx_word' id='word_1_157' title='bbox 815 1397 1080 1452; x_wconf 86' lang='lat' dir='ltr'><em>explicatio.</em></span> 
     </span>
    </p>

    <p class='ocr_par' dir='ltr' id='par_1_11' title="bbox 233 1460 1742 3028">
     <span class='ocr_line' id='line_1_22' title="bbox 330 1460 1742 1516; baseline 0.001 -15"><span class='ocrx_word' id='word_1_158' title='bbox 330 1460 456 1513; x_wconf 78' lang='lat'><strong>185·</strong></span> <span class='ocrx_word' id='word_1_159' title='bbox 491 1460 558 1515; x_wconf 87' lang='lat' dir='ltr'><em>(i.)</em></span> <span class='ocrx_word' id='word_1_160' title='bbox 596 1460 725 1512; x_wconf 79' lang='lat' dir='ltr'><em>Quod</em></span> <span class='ocrx_word' id='word_1_161' title='bbox 748 1467 897 1502; x_wconf 85' lang='lat' dir='ltr'><em>status</em></span> <span class='ocrx_word' id='word_1_162' title='bbox 928 1461 1050 1502; x_wconf 81' lang='lat' dir='ltr'><em>vitae</em></span> <span class='ocrx_word' id='word_1_163' title='bbox 1077 1461 1269 1503; x_wconf 75' lang='lat' dir='ltr'><em>hominis</em></span> <span class='ocrx_word' id='word_1_164' title='bbox 1300 1461 1356 1503; x_wconf 86' lang='lat' dir='ltr'><em>ab</em></span> <span class='ocrx_word' id='word_1_165' title='bbox 1387 1462 1583 1515; x_wconf 82' lang='lat' dir='ltr'><em>infantia</em></span> <span class='ocrx_word' id='word_1_166' title='bbox 1608 1476 1742 1516; x_wconf 85' lang='lat' dir='ltr'><em>usque</em></span> 
     </span>
     <span class='ocr_line' id='line_1_23' title="bbox 242 1523 1735 1578; baseline 0.001 -13"><span class='ocrx_word' id='word_1_167' title='bbox 242 1523 462 1578; x_wconf 83' lang='lat' dir='ltr'><em>adfinem</em></span> <span class='ocrx_word' id='word_1_168' title='bbox 491 1525 622 1574; x_wconf 82' lang='lat' dir='ltr'><em>vitae,</em></span> <span class='ocrx_word' id='word_1_169' title='bbox 655 1530 699 1566; x_wconf 92' lang='lat' dir='ltr'><em>et</em></span> <span class='ocrx_word' id='word_1_170' title='bbox 719 1531 878 1577; x_wconf 85' lang='lat' dir='ltr'><em>postea</em></span> <span class='ocrx_word' id='word_1_171' title='bbox 907 1524 953 1566; x_wconf 83' lang='lat' dir='ltr'><em>in</em></span> <span class='ocrx_word' id='word_1_172' title='bbox 984 1530 1221 1575; x_wconf 83' lang='lat' dir='ltr'><em>aeternum,</em></span> <span class='ocrx_word' id='word_1_173' title='bbox 1253 1526 1450 1567; x_wconf 83' lang='lat' dir='ltr'><em>continue</em></span> <span class='ocrx_word' id='word_1_174' title='bbox 1478 1532 1735 1566; x_wconf 56' lang='lat' dir='ltr'><em>mutetur.—</em></span> 
     </span>
     <span class='ocr_line' id='line_1_24' title="bbox 243 1587 1739 1643; baseline 0 -13"><span class='ocrx_word' id='word_1_175' title='bbox 243 1587 521 1630; x_wconf 89' lang='lat' dir='ltr'><em>Communes</em></span> <span class='ocrx_word' id='word_1_176' title='bbox 543 1595 693 1630; x_wconf 88' lang='lat' dir='ltr'><em>status</em></span> <span class='ocrx_word' id='word_1_177' title='bbox 710 1588 834 1630; x_wconf 89' lang='lat' dir='ltr'><em>vitae</em></span> <span class='ocrx_word' id='word_1_178' title='bbox 852 1588 1048 1630; x_wconf 88' lang='lat' dir='ltr'><em>hominis</em></span> <span class='ocrx_word' id='word_1_179' title='bbox 1066 1595 1290 1630; x_wconf 87' lang='lat' dir='ltr'><em>vocantur</em></span> <span class='ocrx_word' id='word_1_180' title='bbox 1306 1589 1510 1638; x_wconf 86' lang='lat' dir='ltr'><em>infantia,</em></span> <span class='ocrx_word' id='word_1_181' title='bbox 1531 1590 1739 1643; x_wconf 89' lang='lat' dir='ltr'><em>pueritia,</em></span> 
     </span>
     <span class='ocr_line' id='line_1_25' title="bbox 241 1651 1740 1707; baseline 0.001 -14"><span class='ocrx_word' id='word_1_182' title='bbox 241 1652 572 1702; x_wconf 90' lang='lat' dir='ltr'><em>adolescentia,</em></span> <span class='ocrx_word' id='word_1_183' title='bbox 614 1652 845 1705; x_wconf 89' lang='lat' dir='ltr'><em>juventus,</em></span> <span class='ocrx_word' id='word_1_184' title='bbox 887 1658 934 1693; x_wconf 92' lang='lat' dir='ltr'><em>et</em></span> <span class='ocrx_word' id='word_1_185' title='bbox 982 1651 1194 1693; x_wconf 67' lang='lat' dir='ltr'><em>senectus</em></span> <span class='ocrx_word' id='word_1_186' title='bbox 1211 1666 1222 1703; x_wconf 89' lang='lat'>;</span> <span class='ocrx_word' id='word_1_187' title='bbox 1268 1653 1389 1707; x_wconf 91' lang='lat' dir='ltr'><em>quod</em></span> <span class='ocrx_word' id='word_1_188' title='bbox 1435 1654 1740 1707; x_wconf 82' lang='lat' dir='ltr'><em>unusquisque</em></span> 
     </span>
     <span class='ocr_line' id='line_1_26' title="bbox 240 1715 1739 1770; baseline -0.001 -12"><span class='ocrx_word' id='word_1_189' title='bbox 240 1717 396 1765; x_wconf 89' lang='lat' dir='ltr'><em>homo,</em></span> <span class='ocrx_word' id='word_1_190' title='bbox 423 1715 547 1770; x_wconf 91' lang='lat' dir='ltr'><em>cujus</em></span> <span class='ocrx_word' id='word_1_191' title='bbox 572 1716 670 1757; x_wconf 87' lang='lat' dir='ltr'><em>vita</em></span> <span class='ocrx_word' id='word_1_192' title='bbox 695 1716 988 1757; x_wconf 85' lang='lat' dir='ltr'><em>continuatur</em></span> <span class='ocrx_word' id='word_1_193' title='bbox 1012 1716 1057 1757; x_wconf 92' lang='lat' dir='ltr'><em>in</em></span> <span class='ocrx_word' id='word_1_194' title='bbox 1084 1716 1268 1766; x_wconf 88' lang='lat' dir='ltr'><em>mundo,</em></span> <span class='ocrx_word' id='word_1_195' title='bbox 1301 1717 1556 1758; x_wconf 84' lang='lat' dir='ltr'><em>successive</em></span> <span class='ocrx_word' id='word_1_196' title='bbox 1589 1723 1739 1758; x_wconf 86' lang='lat' dir='ltr'><em>trans-</em></span> 
     </span>
     <span class='ocr_line' id='line_1_27' title="bbox 241 1778 1739 1833; baseline 0 -12"><span class='ocrx_word' id='word_1_197' title='bbox 241 1786 317 1821; x_wconf 88' lang='lat' dir='ltr'><em>eat</em></span> <span class='ocrx_word' id='word_1_198' title='bbox 348 1779 407 1820; x_wconf 92' lang='lat' dir='ltr'><em>ab</em></span> <span class='ocrx_word' id='word_1_199' title='bbox 437 1792 527 1820; x_wconf 89' lang='lat' dir='ltr'><em>una</em></span> <span class='ocrx_word' id='word_1_200' title='bbox 562 1779 606 1819; x_wconf 90' lang='lat' dir='ltr'><em>in</em></span> <span class='ocrx_word' id='word_1_201' title='bbox 643 1778 851 1828; x_wconf 89' lang='lat' dir='ltr'><em>alteram,</em></span> <span class='ocrx_word' id='word_1_202' title='bbox 884 1780 950 1821; x_wconf 86' lang='lat' dir='ltr'><em>ita</em></span> <span class='ocrx_word' id='word_1_203' title='bbox 979 1793 1007 1820; x_wconf 90' lang='lat' dir='ltr'><em>a</em></span> <span class='ocrx_word' id='word_1_204' title='bbox 1042 1780 1186 1833; x_wconf 88' lang='lat' dir='ltr'><em>prima</em></span> <span class='ocrx_word' id='word_1_205' title='bbox 1221 1780 1279 1820; x_wconf 90' lang='lat' dir='ltr'><em>ad</em></span> <span class='ocrx_word' id='word_1_206' title='bbox 1319 1779 1543 1829; x_wconf 86' lang='lat' dir='ltr'><em>ultimam,</em></span> <span class='ocrx_word' id='word_1_207' title='bbox 1578 1786 1739 1822; x_wconf 91' lang='lat' dir='ltr'><em>notum</em></span> 
     </span>
     <span class='ocr_line' id='line_1_28' title="bbox 240 1842 1739 1898; baseline 0.001 -15"><span class='ocrx_word' id='word_1_208' title='bbox 240 1849 338 1884; x_wconf 82' lang='lat' dir='ltr'><em>est:</em></span> <span class='ocrx_word' id='word_1_209' title='bbox 380 1843 676 1884; x_wconf 87' lang='lat' dir='ltr'><em>transitiones</em></span> <span class='ocrx_word' id='word_1_210' title='bbox 708 1843 752 1883; x_wconf 92' lang='lat' dir='ltr'><em>in</em></span> <span class='ocrx_word' id='word_1_211' title='bbox 792 1842 895 1884; x_wconf 87' lang='lat' dir='ltr'><em>illas</em></span> <span class='ocrx_word' id='word_1_212' title='bbox 926 1849 1107 1884; x_wconf 85' lang='lat' dir='ltr'><em>aetates</em></span> <span class='ocrx_word' id='word_1_213' title='bbox 1148 1857 1239 1884; x_wconf 91' lang='lat' dir='ltr'><em>non</em></span> <span class='ocrx_word' id='word_1_214' title='bbox 1271 1852 1508 1898; x_wconf 86' lang='lat' dir='ltr'><em>apparent,</em></span> <span class='ocrx_word' id='word_1_215' title='bbox 1543 1845 1627 1885; x_wconf 87' lang='lat' dir='ltr'><em>nisi</em></span> <span class='ocrx_word' id='word_1_216' title='bbox 1659 1858 1739 1898; x_wconf 88' lang='lat' dir='ltr'><em>per</em></span> 
     </span>
     <span class='ocr_line' id='line_1_29' title="bbox 239 1905 1738 1961; baseline 0.001 -14"><span class='ocrx_word' id='word_1_217' title='bbox 239 1905 478 1960; x_wconf 71' lang='lat' dir='ltr'><em>interjecta</em></span> <span class='ocrx_word' id='word_1_218' title='bbox 509 1906 659 1960; x_wconf 88' lang='lat' dir='ltr'><em>spatia</em></span> <span class='ocrx_word' id='word_1_219' title='bbox 685 1907 932 1961; x_wconf 89' lang='lat' dir='ltr'><em>temporis;</em></span> <span class='ocrx_word' id='word_1_220' title='bbox 966 1907 1087 1961; x_wconf 93' lang='lat' dir='ltr'><em>quod</em></span> <span class='ocrx_word' id='word_1_221' title='bbox 1114 1914 1270 1948; x_wconf 88' lang='lat' dir='ltr'><em>tamen</em></span> <span class='ocrx_word' id='word_1_222' title='bbox 1303 1908 1618 1961; x_wconf 87' lang='lat' dir='ltr'><em>progressivae</em></span> <span class='ocrx_word' id='word_1_223' title='bbox 1645 1909 1738 1949; x_wconf 92' lang='lat' dir='ltr'><em>sint</em></span> 
     </span>
     <span class='ocr_line' id='line_1_30' title="bbox 239 1970 1737 2022; baseline 0.001 -12"><span class='ocrx_word' id='word_1_224' title='bbox 239 1983 267 2011; x_wconf 87' lang='lat' dir='ltr'><em>a</em></span> <span class='ocrx_word' id='word_1_225' title='bbox 293 1970 539 2011; x_wconf 90' lang='lat' dir='ltr'><em>momentis</em></span> <span class='ocrx_word' id='word_1_226' title='bbox 564 1970 609 2010; x_wconf 91' lang='lat' dir='ltr'><em>in</em></span> <span class='ocrx_word' id='word_1_227' title='bbox 636 1976 885 2019; x_wconf 87' lang='lat' dir='ltr'><em>momenta,</em></span> <span class='ocrx_word' id='word_1_228' title='bbox 913 1971 978 2012; x_wconf 89' lang='lat' dir='ltr'><em>ita</em></span> <span class='ocrx_word' id='word_1_229' title='bbox 1004 1971 1234 2020; x_wconf 88' lang='lat' dir='ltr'><em>continue,</em></span> <span class='ocrx_word' id='word_1_230' title='bbox 1262 1972 1380 2012; x_wconf 84' lang='lat' dir='ltr'><em>ratio</em></span> <span class='ocrx_word' id='word_1_231' title='bbox 1406 1972 1559 2022; x_wconf 89' lang='lat' dir='ltr'><em>videt;</em></span> <span class='ocrx_word' id='word_1_232' title='bbox 1592 1971 1737 2012; x_wconf 90' lang='lat' dir='ltr'><em>simile</em></span> 
     </span>
     <span class='ocr_line' id='line_1_31' title="bbox 239 2032 1736 2089; baseline 0.002 -16"><span class='ocrx_word' id='word_1_233' title='bbox 239 2034 360 2074; x_wconf 88' lang='lat' dir='ltr'><em>enim</em></span> <span class='ocrx_word' id='word_1_234' title='bbox 387 2039 458 2074; x_wconf 86' lang='lat' dir='ltr'><em>est</em></span> <span class='ocrx_word' id='word_1_235' title='bbox 490 2045 592 2074; x_wconf 89' lang='lat' dir='ltr'><em>cum</em></span> <span class='ocrx_word' id='word_1_236' title='bbox 623 2032 823 2083; x_wconf 90' lang='lat' dir='ltr'><em>homine,</em></span> <span class='ocrx_word' id='word_1_237' title='bbox 850 2034 967 2074; x_wconf 86' lang='lat' dir='ltr'><em>sicut</em></span> <span class='ocrx_word' id='word_1_238' title='bbox 996 2047 1100 2075; x_wconf 90' lang='lat' dir='ltr'><em>cum</em></span> <span class='ocrx_word' id='word_1_239' title='bbox 1131 2034 1306 2083; x_wconf 88' lang='lat' dir='ltr'><em>arbore,</em></span> <span class='ocrx_word' id='word_1_240' title='bbox 1335 2048 1449 2088; x_wconf 88' lang='lat' dir='ltr'><em>quae</em></span> <span class='ocrx_word' id='word_1_241' title='bbox 1476 2036 1598 2076; x_wconf 91' lang='lat' dir='ltr'><em>omni</em></span> <span class='ocrx_word' id='word_1_242' title='bbox 1631 2049 1736 2089; x_wconf 88' lang='lat' dir='ltr'><em>spa-</em></span> 
     </span>
     <span class='ocr_line' id='line_1_32' title="bbox 239 2096 1736 2157; baseline 0.001 -19"><span class='ocrx_word' id='word_1_243' title='bbox 239 2096 354 2138; x_wconf 90' lang='lat' dir='ltr'><em>tiolo</em></span> <span class='ocrx_word' id='word_1_244' title='bbox 385 2097 621 2157; x_wconf 71' lang='lat' dir='ltr'><em>temporiS,</em></span> <span class='ocrx_word' id='word_1_245' title='bbox 649 2097 788 2138; x_wconf 89' lang='lat' dir='ltr'><em>etiam</em></span> <span class='ocrx_word' id='word_1_246' title='bbox 815 2098 1132 2147; x_wconf 90' lang='lat' dir='ltr'><em>minutissimo,</em></span> <span class='ocrx_word' id='word_1_247' title='bbox 1159 2111 1185 2139; x_wconf 86' lang='lat' dir='ltr'><em>a</em></span> <span class='ocrx_word' id='word_1_248' title='bbox 1211 2099 1383 2139; x_wconf 88' lang='lat' dir='ltr'><em>semine</em></span> <span class='ocrx_word' id='word_1_249' title='bbox 1410 2097 1534 2151; x_wconf 67' lang='lat' dir='ltr'><em>jacto</em></span> <span class='ocrx_word' id='word_1_250' title='bbox 1565 2100 1609 2139; x_wconf 91' lang='lat' dir='ltr'><em>in</em></span> <span class='ocrx_word' id='word_1_251' title='bbox 1642 2106 1736 2140; x_wconf 87' lang='lat' dir='ltr'><em>ter-</em></span> 
     </span>
     <span class='ocr_line' id='line_1_33' title="bbox 238 2161 1736 2215; baseline 0.002 -15"><span class='ocrx_word' id='word_1_252' title='bbox 238 2173 349 2209; x_wconf 88' lang='lat' dir='ltr'><em>ram,</em></span> <span class='ocrx_word' id='word_1_253' title='bbox 365 2161 529 2201; x_wconf 87' lang='lat' dir='ltr'><em>crescit</em></span> <span class='ocrx_word' id='word_1_254' title='bbox 547 2166 595 2201; x_wconf 91' lang='lat' dir='ltr'><em>et</em></span> <span class='ocrx_word' id='word_1_255' title='bbox 613 2161 858 2202; x_wconf 85' lang='lat' dir='ltr'><em>succrescit</em></span> <span class='ocrx_word' id='word_1_256' title='bbox 879 2174 888 2201; x_wconf 89' lang='lat'><strong>:</strong></span> <span class='ocrx_word' id='word_1_257' title='bbox 917 2167 1271 2202; x_wconf 90' lang='lat' dir='ltr'><em>momentaneae</em></span> <span class='ocrx_word' id='word_1_258' title='bbox 1289 2161 1374 2202; x_wconf 89' lang='lat' dir='ltr'><em>hae</em></span> <span class='ocrx_word' id='word_1_259' title='bbox 1392 2163 1736 2215; x_wconf 87' lang='lat' dir='ltr'><em>progressiones</em></span> 
     </span>
     <span class='ocr_line' id='line_1_34' title="bbox 238 2224 1734 2279; baseline 0.002 -15"><span class='ocrx_word' id='word_1_260' title='bbox 238 2229 344 2265; x_wconf 88' lang='lat' dir='ltr'><em>sunt</em></span> <span class='ocrx_word' id='word_1_261' title='bbox 377 2224 515 2265; x_wconf 89' lang='lat' dir='ltr'><em>etiam</em></span> <span class='ocrx_word' id='word_1_262' title='bbox 547 2224 828 2265; x_wconf 84' lang='lat' dir='ltr'><em>mutationes</em></span> <span class='ocrx_word' id='word_1_263' title='bbox 864 2231 1028 2274; x_wconf 88' lang='lat' dir='ltr'><em>status,</em></span> <span class='ocrx_word' id='word_1_264' title='bbox 1062 2225 1190 2266; x_wconf 88' lang='lat' dir='ltr'><em>addit</em></span> <span class='ocrx_word' id='word_1_265' title='bbox 1222 2226 1343 2266; x_wconf 91' lang='lat' dir='ltr'><em>enim</em></span> <span class='ocrx_word' id='word_1_266' title='bbox 1375 2239 1570 2279; x_wconf 86' lang='lat' dir='ltr'><em>sequens</em></span> <span class='ocrx_word' id='word_1_267' title='bbox 1602 2233 1734 2267; x_wconf 90' lang='lat' dir='ltr'><em>ante-</em></span> 
     </span>
     <span class='ocr_line' id='line_1_35' title="bbox 238 2287 1734 2344; baseline 0.001 -16"><span class='ocrx_word' id='word_1_268' title='bbox 238 2288 421 2329; x_wconf 90' lang='lat' dir='ltr'><em>cedenti</em></span> <span class='ocrx_word' id='word_1_269' title='bbox 458 2287 641 2341; x_wconf 86' lang='lat' dir='ltr'><em>aliquid,</em></span> <span class='ocrx_word' id='word_1_270' title='bbox 675 2289 795 2342; x_wconf 91' lang='lat' dir='ltr'><em>quod</em></span> <span class='ocrx_word' id='word_1_271' title='bbox 836 2295 1009 2330; x_wconf 90' lang='lat' dir='ltr'><em>statum</em></span> <span class='ocrx_word' id='word_1_272' title='bbox 1047 2288 1234 2343; x_wconf 88' lang='lat' dir='ltr'><em>perficit.</em></span> <span class='ocrx_word' id='word_1_273' title='bbox 1296 2289 1579 2330; x_wconf 89' lang='lat' dir='ltr'><em>Mutationes</em></span> <span class='ocrx_word' id='word_1_274' title='bbox 1619 2304 1734 2344; x_wconf 88' lang='lat' dir='ltr'><em>quae</em></span> 
     </span>
     <span class='ocr_line' id='line_1_36' title="bbox 238 2351 1733 2407; baseline 0.001 -15"><span class='ocrx_word' id='word_1_275' title='bbox 238 2351 351 2393; x_wconf 87' lang='lat' dir='ltr'><em>fiunt</em></span> <span class='ocrx_word' id='word_1_276' title='bbox 383 2352 428 2392; x_wconf 87' lang='lat' dir='ltr'><em>in</em></span> <span class='ocrx_word' id='word_1_277' title='bbox 459 2351 648 2392; x_wconf 86' lang='lat' dir='ltr'><em>internis</em></span> <span class='ocrx_word' id='word_1_278' title='bbox 680 2351 876 2392; x_wconf 88' lang='lat' dir='ltr'><em>hominis</em></span> <span class='ocrx_word' id='word_1_279' title='bbox 908 2358 1013 2393; x_wconf 90' lang='lat' dir='ltr'><em>sunt</em></span> <span class='ocrx_word' id='word_1_280' title='bbox 1045 2351 1283 2406; x_wconf 59' lang='lat' dir='ltr'><em>perfectius</em></span> <span class='ocrx_word' id='word_1_281' title='bbox 1309 2354 1569 2402; x_wconf 88' lang='lat' dir='ltr'><em>continuae,</em></span> <span class='ocrx_word' id='word_1_282' title='bbox 1598 2367 1733 2407; x_wconf 89' lang='lat' dir='ltr'><em>quam</em></span> 
     </span>
     <span class='ocr_line' id='line_1_37' title="bbox 237 2413 1733 2471; baseline 0.002 -16"><span class='ocrx_word' id='word_1_283' title='bbox 237 2414 344 2456; x_wconf 85' lang='lat' dir='ltr'><em>illae</em></span> <span class='ocrx_word' id='word_1_284' title='bbox 370 2428 484 2468; x_wconf 88' lang='lat' dir='ltr'><em>quae</em></span> <span class='ocrx_word' id='word_1_285' title='bbox 516 2413 629 2455; x_wconf 87' lang='lat' dir='ltr'><em>fiunt</em></span> <span class='ocrx_word' id='word_1_286' title='bbox 660 2416 704 2455; x_wconf 91' lang='lat' dir='ltr'><em>in</em></span> <span class='ocrx_word' id='word_1_287' title='bbox 737 2417 943 2457; x_wconf 86' lang='lat' dir='ltr'><em>externis</em></span> <span class='ocrx_word' id='word_1_288' title='bbox 975 2416 1094 2469; x_wconf 89' lang='lat' dir='ltr'><em>ejus;</em></span> <span class='ocrx_word' id='word_1_289' title='bbox 1128 2430 1264 2457; x_wconf 89' lang='lat' dir='ltr'><em>causa</em></span> <span class='ocrx_word' id='word_1_290' title='bbox 1301 2423 1386 2464; x_wconf 84' lang='lat' dir='ltr'><em>est,</em></span> <span class='ocrx_word' id='word_1_291' title='bbox 1420 2418 1522 2471; x_wconf 88' lang='lat' dir='ltr'><em>quia</em></span> <span class='ocrx_word' id='word_1_292' title='bbox 1554 2418 1733 2459; x_wconf 87' lang='lat' dir='ltr'><em>interna</em></span> 
     </span>
     <span class='ocr_line' id='line_1_38' title="bbox 238 2477 1732 2534; baseline 0.002 -16"><span class='ocrx_word' id='word_1_293' title='bbox 238 2477 447 2526; x_wconf 89' lang='lat' dir='ltr'><em>hominis,</em></span> <span class='ocrx_word' id='word_1_294' title='bbox 475 2491 554 2531; x_wconf 91' lang='lat' dir='ltr'><em>per</em></span> <span class='ocrx_word' id='word_1_295' title='bbox 579 2492 694 2533; x_wconf 88' lang='lat' dir='ltr'><em>quae</em></span> <span class='ocrx_word' id='word_1_296' title='bbox 720 2479 1039 2532; x_wconf 85' lang='lat' dir='ltr'><em>intelliguntur</em></span> <span class='ocrx_word' id='word_1_297' title='bbox 1065 2480 1142 2520; x_wconf 89' lang='lat' dir='ltr'><em>illa</em></span> <span class='ocrx_word' id='word_1_298' title='bbox 1168 2494 1282 2534; x_wconf 90' lang='lat' dir='ltr'><em>quae</em></span> <span class='ocrx_word' id='word_1_299' title='bbox 1309 2482 1476 2522; x_wconf 89' lang='lat' dir='ltr'><em>mentis</em></span> <span class='ocrx_word' id='word_1_300' title='bbox 1503 2494 1581 2521; x_wconf 88' lang='lat' dir='ltr'><em>seu</em></span> <span class='ocrx_word' id='word_1_301' title='bbox 1603 2481 1732 2534; x_wconf 89' lang='lat' dir='ltr'><em>spiri-</em></span> 
     </span>
     <span class='ocr_line' id='line_1_39' title="bbox 237 2540 1732 2596; baseline 0.002 -14"><span class='ocrx_word' id='word_1_302' title='bbox 237 2547 311 2582; x_wconf 88' lang='lat' dir='ltr'><em>tus</em></span> <span class='ocrx_word' id='word_1_303' title='bbox 343 2540 437 2594; x_wconf 88' lang='lat' dir='ltr'><em>ejus</em></span> <span class='ocrx_word' id='word_1_304' title='bbox 468 2548 589 2589; x_wconf 91' lang='lat' dir='ltr'><em>sunt,</em></span> <span class='ocrx_word' id='word_1_305' title='bbox 623 2542 668 2582; x_wconf 91' lang='lat' dir='ltr'><em>in</em></span> <span class='ocrx_word' id='word_1_306' title='bbox 705 2542 849 2595; x_wconf 88' lang='lat' dir='ltr'><em>gradu</em></span> <span class='ocrx_word' id='word_1_307' title='bbox 886 2543 1103 2596; x_wconf 88' lang='lat' dir='ltr'><em>superiori</em></span> <span class='ocrx_word' id='word_1_308' title='bbox 1143 2543 1326 2584; x_wconf 89' lang='lat' dir='ltr'><em>elevata</em></span> <span class='ocrx_word' id='word_1_309' title='bbox 1365 2557 1499 2596; x_wconf 89' lang='lat' dir='ltr'><em>super</em></span> <span class='ocrx_word' id='word_1_310' title='bbox 1539 2552 1732 2585; x_wconf 87' lang='lat' dir='ltr'><em>externa</em></span> 
     </span>
     <span class='ocr_line' id='line_1_40' title="bbox 237 2605 1732 2661; baseline 0.003 -16"><span class='ocrx_word' id='word_1_311' title='bbox 237 2611 356 2654; x_wconf 87' lang='lat' dir='ltr'><em>sunt,</em></span> <span class='ocrx_word' id='word_1_312' title='bbox 384 2611 429 2646; x_wconf 87' lang='lat' dir='ltr'><em>et</em></span> <span class='ocrx_word' id='word_1_313' title='bbox 454 2606 498 2646; x_wconf 91' lang='lat' dir='ltr'><em>in</em></span> <span class='ocrx_word' id='word_1_314' title='bbox 524 2605 626 2655; x_wconf 92' lang='lat' dir='ltr'><em>illis,</em></span> <span class='ocrx_word' id='word_1_315' title='bbox 654 2620 767 2660; x_wconf 90' lang='lat' dir='ltr'><em>quae</em></span> <span class='ocrx_word' id='word_1_316' title='bbox 800 2607 845 2647; x_wconf 88' lang='lat' dir='ltr'><em>in</em></span> <span class='ocrx_word' id='word_1_317' title='bbox 876 2608 1019 2660; x_wconf 82' lang='lat' dir='ltr'><em>gradu</em></span> <span class='ocrx_word' id='word_1_318' title='bbox 1051 2609 1267 2661; x_wconf 88' lang='lat' dir='ltr'><em>superiori</em></span> <span class='ocrx_word' id='word_1_319' title='bbox 1299 2615 1418 2657; x_wconf 91' lang='lat' dir='ltr'><em>sunt,</em></span> <span class='ocrx_word' id='word_1_320' title='bbox 1447 2608 1558 2649; x_wconf 85' lang='lat' dir='ltr'><em>fiunt</em></span> <span class='ocrx_word' id='word_1_321' title='bbox 1592 2608 1732 2649; x_wconf 89' lang='lat' dir='ltr'><em>millia</em></span> 
     </span>
     <span class='ocr_line' id='line_1_41' title="bbox 236 2669 1729 2723; baseline 0.002 -15"><span class='ocrx_word' id='word_1_322' title='bbox 236 2669 398 2709; x_wconf 89' lang='lat' dir='ltr'><em>eodem</em></span> <span class='ocrx_word' id='word_1_323' title='bbox 438 2670 627 2718; x_wconf 90' lang='lat' dir='ltr'><em>minuto,</em></span> <span class='ocrx_word' id='word_1_324' title='bbox 661 2683 749 2723; x_wconf 89' lang='lat' dir='ltr'><em>quo</em></span> <span class='ocrx_word' id='word_1_325' title='bbox 780 2671 825 2710; x_wconf 89' lang='lat' dir='ltr'><em>in</em></span> <span class='ocrx_word' id='word_1_326' title='bbox 857 2672 1063 2711; x_wconf 88' lang='lat' dir='ltr'><em>externis</em></span> <span class='ocrx_word' id='word_1_327' title='bbox 1094 2671 1144 2713; x_wconf 82' lang='lat' dir='ltr'><em>fit</em></span> <span class='ocrx_word' id='word_1_328' title='bbox 1178 2672 1370 2712; x_wconf 90' lang='lat' dir='ltr'><em>unicum.</em></span> <span class='ocrx_word' id='word_1_329' title='bbox 1433 2671 1729 2719; x_wconf 87' lang='lat' dir='ltr'><em>Mutationes,</em></span> 
     </span>
     <span class='ocr_line' id='line_1_42' title="bbox 237 2731 1730 2785; baseline 0.001 -13"><span class='ocrx_word' id='word_1_330' title='bbox 237 2745 352 2785; x_wconf 89' lang='lat' dir='ltr'><em>quae</em></span> <span class='ocrx_word' id='word_1_331' title='bbox 384 2731 496 2773; x_wconf 86' lang='lat' dir='ltr'><em>fiunt</em></span> <span class='ocrx_word' id='word_1_332' title='bbox 533 2733 577 2773; x_wconf 91' lang='lat' dir='ltr'><em>in</em></span> <span class='ocrx_word' id='word_1_333' title='bbox 609 2734 813 2782; x_wconf 85' lang='lat' dir='ltr'><em>internis,</em></span> <span class='ocrx_word' id='word_1_334' title='bbox 847 2742 952 2775; x_wconf 90' lang='lat' dir='ltr'><em>sunt</em></span> <span class='ocrx_word' id='word_1_335' title='bbox 985 2736 1265 2776; x_wconf 88' lang='lat' dir='ltr'><em>mutationes</em></span> <span class='ocrx_word' id='word_1_336' title='bbox 1297 2742 1446 2776; x_wconf 87' lang='lat' dir='ltr'><em>status</em></span> <span class='ocrx_word' id='word_1_337' title='bbox 1478 2734 1730 2775; x_wconf 86' lang='lat' dir='ltr'><em>voluntatis</em></span> 
     </span>
     <span class='ocr_line' id='line_1_43' title="bbox 236 2794 1729 2850; baseline 0.002 -16"><span class='ocrx_word' id='word_1_338' title='bbox 236 2795 386 2848; x_wconf 88' lang='lat' dir='ltr'><em>quoad</em></span> <span class='ocrx_word' id='word_1_339' title='bbox 413 2794 689 2845; x_wconf 61' lang='lat' dir='ltr'><em>affectiones,</em></span> <span class='ocrx_word' id='word_1_340' title='bbox 714 2804 760 2838; x_wconf 90' lang='lat' dir='ltr'><em>et</em></span> <span class='ocrx_word' id='word_1_341' title='bbox 788 2799 1066 2839; x_wconf 89' lang='lat' dir='ltr'><em>mutationes</em></span> <span class='ocrx_word' id='word_1_342' title='bbox 1089 2805 1237 2839; x_wconf 88' lang='lat' dir='ltr'><em>status</em></span> <span class='ocrx_word' id='word_1_343' title='bbox 1259 2797 1519 2839; x_wconf 65' lang='lat' dir='ltr'><em>intellectus</em></span> <span class='ocrx_word' id='word_1_344' title='bbox 1543 2795 1729 2850; x_wconf 73' lang='lat' dir='ltr'><em>[¹¹quoad</em></span> 
     </span>
     <span class='ocr_line' id='line_1_44' title="bbox 237 2858 1728 2911; baseline 0.001 -13"><span class='ocrx_word' id='word_1_345' title='bbox 237 2858 573 2911; x_wconf 80' lang='lat' dir='ltr'><em>cogitationes3</em></span> <span class='ocrx_word' id='word_1_346' title='bbox 606 2859 764 2901; x_wconf 90' lang='lat' dir='ltr'><em>harum</em></span> <span class='ocrx_word' id='word_1_347' title='bbox 790 2867 836 2902; x_wconf 90' lang='lat' dir='ltr'><em>et</em></span> <span class='ocrx_word' id='word_1_348' title='bbox 863 2861 1040 2902; x_wconf 89' lang='lat' dir='ltr'><em>illarum</em></span> <span class='ocrx_word' id='word_1_349' title='bbox 1068 2868 1216 2903; x_wconf 87' lang='lat' dir='ltr'><em>status</em></span> <span class='ocrx_word' id='word_1_350' title='bbox 1244 2863 1519 2902; x_wconf 88' lang='lat' dir='ltr'><em>mutationes</em></span> <span class='ocrx_word' id='word_1_351' title='bbox 1547 2874 1728 2901; x_wconf 87' lang='lat' dir='ltr'><em>succes·</em></span> 
     </span>
     <span class='ocr_line' id='line_1_45' title="bbox 235 2920 1726 2977; baseline 0.003 -17"><span class='ocrx_word' id='word_1_352' title='bbox 235 2920 359 2962; x_wconf 84' lang='lat' dir='ltr'><em>sivae</em></span> <span class='ocrx_word' id='word_1_353' title='bbox 390 2923 434 2962; x_wconf 88' lang='lat' dir='ltr'><em>in</em></span> <span class='ocrx_word' id='word_1_354' title='bbox 468 2924 619 2976; x_wconf 87' lang='lat' dir='ltr'><em>specie</em></span> <span class='ocrx_word' id='word_1_355' title='bbox 650 2924 692 2964; x_wconf 91' lang='lat' dir='ltr'><em>in</em></span> <span class='ocrx_word' id='word_1_356' title='bbox 726 2925 1036 2977; x_wconf 90' lang='lat' dir='ltr'><em>propositione</em></span> <span class='ocrx_word' id='word_1_357' title='bbox 1069 2924 1398 2977; x_wconf 86' lang='lat' dir='ltr'><em>intelliguntur.</em></span> <span class='ocrx_word' id='word_1_358' title='bbox 1463 2922 1596 2975; x_wconf 77' lang='lat' dir='ltr'><em>Quod</em></span> <span class='ocrx_word' id='word_1_359' title='bbox 1630 2936 1726 2964; x_wconf 82' lang='lat' dir='ltr'><em>mu-</em></span> 
     </span>
     <span class='ocr_line' id='line_1_46' title="bbox 233 2985 1725 3028; baseline 0.001 -2"><span class='ocrx_word' id='word_1_360' title='bbox 233 2986 440 3027; x_wconf 87' lang='lat' dir='ltr'><em>tationes</em></span> <span class='ocrx_word' id='word_1_361' title='bbox 476 2992 622 3027; x_wconf 86' lang='lat' dir='ltr'><em>status</em></span> <span class='ocrx_word' id='word_1_362' title='bbox 662 2987 849 3028; x_wconf 90' lang='lat' dir='ltr'><em>duarum</em></span> <span class='ocrx_word' id='word_1_363' title='bbox 890 2987 1067 3028; x_wconf 89' lang='lat' dir='ltr'><em>illarum</em></span> <span class='ocrx_word' id='word_1_364' title='bbox 1107 2988 1301 3028; x_wconf 87' lang='lat' dir='ltr'><em>vitarum</em></span> <span class='ocrx_word' id='word_1_365' title='bbox 1343 3001 1419 3027; x_wconf 86' lang='lat' dir='ltr'><em>seu</em></span> <span class='ocrx_word' id='word_1_366' title='bbox 1460 2985 1725 3028; x_wconf 84' lang='lat' dir='ltr'><em>facultatum</em></span> 
     </span>
    </p>
   </div>
  </div>
 </body>
</html>
