2014 3386
265 300 317 331 10
727 299 970 332 DELICIAE
1002 299 1305 332 SAPIENTIAE

259 423 350 448 cum
371 412 533 459 Jacobo,
556 418 699 459 quarto
721 423 811 448 cum
835 412 967 454 Petro,
986 413 1128 459 quinto
1149 423 1239 448 cum
1259 412 1422 460 Jacobo,
1441 419 1555 449 sexto
1576 424 1666 449 cum
1687 412 1757 461 Jo-

259 466 401 506 hanne,
416 466 588 512 septimo
605 476 696 501 cum
717 465 853 507 Paulo,
872 472 912 501 et
929 477 1019 501 cum
1038 466 1198 512 reliquis
1217 466 1256 500 in
1274 466 1414 502 ordine
1430 477 1556 512 usque
1573 467 1623 502 ad
1641 467 1756 512 quin-

259 519 459 554 decimum
481 519 599 559 diem,
620 529 643 554 a
668 529 748 564 quo
774 518 917 554 iterum
944 518 983 553 in
1009 518 1129 554 simili
1155 518 1295 554 ordine
1315 519 1618 556 comissationes
1639 530 1755 556 reno·

258 578 398 608 vatent
414 571 606 607 variando
624 572 750 612 sedes,
769 578 810 606 et
827 571 884 606 sic
902 571 942 606 in
960 578 1180 607 aeternum.

330 625 428 660 Post
454 625 552 660 haec
572 624 736 670 angelus
757 624 996 659 convocavit
1020 624 1126 660 viros
1152 623 1340 665 cohortis¹
1362 630 1403 660 et
1428 624 1530 660 dixit
1555 624 1643 666 illis,
1666 624 1753 661 “Hi

257 689 407 719 omnes,
426 688 527 723 quos
543 677 700 713 vidistis
723 677 773 712 ad
800 677 967 718 mensas,
987 676 1027 711 in
1051 677 1171 712 simili
1189 677 1433 723 cogitatione
1453 677 1686 724 imaginaria
1703 679 1754 715 de

256 731 412 777 gaudiis
430 730 539 770 caeli,
554 737 595 766 et
609 730 702 765 inde
716 729 907 765 felicitate
921 735 1082 765 aeterna
1095 740 1186 765 cum
1200 730 1314 765 vobis
1328 729 1506 771 fuerant:
1537 737 1578 766 et
1592 738 1756 777 propter

257 783 388 824 finem,
407 789 452 818 ut
470 783 544 829 ipsi
562 783 725 818 videant
738 783 936 818 vanitates
955 783 1132 818 idearum
1151 793 1322 823 suarum,
1336 789 1379 829 et
1393 784 1443 818 ab
1464 783 1540 818 illis
1553 783 1754 819 abducan-
1793 780 1797 781 ⁷

255 843 331 877 tur,
355 836 562 871 institutae
586 842 691 876 sunt,
713 841 754 871 et
774 846 798 870 a
824 834 1001 870 Domino
1022 835 1249 881 permissae,
1270 836 1370 871 tales
1396 836 1577 881 epulares
1595 847 1751 872 scenae.

258 888 457 924 Primores
480 889 547 930 illi,
565 899 666 935 quos
684 887 840 924 vidistis
857 888 908 923 ad
925 888 1060 934 capita
1077 899 1313 928 mensarum,
1333 895 1445 924 erant
1463 889 1667 934 personati
1689 900 1750 925 se-

257 953 337 982 nes,
357 942 534 988 plerique
555 952 604 977 ex
625 941 772 977 rustica
792 947 924 987 gente,
942 940 1009 987 qui
1031 941 1197 981 barbati,
1216 947 1257 976 et
1282 952 1331 976 ex
1351 941 1522 987 quadam
1545 942 1753 987 opulentia

257 1006 350 1040 prae
367 995 508 1030 ceteris
526 994 704 1035 fastuosi,
723 994 867 1040 quibus
886 993 1049 1029 inducta
1069 1000 1131 1029 est
1151 993 1374 1039 phantasia,
1392 993 1502 1040 quod
1520 995 1668 1030 vetusti
1697 995 1752 1030 illi

257 1054 389 1094 patres
406 1053 551 1083 essent.
601 1046 681 1083 Sed
700 1046 911 1093 sequimini
931 1057 994 1081 me
1013 1046 1052 1080 in
1070 1046 1155 1081 vias
1173 1046 1302 1082 exitus
1320 1057 1342 1081 e
1361 1047 1560 1092 palaestra
1577 1047 1687 1083 hac.”

330 1100 380 1135 Et
397 1100 523 1136 secuti
541 1107 646 1141 sunt,
665 1106 706 1135 et
725 1099 916 1135 videbant
929 1099 1220 1145 quinquaginta
1239 1099 1303 1134 hic
1320 1106 1361 1135 et
1378 1099 1668 1146 quinquaginta
1685 1100 1750 1141 ibi,

255 1153 323 1199 qui
341 1153 579 1188 farciverant
595 1159 755 1188 ventres
776 1152 934 1188 cibariis
953 1163 1079 1198 usque
1099 1152 1149 1187 ad
1176 1163 1354 1192 nauseas,
1373 1159 1415 1187 et
1435 1153 1753 1198 concupiverunt

256 1206 384 1241 redire
402 1206 452 1241 ad
471 1205 681 1241 familiaria
694 1206 886 1241 domuum
905 1216 1077 1245 suarum,
1093 1205 1256 1250 quidam
1274 1205 1325 1240 ad
1343 1216 1416 1240 sua
1429 1205 1575 1246 munia,
1589 1205 1752 1252 quidam

255 1259 306 1294 ad
328 1270 400 1294 sua
420 1259 591 1305 negotia,
613 1265 655 1294 et
679 1259 841 1304 quidam
868 1258 918 1293 ad
945 1268 1036 1293 suas
1062 1268 1225 1303 operas;
1255 1264 1297 1293 at
1323 1258 1438 1293 multi
1466 1269 1491 1293 a
1519 1258 1754 1294 custodibus

256 1312 430 1348 nemoris
447 1311 592 1347 retenti
610 1318 650 1347 et
669 1311 902 1362 interrogati
921 1311 971 1346 de
985 1310 1125 1346 diebus
1142 1310 1384 1356 epulationis
1404 1311 1572 1352 illorum,
1590 1318 1631 1347 et
1656 1322 1752 1347 num

255 1365 387 1400 adhuc
407 1365 456 1400 ad
484 1375 640 1400 mensas
662 1375 753 1399 cum
778 1363 897 1399 Petro
919 1370 960 1399 et
985 1374 1077 1398 cum
1101 1363 1227 1398 Paulo
1248 1363 1507 1404 comederint,
1530 1370 1570 1399 et
1591 1364 1624 1399 si
1646 1364 1754 1410 prius

255 1419 419 1458 exirent,
442 1418 530 1458 hoc,
552 1417 646 1463 quia
667 1418 854 1452 indecens
881 1422 953 1457 est,
973 1415 1151 1451 futurum
1179 1416 1256 1452 illis
1282 1417 1447 1462 pudori:
1481 1418 1551 1452 sed
1577 1417 1754 1464 plerique

256 1471 561 1516 respondebant,
581 1475 600 1489 ‘⁴
614 1470 869 1515 Explevimus
882 1469 1030 1515 gaudia
1048 1476 1195 1510 nostra,
1214 1469 1291 1504 cibi
1310 1468 1405 1504 fafti
1422 1477 1516 1505 sunt
1531 1469 1646 1505 nobis
1661 1469 1754 1506 insi-

256 1524 349 1569 pidi,
376 1534 422 1558 ac
454 1530 596 1569 gustus
620 1523 807 1564 torridus,
833 1522 988 1558 fastidit
1014 1523 1104 1558 illos
1131 1522 1373 1564 stomachus,
1401 1533 1481 1558 non
1511 1523 1754 1559 sustinemus

256 1577 378 1612 libare
390 1577 499 1618 illos3
521 1576 787 1622 protraxi-mus
800 1575 952 1622 aliquot
962 1576 1047 1611 dies
1060 1582 1101 1611 et
1115 1574 1254 1611 noctes
1269 1575 1308 1610 in
1320 1575 1474 1611 luxurie
1487 1575 1562 1616 illa,
1577 1575 1754 1622 impense

257 1641 443 1676 rogamus
461 1635 506 1664 ut
524 1629 797 1664 emittamur:”
823 1639 870 1664 ae
891 1628 1058 1670 dimissi,
1077 1628 1224 1664 anhelo
1241 1628 1384 1675 spiritu
1406 1635 1447 1664 et
1468 1628 1617 1673 festino
1635 1638 1753 1665 cursu

256 1682 495 1729 aufugerunt
513 1683 690 1718 domum.

329 1735 427 1771 Post
452 1735 551 1770 haec
576 1735 741 1781 angelus
758 1735 919 1770 vocavit
944 1734 1052 1770 viros
1070 1734 1259 1775 cohortis,
1277 1739 1319 1770 et
1344 1733 1383 1768 in
1410 1733 1475 1769 via
1499 1733 1638 1769 docuit
1664 1733 1753 1770 illos

257 1789 355 1823 haec
375 1789 425 1823 de
451 1789 585 1824 caelo:
617 1793 638 1806 “
653 1788 698 1823 In
720 1789 830 1823 caelo
852 1799 978 1834 aeque
999 1788 1104 1823 sicut
1130 1788 1169 1823 in
1189 1788 1340 1823 mundo
1357 1793 1451 1822 sunt
1467 1786 1546 1822 cibi
1564 1793 1605 1822 et
1622 1793 1752 1832 potus,

256 1848 350 1877 sunt
367 1841 671 1876 comissationes
696 1848 735 1876 et
756 1841 962 1883 convivia;
996 1847 1037 1876 et
1060 1841 1166 1886 apud
1193 1840 1385 1886 primores
1412 1839 1464 1874 ibi
1482 1846 1576 1875 sunt
1594 1849 1754 1875 mensae

256 1905 376 1939 super
387 1894 530 1940 quibus
543 1901 636 1929 sunt
649 1894 807 1940 opimae
822 1894 954 1940 dapes,
969 1894 1161 1940 cupediae
1179 1900 1219 1929 et
1236 1893 1425 1933 lautitiae,
1444 1892 1587 1938 quibus
1605 1892 1754 1927 exhila-

257 1954 394 1982 rantur
411 1953 451 1982 et
473 1954 703 1982 recreantur
723 1947 870 1989 animi;
905 1954 946 1983 et
971 1954 1066 1982 sunt
1086 1957 1246 1993 quoque
1267 1946 1350 1981 ludi
1371 1952 1412 1981 et
1437 1943 1685 1991 spectacula
1712 1951 1754 1980 et

256 2007 349 2036 sunt
365 2000 569 2035 musicalia
587 2007 627 2035 et
641 2000 815 2041 cantica;
842 2007 883 2036 et
900 2000 1036 2036 omnia
1054 2000 1119 2035 illa
1138 2000 1177 2034 in
1196 2010 1352 2035 summa
1369 1997 1634 2044 perfeffione:
1658 1997 1754 2032 talia

256 2059 350 2088 sunt
368 2053 444 2088 illis
465 2053 585 2088 etiam
610 2053 649 2087 in
671 2053 827 2099 gaudia,
845 2054 915 2089 sed
937 2064 1018 2088 non
1042 2053 1081 2088 in
1103 2052 1356 2093 felicitatem3
1382 2052 1480 2086 haec
1499 2050 1576 2086 erit
1597 2050 1636 2085 in
1657 2061 1753 2096 gau-

257 2105 343 2145 diis,
358 2112 398 2140 et
414 2106 506 2140 inde
518 2117 566 2141 ex
579 2106 755 2151 gaudiis:
777 2106 945 2142 felicitas
959 2106 997 2141 in
1012 2105 1169 2152 gaudiis
1183 2104 1278 2140 facit
1288 2111 1334 2140 ut
1344 2104 1489 2151 gaudia
1501 2103 1583 2139 sint
1595 2103 1752 2149 gaudia,

256 2158 410 2204 opimat
425 2159 499 2198 illa,
515 2166 555 2194 et
573 2166 772 2194 sustentat
790 2170 839 2194 ne
852 2159 1045 2195 vilescant
1059 2166 1100 2194 et
1117 2158 1395 2198 fastidiantur;
1416 2163 1456 2192 et
1474 2156 1572 2191 haec
1585 2155 1752 2191 felicitas

257 2218 318 2246 est
339 2211 465 2246 cuivis
491 2222 539 2246 ex
566 2223 639 2247 usu
667 2212 706 2246 in
733 2223 804 2248 sua
830 2211 1047 2248 fumftione.
1099 2212 1170 2247 Est
1190 2211 1323 2257 aliqua
1346 2221 1449 2246 vena
1474 2209 1514 2244 in
1540 2208 1752 2244 affefflone

259 2264 477 2299 voluntatis
499 2264 674 2310 cujusvis
696 2265 826 2311 angeli
847 2266 986 2305 latens,
1008 2276 1112 2311 quae
1137 2264 1304 2300 attrahit
1325 2270 1499 2298 mentem
1525 2262 1575 2297 ad
1602 2261 1751 2307 aliquid

256 2316 482 2352 faciendum
499 2329 506 2357 ;
529 2328 640 2352 mens
655 2329 724 2363 per
737 2318 814 2353 hoc
828 2318 1059 2364 tranquillat
1074 2329 1126 2358 se,
1142 2323 1182 2353 et
1195 2316 1389 2353 satisfacit
1402 2315 1475 2351 sibi
1490 2326 1499 2356 ς
1526 2315 1624 2350 11366
1637 2315 1754 2350 satis—

257 2368 377 2405 factio
396 2376 436 2404 et
454 2370 521 2404 illa
538 2370 804 2416 tranquillitas
823 2370 973 2406 faciunt
991 2377 1139 2406 statum
1159 2369 1303 2405 mentis
1318 2367 1587 2414 receptibilem
1604 2367 1753 2402 amoris

259 2433 353 2458 usus
371 2433 394 2457 a
414 2422 610 2464 Domin0;
636 2434 684 2458 ex
703 2424 933 2469 receptione
952 2424 1070 2470 hujus
1092 2429 1153 2459 est
1173 2422 1341 2458 felicitas
1358 2421 1551 2462 caelestis,
1569 2431 1670 2466 quae
1691 2427 1752 2456 est

257 2476 340 2510 vita
359 2475 514 2510 illorum
534 2476 782 2521 gaudiorum,
801 2487 902 2522 quae
921 2477 1029 2522 prius
1048 2482 1268 2511 memorata
1281 2481 1385 2510 sunt.
1435 2473 1556 2510 Cibus
1570 2473 1753 2509 caelestis

259 2528 298 2562 in
325 2539 396 2563 sua
421 2529 596 2576 essentia
621 2540 694 2564 nec
719 2529 826 2564 aliud
853 2536 913 2565 cst
938 2541 1056 2575 quam
1079 2539 1201 2570 amor,
1219 2527 1415 2574 sapientia
1439 2533 1479 2562 et
1507 2537 1602 2562 usus
1623 2526 1752 2567 simul,

259 2581 336 2616 hoc
361 2588 432 2621 est,
461 2592 556 2616 usus
584 2592 653 2627 per
679 2582 915 2627 sapientiam
942 2593 990 2618 ex
1015 2593 1171 2623 amore;
1207 2581 1464 2627 quamobrem
1490 2579 1686 2614 unicuivis
1713 2579 1751 2613 in

258 2634 368 2668 caelo
386 2634 504 2668 datur
521 2634 632 2669 cibus
654 2645 726 2679 pro
744 2645 909 2680 corpore
927 2635 1147 2670 secundum
1166 2644 1280 2669 usum
1303 2643 1421 2679 quem
1440 2638 1625 2678 praestat,
1643 2642 1753 2678 mag-

259 2686 399 2722 nificus
419 2686 494 2721 illis
513 2687 580 2732 qui
604 2687 643 2721 in
665 2687 867 2723 eminente
886 2699 958 2723 usu
978 2694 1082 2728 sunt,
1102 2687 1282 2722 modicus
1300 2686 1369 2721 sed
1391 2684 1576 2730 exquisiti
1598 2684 1753 2730 saporis

260 2739 336 2775 illis
362 2739 430 2785 qui
458 2739 495 2773 in
523 2739 643 2774 medii
662 2740 807 2785 gradus
825 2752 898 2776 usu
919 2747 1024 2782 sunt,
1042 2747 1084 2776 et
1099 2740 1190 2775 vilis
1209 2739 1284 2774 illis
1305 2738 1373 2784 qui
1399 2738 1439 2772 in
1463 2738 1532 2773 vili
1553 2748 1627 2773 usu
1645 2743 1751 2778 sunt,

259 2798 301 2827 at
319 2793 452 2827 nullus
470 2792 742 2827 socordibus.''

331 2852 376 2891 7.
413 2845 511 2879 Post
537 2845 634 2879 haec
659 2845 709 2879 ad
735 2856 778 2880 se
803 2845 964 2881 vocavit
983 2845 1192 2881 cohortem
1214 2843 1438 2890 sapientum
1467 2842 1522 2878 ita
1542 2841 1752 2884 dictorum,

260 2898 327 2944 qui
346 2898 491 2943 gaudia
507 2898 703 2938 caelestia,
718 2904 758 2932 et
776 2909 824 2932 ex
843 2898 904 2933 his
916 2898 1154 2934 ‘felicitatem
1169 2904 1382 2936 aeternam,
1398 2896 1436 2930 in
1455 2896 1752 2941 supereminen-

258 2951 365 2986 tibus
391 2950 590 2992 dominiis,
613 2960 659 2986 ac
684 2951 997 2997 opulentissimis
1022 2952 1140 2998 gazis,
1160 2951 1277 2997 inque
1310 2949 1538 2996 superregia
1569 2948 1752 2996 magnifi-
