2014 3386
299 334 381 388 ¹84
686 362 688 364 -
752 345 1004 380 'DELICIAE
1034 347 1339 383 SAPIENTIAE

293 459 544 513 sapientiae
572 459 734 511 lucem,
762 467 810 504 et
842 476 1022 517 quoque
1047 463 1242 505 facultas
1267 465 1478 508 elevandi
1500 467 1790 511 voluntatem

292 523 338 564 in
370 523 580 564 caelestis
611 525 775 566 amoris
807 525 1034 577 calorem;
1076 526 1162 568 hae
1195 528 1438 571 facultates
1471 531 1581 572 nulli
1618 531 1792 574 homini

292 586 578 628 auferuntur:
607 595 881 642 quapropter
896 602 1017 631 mere
1034 591 1252 632 naturalis
1269 592 1420 642 homo,
1435 595 1620 636 tametsi
1642 596 1792 649 quoad

292 651 705 703 concupiscentias,
733 652 966 704 appetitus
997 659 1044 694 et
1076 653 1256 695 illorum
1286 654 1499 708 jucunda,
1528 657 1685 699 similis
1717 665 1790 702 est

292 712 483 762 bestiae,
512 727 654 767 usque
680 714 792 755 vivit
824 720 930 767 post
957 721 1168 765 mortem,
1196 718 1278 758 sed
1313 718 1358 759 in
1394 725 1518 760 statu
1550 720 1791 763 anteactae

292 776 417 816 vitae
445 774 538 828 ejus
565 777 981 829 correspondente:
1029 792 1088 819 ex
1116 778 1190 819 'his
1222 787 1434 822 constare
1466 789 1637 835 potest,
1665 785 1790 838 quod

290 838 431 879 homo
458 839 707 879 secundum
733 838 959 892 dejectum
998 841 1165 882 amoris
1196 842 1465 896 conjugialis
1497 846 1691 887 accedat
1731 847 1790 888 ad

292 908 504 941 naturam
545 902 733 942 bestiae.
796 902 925 944 Haec
966 904 1177 945 videntur
1213 918 1346 957 posse
1387 908 1652 957 contradici,
1687 910 1792 962 quia

291 962 495 1004 defectus
528 971 575 1005 et
601 962 777 1017 jac‘tura
801 966 968 1007 amoris
1001 966 1282 1020 conjugialis,
1311 968 1478 1010 dantur
1513 971 1633 1023 apud
1669 971 1787 1021 illos,

293 1027 367 1080 qui
394 1033 549 1067 tamen
576 1027 785 1068 homines
811 1035 943 1069 sunt:
978 1030 1058 1070 sed
1086 1043 1216 1070 mens
1243 1037 1314 1071 est
1345 1031 1402 1072 de
1433 1031 1534 1081 illis,
1563 1033 1637 1087 qui
1663 1034 1790 1075 nihili

290 1089 463 1131 faciunt
489 1103 691 1131 amorem
715 1091 1019 1145 conjugialem
1057 1107 1117 1134 ex
1148 1106 1303 1135 amore
1329 1096 1615 1146 scortatorio,
1643 1103 1690 1139 et
1722 1098 1786 1139 sic

292 1153 338 1194 in
365 1151 544 1194 defectu
570 1159 616 1194 et
637 1151 814 1207 jactura
839 1154 934 1208 ejus
960 1161 1079 1197 sunt.

289 1287 413 1332 231.
456 1278 542 1320 His
564 1279 834 1332 adjicientur
859 1280 946 1322 tria
972 1280 1302 1324 Memorabilia.
1365 1283 1562 1326 Primum
1587 1284 1763 1328 hoc:—

297 1371 300 1374 ·
361 1360 576 1408 Quondam
603 1362 737 1397 audivi
757 1362 1076 1403 vociferationes,
1098 1374 1200 1409 quae
1226 1364 1329 1399 sicut
1355 1376 1425 1410 per
1448 1376 1570 1412 aquas
1591 1365 1791 1413 egurgita-

289 1414 388 1449 bant
412 1425 462 1450 ex
488 1414 645 1456 inferis;
679 1426 798 1450 unam
825 1416 875 1450 ad
902 1416 1117 1457 sinistrum,
1141 1416 1210 1452 “O
1236 1428 1355 1463 quam
1379 1418 1476 1464 justi
1490 1419 1522 1460 ;''
1548 1419 1712 1454 alteram
1738 1420 1789 1455 ad

290 1467 486 1508 dextrum,
502 1473 522 1486 “
535 1467 570 1504 O
585 1479 702 1514 quam
717 1469 862 1504 eruditi
877 1469 908 1510 ;''
931 1476 971 1505 et
985 1470 1144 1505 tertiam
1156 1481 1180 1505 a
1192 1477 1317 1517 tergo,
1334 1476 1354 1489 “
1365 1471 1401 1506 O
1416 1483 1540 1517 quam
1549 1472 1747 1518 sapientes
1759 1473 1790 1509 ε’·

291 1527 333 1557 et
357 1521 450 1566 quia
476 1521 617 1556 incidit
642 1521 682 1556 in
709 1521 996 1568 cogitationem
1016 1533 1156 1564 meam,
1179 1534 1274 1558 num
1301 1524 1422 1559 etiam
1454 1525 1493 1559 in
1526 1525 1680 1561 inferno
1709 1526 1790 1562 sint

287 1573 396 1620 justi,
415 1574 572 1614 eruditi,
592 1580 633 1609 et
650 1574 862 1620 sapientes,
882 1575 1082 1611 afficiebar
1100 1576 1300 1612 desiderio
1318 1577 1482 1612 videndi
1502 1589 1597 1613 num
1616 1579 1718 1615 tales
1736 1579 1790 1614 ibi

288 1633 382 1662 sunt
398 1638 405 1668 ;
432 1633 473 1662 et
490 1626 641 1662 dictum
660 1634 721 1663 est
739 1627 837 1662 mihi
855 1639 876 1663 e
894 1628 1018 1669 caelo,
1038 1628 1236 1665 “Videbis
1253 1636 1294 1665 et
1315 1630 1491 1666 audies.’'

363 1679 412 1714 Et
426 1679 529 1715 exivi
545 1681 668 1716 domo
687 1680 726 1715 in
741 1680 895 1726 spiritu,
911 1687 952 1716 et
964 1681 1047 1716 vidi
1062 1688 1154 1717 ante
1170 1693 1233 1717 me
1247 1689 1473 1728 aperturam
1488 1695 1496 1724 ;
1523 1683 1615 1719 illuc
1628 1684 1788 1726 accessi,

288 1737 329 1767 et
350 1733 524 1778 despexi,
540 1739 581 1768 et
599 1744 690 1768 ecce
704 1733 830 1774 scala;
857 1745 928 1779 per
942 1734 1044 1770 hanc
1056 1735 1264 1770 descendi:
1289 1743 1330 1771 et
1348 1747 1438 1771 cum
1458 1736 1559 1772 infra
1574 1747 1692 1778 eram,
1705 1737 1788 1772 vidi

288 1786 527 1832 campestria
540 1787 672 1822 obsita
689 1787 861 1822 arbustis
874 1798 964 1822 cum
980 1788 1219 1824 intermixtis
1234 1789 1358 1834 spinis
1372 1796 1413 1825 et
1430 1790 1568 1826 urticis
1581 1802 1590 1832 ;
1615 1797 1655 1826 et
1668 1801 1789 1836 quae-

287 1839 373 1879 sivi,
389 1850 485 1874 num
499 1839 565 1875 hic
579 1839 792 1876 infernum.
843 1840 1052 1882 Dixerunt,
1067 1842 1170 1877 “Est
1183 1849 1288 1877 terra
1306 1842 1479 1884 inferior,
1492 1855 1593 1890 quae
1607 1843 1787 1889 proxime

278 1887 408 1938 'supra
422 1892 620 1928 infernum
636 1893 732 1929 est.''
784 1894 835 1929 Et
848 1901 944 1929 tunc
959 1894 1113 1940 perrexi
1128 1896 1348 1931 secundum
1362 1896 1555 1932 clamores
1571 1897 1608 1932 in
1625 1897 1764 1933 ordine
1778 1909 1786 1939 ;

287 1942 338 1980 ad
360 1945 542 1991 primum,
562 1946 630 1982 “O
652 1958 770 1992 quam
791 1947 887 1993 justi
902 1947 933 1989 ;''
958 1954 999 1983 et
1019 1948 1102 1983 vidi
1124 1955 1283 1983 coetum
1309 1960 1357 1984 ex
1380 1949 1457 1984 illis
1477 1950 1544 1995 qui
1572 1949 1611 1984 in
1634 1951 1787 1986 mundo

288 1997 447 2033 fuerant
459 1998 614 2044 judices
629 1999 828 2035 amicitiae
842 2006 882 2035 et
897 2011 1126 2036 munerum:
1152 2001 1244 2036 dein
1258 2001 1308 2036 ad
1326 2002 1538 2037 clamorem
1554 2003 1786 2045 secundum,

288 2055 309 2069 ‘⁴
322 2050 358 2086 O
373 2061 491 2096 quam
507 2051 652 2086 eruditi
665 2052 699 2093 ;”
721 2059 761 2087 et
771 2053 853 2087 vidi
868 2059 1027 2088 coetum
1043 2064 1092 2088 ex
1107 2053 1181 2089 illis
1195 2054 1262 2100 qui
1279 2054 1317 2088 in
1334 2055 1482 2090 mundo
1497 2054 1653 2090 fuerant
1667 2056 1787 2092 ratio-

286 2103 505 2139 cinatores:
535 2111 576 2139 et
605 2105 655 2140 ad
684 2105 899 2141 clamorem
929 2106 1102 2147 tertium,
1126 2106 1194 2142 “O
1225 2118 1344 2152 quam
1375 2108 1584 2153 sapientes,
1589 2108 1609 2121 ''
1629 2115 1671 2144 et
1702 2109 1786 2145 vidi

287 2163 447 2192 coetum
466 2168 515 2192 ex
534 2157 610 2192 illis
632 2158 699 2203 qui
719 2158 758 2192 in
778 2159 929 2194 mundo
947 2158 1104 2194 fuerant
1121 2159 1432 2196 confirmatores.

359 2209 438 2245 Sed
453 2211 502 2245 ab
517 2210 579 2245 his
594 2211 736 2246 deflexi
751 2211 800 2246 ad
817 2211 1000 2257 primum,
1014 2212 1081 2247 ubi
1096 2213 1371 2258 erantjudices
1383 2213 1582 2249 amicitiae
1595 2220 1637 2250 et
1648 2225 1787 2250 mune·

287 2273 387 2304 rum,
402 2269 443 2298 et
457 2263 692 2309 proclamati
708 2263 827 2310 justi;
853 2271 893 2299 et
910 2264 993 2299 vidi
1011 2275 1034 2300 a
1047 2265 1169 2300 latere
1184 2265 1287 2300 sicut
1301 2266 1642 2311 amphitheatrum
1657 2275 1786 2303 struc-

286 2311 374 2351 tum
397 2327 446 2351 ex
467 2316 668 2357 lateribus,
687 2323 727 2352 et
748 2315 899 2352 tectum
920 2317 1064 2364 tegulis
1087 2317 1230 2364 nigris;
1256 2325 1297 2353 et
1319 2319 1525 2354 dicebatur
1547 2320 1656 2361 mihi,
1675 2313 1783 2367 quod

289 2368 386 2403 illud
404 2376 596 2404 vocarent
614 2370 816 2406 Tribunal.
869 2369 914 2405 In
937 2370 1032 2405 illud
1052 2372 1242 2416 patebant
1259 2378 1340 2407 tres
1357 2372 1489 2407 aditus
1510 2383 1533 2407 a
1553 2373 1677 2409 latere
1695 2384 1785 2420 sep-

288 2421 530 2462 tentrionali,
549 2429 589 2457 et
606 2429 686 2458 tres
704 2434 728 2458 a
744 2423 868 2459 latere
887 2423 1137 2463 occidentali,
1153 2424 1221 2459 sed
1241 2425 1338 2459 nulli
1356 2435 1380 2459 a
1397 2425 1519 2461 latere
1534 2426 1784 2462 meridionali

289 2482 330 2511 et
348 2475 533 2511 orientali
549 2488 556 2517 ;
579 2476 781 2518 indicium,
796 2477 904 2523 quod
921 2477 1071 2523 judicia
1086 2477 1242 2512 illorum
1255 2488 1335 2513 non
1355 2486 1488 2514 essent
1504 2479 1654 2525 judicia
1669 2480 1785 2526 justi-

286 2528 378 2568 tiae,
401 2529 470 2564 sed
491 2529 665 2566 arbitria.
718 2529 763 2565 In
791 2531 924 2565 medio
946 2530 1229 2576 amphitheatri
1249 2531 1357 2580 visus
1378 2539 1439 2567 est
1460 2531 1583 2573 focus,
1601 2533 1641 2567 in
1662 2543 1783 2579 quem

287 2581 459 2616 ministri
477 2581 624 2617 focales
644 2582 875 2628 injiciebant
886 2584 1023 2619 taedas
1035 2583 1288 2629 sulphuratas
1307 2591 1348 2619 et
1366 2584 1641 2626 bituminosas,
1655 2596 1678 2621 e
1695 2585 1784 2632 qui-

286 2634 360 2669 bus
378 2633 486 2670 luces
505 2634 544 2669 in
564 2635 734 2680 parietes
753 2635 994 2673 incrustatos
1012 2636 1212 2671 evibratae
1231 2636 1426 2672 sistebant
1445 2637 1636 2684 imagines
1654 2636 1783 2684 pictu-

285 2693 391 2722 ratas
412 2687 544 2722 avium
566 2698 756 2733 vesperae
777 2695 817 2724 et
839 2688 986 2730 ῃοξὶίες
1011 2689 1081 2725 sed
1103 2689 1216 2724 focus
1239 2689 1314 2730 ille,
1333 2697 1374 2725 et
1401 2690 1493 2726 inde
1514 2690 1783 2727 evibrationes

285 2739 384 2775 lucis
404 2739 441 2774 in
460 2739 607 2775 formas
623 2740 840 2787 imaginum
856 2741 1021 2782 illarum,
1033 2748 1145 2777 erant
1163 2744 1523 2787 representationes
1539 2743 1782 2790 judiciorum

286 2792 456 2833 illorum.
478 2794 587 2839 quod
614 2800 780 2839 possent
805 2805 868 2830 res
894 2795 1070 2841 cujusvis
1091 2795 1336 2841 quaestionis
1357 2796 1545 2833 coloratis
1566 2796 1667 2832 fucis
1693 2796 1781 2832 illu·

286 2845 447 2886 minare,
459 2853 500 2881 et
517 2845 573 2881 eis
592 2846 778 2882 inducere
793 2846 940 2883 formas
952 2848 1171 2883 secundum
1191 2847 1378 2884 favorem.
1431 2849 1528 2884 Post
1541 2849 1781 2885 semihoram

285 2898 368 2933 vidi
386 2910 501 2934 senes
520 2906 560 2934 et
579 2899 745 2945 juvenes
765 2899 804 2934 in
824 2900 1040 2946 praetextis
1061 2907 1102 2936 et
1124 2900 1253 2946 palliis
1272 2901 1477 2941 intrantes.
1496 2902 1563 2948 qui
1586 2902 1780 2948 depositis

286 2951 399 2997 pileis
414 2963 455 2987 se
470 2963 592 2997 super
602 2952 712 2987 soliis
723 2953 773 2987 ad
792 2947 949 2988 mensas
964 2953 1221 2999 reponebant,
1234 2954 1379 2988 sessuri
1393 2954 1561 3000 judicia;
1583 2966 1629 2990 ae
1646 2954 1780 2991 audivi

286 3010 327 3039 et
349 3004 505 3051 percepi
526 3016 646 3051 quam
668 3005 836 3041 solerter
852 3013 892 3041 et
914 3006 1118 3053 ingeniose
1138 3017 1187 3042 ex
1207 3005 1368 3052 aspeftu
1390 3007 1588 3044 amicitiae
1607 3007 1779 3044 declina-
