2014 3386
508 337 576 371 DE
607 335 788 371 AMORE
815 335 1243 379 CONJUGIAL1.—N.
1277 314 1368 380 169.
1620 336 1695 379 141

199 451 353 496 mariti
378 450 437 494 ab
467 451 684 493 uxoribus
714 456 940 492 vocantur
970 449 1290 498 necessitates,
1318 448 1423 503 quia
1453 447 1490 490 si
1521 448 1700 491 revela·

199 523 370 565 rentur,
390 515 703 557 abalienarent
721 514 912 554 maritos
933 527 959 554 a
982 519 1099 561 toro,
1123 527 1148 553 a
1172 512 1394 561 cubiculo,
1414 518 1461 553 et
1486 526 1512 553 a
1534 512 1699 563 domo;

196 580 315 622 ratio
340 585 426 628 est,
453 579 556 632 quia
569 577 808 631 ,plerisque
835 577 939 618 viris
964 576 1056 622 alte
1082 576 1249 616 insidet
1275 576 1416 628 frigus
1443 575 1702 628 conjugiale

197 657 259 684 ex
299 642 500 696 pluribus
537 641 700 689 causis,
734 654 850 694 quae
880 640 925 681 in
957 640 1109 693 capite
1147 639 1217 680 De
1251 638 1409 680 Causis
1442 639 1697 692 Frigorum‚

198 706 564 760 Separationum,
589 710 636 746 et
663 704 976 745 Divortiorum
999 703 1117 744 inter
1139 702 1383 756 conjuges,
1407 703 1667 756 aperientur
1687 717 1697 753 ;

199 769 286 811 hoc
309 769 464 822 frigus,
484 768 520 809 si
542 782 709 809 uxores
728 768 1003 820 detegerent
1025 764 1288 807 affectiones
1312 773 1358 806 et
1376 765 1700 807 inclinationes

198 833 480 880 maritorum,
508 846 533 873 e
560 830 764 872 latibulis
789 831 879 871 suis
905 835 1163 883 erumperet
1207 843 1258 870 ac
1291 829 1576 882 infrigeraret
1608 830 1698 883 pri-

199 908 323 936 mum
349 895 566 936 interiora
590 895 769 942 mentis,
794 894 898 935 dein
925 892 1097 947 pectus,
1122 898 1169 934 et
1195 892 1301 933 inde
1328 892 1490 933 ultima
1514 892 1696 941 amoris,

145 981 154 988 ·
198 972 315 1013 quae
351 959 638 1012 generationi
678 958 829 999 dicata
869 963 1003 1007 sunt;
1050 956 1211 1010 quibus
1255 955 1530 1008 infrigeratis
1570 968 1699 997 amor

197 1022 466 1075 conjugialis
489 1021 724 1063 exsularet
750 1021 796 1062 in
823 1026 1017 1069 tantum,
1042 1026 1092 1061 ut
1118 1033 1210 1060 non
1237 1019 1386 1073 aliqua
1413 1033 1517 1072 spes
1543 1020 1698 1061 amici-

198 1086 307 1134 tiae,
341 1084 664 1133 confidentiae,
698 1090 746 1126 et
777 1083 1073 1125 beatitudinis
1105 1082 1477 1131 cohabitationis,
1512 1088 1558 1124 et
1591 1083 1697 1124 inde

198 1148 432 1191 felicitatis
450 1149 586 1197 vitae,
606 1154 865 1201 superesset
883 1161 892 1198 ;
925 1160 1092 1188 uxores
1111 1152 1266 1187 tamen
1286 1145 1364 1186 illa
1382 1159 1462 1198 spe
1481 1147 1698 1187 continue

200 1211 443 1254 lactantur.
504 1211 696 1265 Aperire
714 1211 835 1265 quod
859 1211 1005 1252 sciant
1024 1207 1286 1250 affeffiones
1304 1215 1350 1250 et
1373 1209 1695 1251 inclinationes

200 1276 368 1317 amoris
394 1275 512 1329 apud
539 1275 742 1324 maritos,
766 1287 920 1315 secum
945 1273 1031 1314 fert
1054 1271 1415 1314 declarationem
1438 1279 1484 1314 et
1507 1272 1696 1326 evulga-

200 1339 374 1380 tionem
424 1338 590 1379 amoris
635 1337 841 1388 illarum;
887 1343 934 1378 et
975 1342 1136 1377 notum
1177 1342 1263 1384 est,
1306 1336 1427 1389 quod
1476 1342 1698 1389 quantum

199 1416 367 1443 uxores
393 1402 601 1455 aperiunt
624 1414 674 1442 os
700 1401 757 1442 de
780 1400 873 1450 illo,
898 1406 1079 1441 tantum
1102 1400 1183 1440 viri
1209 1399 1471 1452 frigescant,
1497 1405 1543 1440 et
1570 1400 1696 1452 cupi-

199 1472 282 1508 ant
323 1465 671 1519 separationem.
732 1464 808 1505 Ex
848 1463 918 1505 his
959 1469 1090 1517 patet
1131 1463 1300 1503 veritas
1341 1462 1470 1515 hujus
1502 1462 1696 1510 articuli,

199 1529 321 1583 quod
344 1542 523 1577 causae,
542 1534 730 1582 propter
747 1541 858 1581 quas
876 1540 1044 1568 uxores
1066 1526 1410 1579 perceptionem
1429 1539 1556 1566 suam
1574 1525 1695 1579 apud

199 1606 248 1634 se
270 1592 541 1640 recondunt,
566 1598 611 1632 et
636 1605 662 1632 a
688 1591 861 1632 maritis
887 1590 1191 1638 abscondunt,
1219 1590 1310 1630 sint
1336 1590 1653 1630 necessitates.

284 1657 416 1699 168.
459 1654 547 1710 (x.)
585 1654 713 1706 Quod
731 1653 956 1707 perceptio
976 1653 1082 1694 lzaec
1100 1652 1162 1694 sit
1186 1652 1409 1706 sapientia
1430 1652 1585 1693 uxoris
1600 1666 1621 1700 ,·
1656 1657 1699 1692 et

199 1720 320 1773 quod
343 1719 449 1760 haec
478 1733 562 1759 non
593 1718 758 1759 dabilis
789 1717 852 1759 sit
880 1717 1006 1770 apud
1030 1716 1194 1766 virum,
1227 1730 1301 1756 nec
1329 1715 1449 1769 quod
1473 1714 1696 1768 sapientia

198 1781 438 1824 rationalis
465 1782 561 1824 viri
586 1781 752 1823 dabilis
782 1781 845 1822 sit
873 1780 1000 1833 apud
1023 1778 1379 1820 uxorem—Hoc
1408 1779 1611 1832 sequitur
1636 1792 1697 1819 ex

199 1846 458 1887 discrimine
481 1846 602 1899 quod
625 1851 696 1886 est
723 1845 842 1885 inter
864 1843 1163 1884 masculinum
1187 1848 1234 1883 et
1256 1841 1519 1882 femininum
1538 1855 1546 1882 :
1575 1855 1697 1882 mas-

199 1909 398 1950 culinum
424 1916 495 1951 est
528 1923 587 1950 ex
618 1906 853 1950 intellectu
886 1908 1131 1961 percipere,
1159 1913 1206 1947 et
1237 1906 1499 1947 femininum
1532 1911 1603 1946 est
1635 1919 1696 1946 ex

199 1985 382 2024 amore;
414 1986 466 2014 ac
494 1970 757 2014 intellthus
789 1972 930 2012 etiarn
963 1970 1155 2024 percipit
1186 1968 1263 2010 illa
1289 1982 1404 2022 quae
1437 1982 1569 2022 supra
1596 1981 1696 2009 cor-

199 2049 296 2090 pus,
321 2042 367 2078 et
393 2042 528 2077 extra
550 2035 767 2076 mundum
791 2041 912 2083 sunt,
936 2035 1058 2074 visus
1084 2033 1205 2073 enim
1231 2031 1466 2073 rationalis
1493 2037 1541 2072 et
1568 2032 1695 2084 spiri-

199 2088 337 2140 tualis
363 2099 467 2140 illuc
495 2099 649 2150 vadit;
682 2105 729 2140 at
755 2111 882 2139 amor
904 2111 995 2138 non
1022 2096 1142 2138 ultra
1166 2096 1211 2136 id
1237 2095 1358 2149 quod
1386 2095 1556 2145 sentit;
1589 2094 1696 2135 dum

200 2162 336 2211 ultra,
363 2162 450 2204 hoc
479 2162 621 2204 trahit
648 2176 708 2203 ex
734 2159 1053 2214 conjunfflone
1086 2173 1188 2201 cum
1215 2156 1453 2199 intellectu
1478 2158 1559 2198 viri
1586 2171 1696 2198 con-

200 2225 406 2267 stabilita
437 2239 463 2267 a
494 2226 754 2276 creatione;
787 2222 1046 2265 intellectus
1078 2223 1197 2264 enim
1230 2228 1301 2263 est
1335 2221 1460 2269 lucis,
1489 2227 1536 2262 et
1568 2234 1697 2261 amor

200 2295 271 2330 est
290 2289 467 2338 caloris,
487 2295 534 2330 et
557 2288 635 2330 illa
651 2302 766 2342 quae
784 2287 896 2329 lucis
914 2293 1035 2336 sunt,
1056 2285 1400 2340 perspiciuntur,
1421 2290 1467 2325 et
1485 2283 1562 2324 illa
1580 2297 1695 2337 quae

200 2352 364 2394 caloris
404 2359 525 2402 sunt,
567 2353 839 2394 sentiuntur.
920 2350 996 2391 Ex
1041 2349 1111 2391 his
1152 2355 1296 2403 patet,
1339 2347 1462 2401 quod
1507 2353 1697 2401 propter

201 2415 454 2457 universale
485 2415 728 2456 discrimen
754 2413 874 2468 quod
906 2419 978 2454 est
1010 2413 1128 2454 inter
1154 2410 1455 2453 masculinum
1488 2417 1535 2451 et
1566 2410 1694 2451 femi-

202 2479 370 2528 ninum,
403 2479 627 2533 sapientia
661 2478 815 2519 uxoris
847 2490 938 2518 non
971 2476 1134 2518 dabilis
1171 2476 1232 2516 sit
1267 2475 1386 2528 apud
1419 2474 1577 2522 virum,
1611 2486 1694 2514 nec

201 2542 428 2595 sapientia
467 2542 548 2583 viri
589 2541 707 2595 apud
749 2553 966 2582 uxorem:
1002 2539 1227 2593 sapientia
1266 2537 1449 2578 moralis
1489 2536 1569 2577 viri
1611 2549 1694 2576 nec

201 2604 365 2646 dabilis
387 2611 458 2646 est
484 2605 603 2659 apud
627 2604 832 2653 seminas,
860 2609 1080 2658 quantum
1111 2601 1190 2643 illa
1216 2601 1357 2642 trahit
1386 2614 1445 2641 ex
1471 2599 1696 2653 sapientia

201 2668 414 2709 rationali
440 2667 547 2721 ejus.

286 2732 422 2784 169.
455 2730 558 2786 (xi.)
595 2731 724 2782 Quod
743 2745 857 2772 uxor
861 2728 1043 2784 jugiter
1058 2728 1217 2782 cogitet
1232 2727 1285 2768 de
1304 2725 1584 2768 inclinatione
1604 2723 1700 2765 viri
1741 2771 1744 2774 γ

202 2793 268 2838 ad
282 2808 341 2844 se,
365 2794 512 2836 animo
531 2794 826 2850 conjungendi
846 2794 937 2835 sibi
957 2791 1287 2834 illum—Haec
1315 2790 1564 2832 cohaerent
1591 2799 1694 2828 cum

204 2871 339 2911 supra
374 2858 635 2911 explicatis,
668 2858 755 2907 his,
788 2857 908 2911 quod
948 2855 1186 2897 inclinatio
1226 2854 1283 2895 ad
1324 2852 1570 2894 uniendum
1610 2849 1694 2890 sibi

203 2921 348 2963 virum
373 2921 432 2962 sit
458 2926 677 2962 constans
708 2926 755 2962 et
787 2925 1008 2973 perpetua
1033 2918 1153 2971 apud
1185 2929 1392 2964 uxorem,
1421 2914 1500 2955 sed
1533 2914 1691 2954 incon-

205 2988 336 3025 stans
374 2988 421 3026 et
462 2982 639 3026 alterna
679 2983 798 3038 apud
838 2983 996 3032 virum,
1038 2994 1152 3035 quae
1192 2979 1432 3021 videantur
1448 2991 1458 3029 ;
1505 2989 1565 3018 ex
1605 2974 1692 3016 illis
