2014 3386
536 337 606 371 DE
636 334 817 369 AMORE
849 331 1332 367 SCORTATORIO.—N.
1357 334 1455 375 499.
1578 332 1591 344 χ
1665 323 1742 375 381

244 452 445 496 calorem
468 450 597 500 caeli,
617 451 683 492 ita
703 448 903 491 vicissim
925 459 1054 488 amor
1074 445 1286 487 adulterii
1308 445 1509 487 occludit
1531 445 1750 487 interiora

245 517 430 566 mentis,
459 522 506 557 et
532 515 678 568 ipsam
705 518 910 555 mentem
936 509 1087 565 quoad
1112 509 1401 551 voluntatem
1428 509 1522 563 ejus
1544 510 1750 552 detrudit

245 581 291 622 in
322 593 486 633 corpus
517 591 658 632 usque
697 577 743 618 in
775 576 929 618 omnia
964 574 1208 627 concupita
1234 574 1381 614 carnis
1413 573 1533 627 ejus;
1580 579 1628 615 et
1659 587 1750 629 quo

245 643 526 700 profundiuS,
554 655 610 683 eo
636 639 737 694 plus
761 638 964 680 detrahit
990 644 1037 679 et
1063 637 1255 690 elongat
1283 636 1407 678 illam
1432 651 1455 678 e
1483 636 1627 678 caelo.

329 707 468 762 498.
502 703 654 760 (xvii).
691 703 819 754 Quod
844 715 980 756 usque
999 700 1311 742 rationalitate
1335 700 1532 742 humana
1549 700 1751 754 polleant

244 771 358 814 sicut
387 768 681 822 aliz‘.—Quod
712 767 852 808 homo
878 765 1112 814 naturalis,
1142 764 1378 813 sensualis,
1407 771 1455 806 et
1487 778 1747 818 corporeus,

245 848 388 888 aeque
411 832 648 874 rationalis
670 829 820 885 quoad
843 827 1127 870 intellectum
1153 829 1213 870 sit
1235 829 1353 870 sicut
1375 828 1515 870 homo
1537 829 1749 882 spiritua-

246 898 315 947 lis,
339 898 707 939 demonstratum
730 893 839 934 mihi
861 899 932 934 est
959 907 1019 934 ex
1042 893 1215 934 satanis
1240 899 1288 934 et
1314 893 1508 933 diabolis
1535 907 1595 934 ex
1617 893 1751 933 venia

245 961 593 1014 assurgentibus
619 972 678 999 ex
705 957 892 1006 inferno,
918 963 965 998 et
992 955 1360 1010 colloquentibus
1388 969 1489 997 cum
1516 956 1749 1010 spiritibus

246 1025 468 1079 angelicis
494 1025 538 1065 in
566 1021 736 1062 mundo
758 1021 1008 1073 spirituum,
1033 1020 1089 1061 de
1116 1019 1276 1074 quibus
1299 1020 1467 1073 passim
1499 1020 1543 1060 in
1571 1020 1749 1062 Memo-

245 1089 462 1131 rabilibus
483 1101 492 1138 ;
526 1085 606 1127 sed
633 1085 737 1138 quia
762 1097 890 1124 amor
915 1083 1168 1125 voluntatis
1193 1083 1303 1124 facit
1328 1083 1578 1133 hominem,
1603 1090 1651 1125 et
1676 1084 1749 1125 hic

219 1155 222 1158 ’
247 1152 389 1194 trahit
416 1148 702 1192 intellectum
729 1148 772 1188 in
800 1161 1089 1196 consensum,
1109 1147 1212 1188 ideo
1239 1146 1358 1188 tales
1385 1161 1474 1188 non
1501 1148 1749 1189 rationales

246 1221 368 1264 sunt,
396 1214 481 1255 nisi
511 1225 646 1267 quam
678 1212 722 1252 in
755 1217 879 1252 statu
905 1218 1084 1252 remoto
1115 1210 1173 1251 ab
1203 1223 1357 1251 amore
1384 1210 1664 1263 voluntatis;
1702 1218 1749 1252 at

247 1279 354 1320 dum
377 1279 421 1320 in
444 1278 563 1319 hunc
587 1287 790 1317 amorem
808 1275 971 1315 iterum
990 1274 1195 1323 redeunt,
1216 1274 1447 1316 insaniunt
1470 1274 1594 1328 pejus
1614 1288 1749 1329 quam

246 1341 381 1384 ferae.
442 1340 588 1394 Atqui
633 1339 773 1380 homo
813 1338 909 1379 sine
949 1338 1171 1379 facultate
1210 1337 1423 1379 elevandi
1463 1337 1749 1380 intelleftum

247 1419 383 1459 supra
399 1416 602 1445 amorem
618 1400 884 1450 voluntatis,
905 1415 995 1443 non
1018 1402 1134 1443 foret
1157 1401 1295 1442 homo
1313 1402 1393 1443 sed
1416 1402 1579 1451 bestia,
1599 1402 1751 1444 bestia

248 1470 370 1511 enim
390 1467 609 1509 facultate
627 1466 705 1507 illa
728 1478 818 1506 non
837 1465 1008 1518 gaudet
1029 1479 1039 1516 ;
1066 1472 1404 1519 consequenter
1422 1479 1504 1507 nec
1524 1467 1750 1520 potuisset

249 1533 417 1586 eligere
437 1531 690 1585 quicquam,
707 1536 754 1571 et
777 1544 836 1570 ex
854 1528 1078 1570 electione
1095 1529 1242 1570 facere
1260 1529 1381 1583 quod
1405 1530 1574 1570 bonum
1597 1536 1683 1579 est,
1703 1537 1751 1571 et

249 1596 311 1636 sic
344 1607 436 1636 non
468 1594 693 1647 potuisset
719 1593 965 1642 reformari,
994 1599 1042 1634 et
1073 1592 1175 1634 duci
1207 1592 1265 1633 ad
1298 1592 1491 1642 caelum,
1519 1600 1566 1634 et
1597 1593 1750 1634 vivere

248 1659 294 1700 in
319 1665 571 1700 aeternum.
633 1656 817 1698 Exinde
850 1663 935 1706 est,
964 1656 1085 1710 quod
1116 1656 1311 1697 adulteri
1342 1670 1402 1697 ex
1434 1657 1671 1710 proposito
1703 1664 1751 1698 et

250 1721 536 1771 confirmato,
565 1721 752 1762 tametsi
775 1734 897 1762 mere
923 1719 1170 1770 naturales,
1194 1720 1442 1769 sensuales,
1470 1727 1517 1762 et
1544 1721 1749 1773 corporei

249 1791 371 1834 sunt,
405 1799 544 1839 usque
585 1784 695 1825 dote
736 1783 1025 1836 intelligendi
1066 1797 1146 1824 seu
1185 1783 1500 1825 rationalitate
1541 1783 1750 1838 polleant

250 1849 366 1890 sicut
397 1848 500 1899 alii3
543 1848 625 1889 sed
658 1860 759 1888 cum
801 1848 845 1888 in
886 1847 1070 1890 libidine
1096 1846 1308 1888 adulterii
1338 1853 1459 1897 sunt,
1487 1854 1534 1888 et
1573 1861 1633 1888 ex
1673 1847 1752 1889 illa

250 1912 307 1953 de
333 1911 411 1953 illa
436 1912 646 1965 cogitant
678 1918 725 1952 et
758 1910 1018 1965 loquuntur,
1047 1924 1137 1951 non
1169 1910 1485 1952 rationalitate
1517 1911 1606 1952 ista
1636 1924 1750 1964 gau-

251 1975 393 2026 dent;
435 1990 572 2017 causa
602 1982 688 2024 est,
716 1975 819 2029 quia
850 1981 958 2016 tunc
990 1988 1096 2016 caro
1122 1975 1220 2027 agit
1252 1975 1297 2016 in
1328 1975 1549 2028 spiritum,
1578 1981 1626 2016 et
1658 1989 1750 2016 non

251 2039 435 2092 spiritus
480 2040 523 2080 in
565 2052 763 2080 carnem.
825 2038 893 2080 At
934 2039 1169 2080 sciendum
1200 2044 1285 2086 est,
1318 2039 1440 2092 quod
1479 2039 1525 2079 hi
1561 2039 1750 2080 tandem

251 2110 356 2156 post
384 2110 580 2144 mortem
607 2102 718 2144 fiant
745 2102 944 2157 stupidi;
978 2116 1069 2143 non
1096 2102 1217 2156 quod
1245 2101 1332 2143 illis
1354 2102 1583 2144 auferatur
1608 2102 1749 2143 facul-

251 2172 324 2208 tas
350 2167 569 2220 sapiendi,
595 2167 676 2208 sed
702 2166 823 2221 quod
846 2179 937 2207 non
964 2165 1108 2207 velint
1134 2179 1308 2219 sapere,
1333 2166 1547 2220 quoniam
1569 2166 1750 2220 sapien-

252 2230 317 2272 tia
341 2229 603 2283 injucundat
630 2230 746 2272 illos.

336 2304 479 2348 499.
513 2292 680 2348 (xviii.)
715 2293 809 2335 Sed
833 2293 953 2347 quod
978 2292 1287 2335 rationalitate
1319 2292 1401 2334 illa
1432 2299 1618 2334 utantur
1646 2293 1751 2335 dum

251 2357 298 2399 in
333 2356 532 2398 externis
563 2363 680 2405 sunt,
714 2355 797 2398 sed
821 2357 1069 2398 abutantur
1097 2357 1202 2398 dum
1233 2356 1278 2397 in
1309 2356 1404 2397 suis
1435 2356 1751 2398 z‘nternzlce-In

252 2420 460 2463 externis
500 2426 621 2469 sunt,
649 2420 757 2460 dum
799 2419 1046 2474 loquuntur
1076 2420 1182 2461 foris
1223 2426 1270 2461 et
1311 2420 1356 2460 in
1397 2426 1546 2468 coetu,
1573 2420 1618 2460 in
1659 2421 1752 2461 suis

252 2484 443 2526 internis
474 2490 628 2524 autem
661 2497 763 2524 cum
795 2478 919 2524 domi
959 2490 1037 2525 aut
1078 2496 1245 2534 secum.
1306 2483 1529 2536 Experire
1575 2483 1613 2523 si
1654 2483 1749 2534 vis;

253 2547 400 2590 adduc
423 2546 620 2600 aliquem
642 2546 798 2596 talem,
823 2554 872 2588 ut
899 2560 980 2600 pro
1002 2546 1233 2599 exemplo,
1258 2546 1485 2600 quendam
1508 2559 1567 2586 ex
1592 2546 1750 2587 ordine

253 2617 469 2652 vocatum
492 2609 729 2663 Jesuitam,
758 2617 804 2652 et
830 2610 899 2652 sac
926 2617 976 2652 ut
1007 2610 1064 2651 de
1091 2610 1206 2659 Deo,
1234 2609 1290 2650 de
1317 2607 1486 2650 sanctis
1512 2608 1749 2657 ecclesiae,

254 2674 403 2727 deque
435 2673 564 2715 caelo
596 2679 643 2715 et
674 2673 862 2723 inferno,
891 2673 1106 2728 loquatur
1136 2673 1182 2714 in
1215 2679 1366 2722 coetu,
1393 2678 1472 2714 aut
1503 2672 1669 2713 doceat
1706 2672 1750 2712 in

254 2737 444 2792 templo,
487 2743 534 2779 et
575 2737 730 2778 audies
770 2737 895 2779 illum
936 2737 1035 2791 plus
1071 2737 1343 2778 rationalem
1385 2736 1582 2784 zeloten,
1615 2749 1750 2789 quam

254 2801 514 2855 quempiam
539 2799 707 2851 alium;
744 2799 861 2842 sorte
886 2802 1026 2842 etiam
1054 2806 1101 2841 te
1133 2799 1190 2841 ad
1222 2800 1421 2853 gemitus
1447 2805 1494 2840 et
1526 2798 1751 2851 lacrymas

256 2878 338 2918 pro
364 2864 512 2906 salute
538 2864 722 2917 adiget:
755 2865 836 2906 sed
862 2878 1042 2906 assume
1069 2863 1194 2905 illum
1220 2864 1265 2905 in
1291 2864 1476 2905 domum
1499 2869 1640 2910 tuam,
1667 2875 1751 2903 ex-

255 2927 371 2970 tolle
407 2927 534 2969 illum
571 2940 706 2981 supra
736 2928 933 2977 ordines,
967 2941 1082 2969 voca
1113 2927 1239 2968 illum
1271 2933 1450 2980 patrem
1482 2925 1750 2978 sapientiae,

256 2997 303 3033 et
334 2991 403 3033 sac
435 2998 482 3033 te
514 2991 723 3042 amicum,
752 3005 891 3045 usque
918 2991 1025 3033 dum
1051 2991 1196 3044 aperit
1224 3004 1301 3032 cor
1326 3002 1470 3040 suum,
1498 2995 1545 3031 et
1578 2988 1750 3039 audies,
