2014 3386
333 331 421 371 280
797 340 1037 374 DELICIAE
1072 340 1375 376 SAPIENTIAE

331 455 397 496 tio
428 460 499 496 est
532 454 781 496 secundum
812 456 1108 511 religionem;
1150 458 1263 501 haec
1294 461 1647 504 communicatio
1677 462 1825 512 datur,

332 518 413 559 sed
439 532 531 559 non
556 518 787 561 caelorum
813 520 932 562 inter
957 535 1019 562 se.

328 640 463 685 353·
495 627 581 672 His
607 631 816 685 adjiciam
838 633 928 675 duo
955 633 1282 676 Memorabilia.
1345 636 1538 679 Primum
1564 637 1651 680 hoc
1668 651 1741 679 :—

404 715 619 763 Quondam
639 717 694 752 fui
718 718 756 752 in
780 719 913 754 medio
934 719 1178 766 angelorum,
1200 726 1241 756 et
1260 721 1393 757 audivi
1414 733 1636 759 sermonem
1660 724 1831 760 illorum.

332 768 472 805 Sermo
494 777 578 805 erat
597 771 646 806 de
669 771 933 818 intelligentia
952 779 994 808 et
1019 773 1231 818 sapientia:
1261 775 1370 820 quod
1393 775 1515 811 homo
1536 787 1615 812 non
1639 777 1830 824 percipiat

331 822 455 871 aliter,
473 834 593 869 quam
612 825 719 870 quod
739 832 906 871 utraque
925 825 976 860 sit
995 825 1034 860 in
1053 837 1116 867 se;
1138 833 1179 861 et
1200 826 1257 862 sic
1275 828 1383 873 quod
1401 829 1591 875 quicquid
1609 830 1762 877 cogitat
1780 841 1831 866 ex

333 874 538 911 intellectu
561 883 601 911 et
622 877 795 912 intendit
816 889 865 913 ex
885 879 1104 919 voluntate,
1126 879 1180 914 sit
1205 890 1254 915 ex
1275 891 1337 920 se;
1367 892 1457 916 cum
1475 888 1609 918 tamen
1631 894 1682 921 ne
1702 883 1830 918 hilum

331 928 419 974 ejus
438 939 488 963 ex
509 929 673 965 homine
691 937 763 971 est,
783 937 1060 977 praeterquam
1083 931 1252 968 facultas
1270 933 1486 979 recipiendi
1510 935 1576 970 illa
1592 947 1693 982 quae
1713 936 1829 972 intel·

331 980 460 1017 lectus
480 988 521 1017 et
542 983 761 1019 voluntatis
778 990 882 1025 sunt,
900 995 924 1020 a
946 984 1055 1026 De0;
1081 992 1122 1020 et
1142 985 1236 1031 quia
1255 987 1386 1022 omnis
1405 987 1527 1023 homo
1548 999 1596 1023 ex
1618 988 1829 1025 nativitate

333 1034 498 1070 inclinat
516 1036 565 1070 ad
585 1037 801 1071 amandum
819 1048 873 1077 se,
889 1048 938 1073 ne
956 1037 1079 1073 homo
1097 1049 1147 1073 ex
1163 1049 1298 1074 amore
1316 1039 1388 1080 sui,
1404 1046 1444 1075 et
1461 1051 1510 1075 ex
1527 1040 1630 1076 fastu
1647 1042 1830 1088 propriae

333 1087 620 1134 intelligentiae
639 1096 784 1135 pereat,
796 1101 820 1125 a
837 1090 1040 1126 creatione
1053 1091 1256 1137 provisum
1274 1099 1345 1133 est,
1358 1099 1403 1127 ut
1421 1093 1486 1128 ille
1503 1104 1615 1129 amor
1629 1095 1703 1130 viri
1721 1102 1830 1130 tran—

331 1141 502 1186 scriptus
519 1142 572 1177 sit
590 1142 630 1176 in
649 1154 824 1183 uxorem,
843 1150 884 1178 et
903 1143 997 1179 huic
1017 1154 1041 1179 a
1061 1144 1271 1180 nativitate
1289 1145 1569 1192 implantatum
1590 1147 1643 1183 sit
1659 1154 1705 1183 ut
1724 1156 1836 1184 amet>

332 1194 638 1241 intelligentiam
660 1202 700 1230 et
721 1196 958 1242 sapientiam
980 1197 1040 1232 sui
1062 1197 1147 1237 viri,
1166 1204 1207 1233 et
1228 1198 1284 1233 sic
1304 1199 1455 1240 virum;
1480 1210 1601 1245 quare
1619 1211 1720 1236 uxor
1735 1211 1832 1236 con-

332 1247 443 1282 tinue
460 1248 626 1283 attrahit
643 1248 790 1284 fastum
810 1250 991 1295 propriae
1011 1250 1299 1297 intelligentiae
1313 1252 1374 1287 sui
1391 1252 1464 1287 viri
1483 1253 1532 1287 ad
1551 1264 1604 1293 se,
1622 1263 1668 1289 ac
1681 1255 1831 1290 exstin-

330 1301 418 1347 guit
437 1301 547 1335 illum
563 1301 668 1347 apud
684 1302 805 1342 illurn,
819 1309 860 1338 et
876 1302 1053 1341 vivificat
1068 1303 1177 1339 illum
1192 1305 1298 1350 apud
1318 1316 1372 1345 se,
1386 1312 1428 1340 et
1445 1305 1502 1341 sic
1519 1306 1641 1342 vertit
1660 1306 1770 1342 illurn
1789 1307 1830 1343 in

330 1364 510 1389 amorem
529 1354 808 1400 conjugialem,
824 1366 869 1390 ac
889 1355 1029 1402 implet
1047 1357 1159 1392 illum
1177 1358 1488 1394 amoenitatibus
1506 1370 1626 1405 supra
1643 1360 1807 1395 modum
1822 1370 1831 1396 t

332 1407 409 1442 hoc
424 1408 626 1453 provisum
641 1415 701 1443 est
719 1419 742 1443 a
758 1406 945 1450 Domino,
959 1420 1008 1445 ne
1022 1409 1149 1446 fastus
1164 1412 1346 1456 propriae
1362 1412 1648 1458 intelligentiae
1663 1412 1832 1449 infatuet

331 1460 460 1495 virum
483 1472 608 1507 usque
629 1462 731 1497 adeo
749 1469 794 1497 ut
819 1463 956 1498 credat
980 1474 1022 1499 se
1043 1464 1264 1510 intelligere
1286 1471 1327 1499 et
1349 1475 1487 1510 sapere
1504 1477 1553 1501 ex
1573 1477 1626 1507 se,
1645 1473 1686 1502 et
1706 1477 1787 1502 non
1808 1477 1833 1502 a

334 1513 521 1554 Domino,
537 1521 578 1549 et
596 1514 652 1550 sic
669 1515 766 1550 velit
780 1516 899 1551 edere
913 1527 962 1551 ex
979 1517 1120 1552 arbore
1135 1517 1324 1553 scientiae
1336 1518 1431 1553 boni
1445 1526 1487 1554 et
1505 1519 1608 1559 mali,
1623 1525 1665 1554 et
1683 1519 1776 1555 inde
1789 1530 1832 1555 se

331 1567 491 1602 credere
510 1567 680 1602 similem
701 1568 799 1609 Deo,
820 1575 860 1604 et
880 1580 1039 1615 quoque
1060 1569 1201 1610 Deum,
1220 1571 1324 1606 sicut
1342 1577 1514 1617 serpens,
1532 1572 1599 1618 qui
1617 1579 1703 1608 erat
1720 1583 1833 1608 amor

333 1619 514 1665 propriae
529 1620 826 1667 intelligentiae,
839 1622 940 1657 dixit
952 1629 992 1657 et
1003 1623 1198 1668 persuasit
1210 1635 1217 1664 ;
1236 1635 1357 1669 quare
1368 1624 1490 1659 homo
1502 1631 1592 1670 post
1602 1636 1713 1660 esum
1727 1626 1831 1672 ejec—

331 1680 396 1708 tus
407 1680 467 1708 est
478 1684 500 1708 e
515 1674 709 1719 paradiso,
720 1681 761 1710 et
773 1686 843 1720 per
851 1675 1070 1710 cherubum
1083 1676 1287 1712 custodita
1297 1683 1358 1712 est
1370 1677 1435 1712 via
1448 1678 1495 1712 ad
1509 1678 1691 1713 arborem
1704 1678 1812 1714 vitae
1823 1679 1837 1714 τ’

333 1727 537 1771 paradisus
556 1727 814 1773 spiritualiter
831 1735 892 1763 est
911 1728 1198 1775 intelligentia:
1222 1730 1340 1765 edere
1359 1741 1407 1765 ex
1425 1731 1565 1766 arbore
1582 1731 1690 1766 vitae
1716 1731 1832 1778 spiri·

331 1779 494 1815 tualiter
510 1786 572 1815 est
591 1780 811 1826 intelligere
829 1788 869 1817 et
888 1792 1027 1827 sapere
1044 1793 1094 1818 ex
1113 1782 1308 1823 Domino:
1334 1794 1380 1818 ac
1397 1784 1515 1819 edere
1533 1795 1582 1819 ex
1599 1785 1739 1820 arbore
1755 1785 1832 1820 sci—

332 1832 465 1867 entiae
483 1833 578 1868 boni
597 1839 637 1868 et
655 1834 749 1868 mali
768 1834 1029 1879 spiritualiter
1045 1842 1106 1870 est
1124 1835 1347 1882 intelligere
1365 1843 1407 1871 et
1424 1847 1562 1882 sapere
1579 1847 1628 1872 ex
1645 1847 1700 1873 se.

400 1893 518 1932 354.
546 1886 692 1932 Angeli
728 1887 807 1922 hoc
837 1898 1019 1923 sermone
1049 1888 1164 1924 finito
1192 1889 1411 1929 abiverunt,
1442 1897 1483 1925 et
1519 1897 1715 1925 venerunt
1748 1891 1836 1931 bini,

332 1939 563 1974 sacerdotes
584 1950 664 1974 una
685 1950 775 1974 cum
794 1940 882 1975 viro
902 1941 970 1986 qui
993 1941 1033 1975 in
1055 1942 1207 1977 mundo
1226 1941 1354 1977 fuerat
1375 1942 1530 1989 legatus
1550 1942 1673 1989 regni,
1692 1949 1733 1978 et
1754 1943 1831 1978 illis

333 1991 449 2026 retuli
468 2002 570 2036 quae
588 1992 820 2027 audiveram
839 2004 888 2028 ex
906 1994 1071 2039 angelis.

403 2042 558 2090 Quibus
576 2044 736 2085 auditis,
756 2053 975 2091 coeperunt
994 2046 1098 2081 inter
1118 2057 1160 2082 se
1182 2046 1406 2092 disceptare
1428 2047 1477 2083 de
1500 2047 1769 2094 intelligentia
1787 2057 1829 2084 et

333 2096 539 2142 sapientia,
562 2104 602 2132 et
624 2098 716 2132 inde
739 2099 960 2143 prudentia.
984 2110 1078 2133 num
1101 2099 1182 2135 sint
1202 2111 1225 2135 a
1252 2099 1349 2140 Deo,
1371 2101 1433 2135 vel
1456 2112 1549 2135 num
1571 2102 1621 2136 ab
1647 2101 1832 2137 homine:

333 2150 478 2185 ardens
498 2157 583 2185 erat
605 2151 868 2196 disceptati0;
902 2158 985 2187 tres
1013 2152 1068 2187 illi
1094 2153 1215 2188 corde
1236 2153 1492 2188 crediderunt
1510 2154 1704 2195 similiter,
1722 2156 1832 2200 quod

333 2203 414 2238 sint
434 2203 484 2238 ab
505 2203 668 2239 homine
687 2204 781 2250 quia
801 2205 840 2239 in
862 2204 1035 2244 homine,
1053 2212 1094 2240 et
1120 2206 1228 2251 quod
1256 2206 1340 2251 ipsa
1362 2207 1564 2252 perceptio
1589 2214 1631 2242 et
1655 2208 1835 2248 sensatio

333 2257 441 2302 quod
462 2256 518 2291 ita
538 2257 601 2296 sit,
622 2257 660 2291 id
683 2257 931 2293 confirment.
983 2257 1062 2293 Sed
1084 2259 1321 2298 sacerdotes,
1339 2259 1406 2305 qui
1428 2266 1525 2295 tunc
1550 2267 1664 2296 erant
1686 2261 1725 2296 in
1746 2262 1832 2297 zelo

332 2309 575 2355 theologico,
595 2310 792 2351 dicebant,
814 2311 922 2356 quod
950 2311 1050 2345 nihil
1078 2311 1364 2358 intelligentiae
1390 2319 1431 2347 et
1457 2313 1685 2358 sapientiae,
1708 2321 1749 2349 et
1774 2311 1832 2350 sic

334 2362 432 2397 nihil
452 2363 699 2408 prudentiae,
718 2363 771 2398 sit
791 2364 840 2398 ab
862 2363 1043 2404 homine;
1069 2370 1110 2398 at
1127 2374 1217 2398 cum
1237 2364 1391 2411 legatus
1411 2367 1626 2411 regerebat,
1644 2367 1753 2413 quod
1775 2367 1831 2403 sic

335 2426 409 2451 nec
427 2415 577 2461 aliquid
597 2416 865 2462 cogitationis,
884 2416 1071 2452 dicebant
1089 2417 1197 2463 quod
1219 2428 1299 2452 non
1318 2418 1482 2463 aliquid.

406 2468 462 2503 At
480 2469 573 2514 quia
591 2476 822 2514 perceptum
841 2476 901 2504 est
920 2470 959 2504 in
971 2470 1082 2505 caelo
1099 2470 1207 2515 quod
1226 2477 1307 2505 tres
1326 2471 1381 2505 illi
1402 2472 1441 2506 in
1459 2471 1577 2507 simili
1593 2472 1670 2508 fide
1686 2480 1831 2513 essent.

334 2520 487 2556 dictum
506 2528 568 2557 est
586 2522 719 2567 legato
738 2522 861 2568 regni,
882 2527 902 2541 “
919 2522 1044 2558 Indue
1062 2530 1192 2558 vestes
1210 2524 1440 2565 sacerdotis,
1453 2531 1493 2559 et
1511 2525 1628 2560 crede
1646 2531 1686 2561 te
1704 2536 1832 2562 sacer-

335 2575 474 2609 dotem
505 2585 602 2615 esse,
625 2582 666 2610 et
694 2581 791 2610 tunc
817 2576 1023 2621 loquere;''
1056 2586 1104 2611 ac
1133 2576 1263 2610 induit
1292 2584 1333 2611 et
1362 2578 1554 2619 credidit:
1579 2585 1620 2613 et
1638 2584 1735 2613 tunc
1752 2579 1831 2614 alte

334 2628 493 2662 locutus
510 2634 571 2662 est
589 2628 695 2673 quod
716 2629 814 2663 nihil
834 2628 1120 2675 intelligentiae
1141 2635 1182 2664 et
1200 2630 1429 2674 sapientiae,
1449 2637 1489 2666 et
1508 2630 1599 2666 inde
1618 2631 1715 2666 nihil
1741 2642 1831 2678 pru-

334 2680 508 2720 dentiae,
524 2691 691 2726 usquam
711 2681 794 2715 dari
814 2682 941 2727 possit
959 2682 1033 2717 nisi
1051 2693 1074 2716 a
1098 2681 1194 2721 Deo,
1208 2693 1255 2716 ac
1276 2690 1392 2718 sueto
1407 2684 1568 2729 eloquio
1585 2684 1831 2730 argumentis

335 2733 595 2768 rationalibus
616 2734 734 2778 pleno
753 2734 791 2770 id
818 2733 1120 2770 demonstravit.
1172 2734 1377 2771 Peculiare
1395 2743 1456 2771 est
1482 2736 1521 2771 in
1548 2737 1699 2772 mundo
1717 2737 1832 2782 spiri·

335 2785 444 2826 mali,
471 2787 580 2832 quod
611 2786 775 2831 spiritus
804 2787 955 2833 cogitet
984 2798 1028 2822 se
1056 2787 1175 2823 talem
1207 2798 1305 2828 esse,
1326 2789 1454 2834 qualis
1484 2800 1602 2835 super
1631 2789 1740 2824 illum
1770 2797 1832 2825 est

336 2839 479 2880 vestis:
505 2850 624 2875 causa
638 2846 709 2880 est.
729 2839 823 2884 quia
842 2838 1067 2875 intelleftus
1084 2840 1205 2875 vestit
1225 2842 1533 2887 unumquemvis
1552 2842 1616 2878 ibi.

409 2891 556 2927 Postea
573 2902 594 2927 e
612 2892 723 2927 caelo
741 2892 846 2927 binis
864 2893 940 2928 illis
958 2892 1232 2928 sacerdotibus
1250 2893 1370 2928 etiam
1390 2893 1541 2929 dictum
1559 2901 1631 2935 est,
1652 2899 1672 2913 ‘¹
1687 2894 1830 2930 Exuite

334 2951 466 2980 vestes
483 2951 648 2985 vestras,
667 2955 712 2980 ac
727 2945 881 2980 induite
899 2940 1032 2981 vestes
1051 2945 1323 2980 ministrorum
1344 2947 1608 2992 politicorum,
1623 2953 1663 2982 et
1680 2948 1831 2983 credite

335 2998 443 3045 quod
462 2998 517 3033 illi
536 2997 623 3033 sitis
638 2998 671 3040 ;’'
687 3008 733 3033 ac
748 2998 926 3034 fecerunt
944 2998 1010 3039 ita,
1027 3004 1069 3034 et
1085 3004 1182 3034 tunc
1199 2997 1316 3034 simul
1333 2996 1612 3046 cogitaverunt
1628 3012 1677 3038 ex
1691 3001 1825 3038 interi—
