2014 3386
578 352 645 385 DE
677 351 858 384 AMORE
890 349 1316 394 CONJUGIALI.—N.
1342 351 1411 393 40.
1720 351 1769 396 35

273 481 332 509 ex
363 465 441 508 illa
471 465 655 521 spiritus
686 465 963 515 faustitates‚
996 470 1043 507 et
1075 464 1158 506 has
1194 466 1386 520 percipit
1418 465 1515 507 dari
1547 479 1648 508 cum
1680 481 1770 509 una

274 544 431 580 uxore,
458 542 561 571 cum
587 543 674 583 qua
699 535 922 584 perpetuo
953 529 1054 583 plus
1080 535 1127 571 et
1160 530 1261 584 plus
1292 529 1507 584 conjungi
1539 533 1695 584 potest
1727 532 1771 572 in

273 607 450 646 unum3,
479 599 527 635 et
563 607 652 648 quo
691 593 792 648 plus
832 594 898 634 ita
938 592 1243 647 conjungitur,
1278 594 1471 648 percipit
1509 594 1771 635 faustitates

271 671 376 698 suas
411 658 457 698 in
494 657 628 698 simili
665 657 811 710 gradu
851 657 1170 706 ascendentes,
1208 662 1255 698 et
1290 656 1373 698 has
1413 663 1685 698 constantes
1726 659 1770 706 in

273 726 538 772 aeternum;
571 726 620 761 at
644 720 864 761 naturalis
886 721 1025 762 homo
1047 720 1133 761 hoc
1158 734 1250 761 non
1269 721 1463 773 cogitat.
1514 720 1627 762 Inde
1650 734 1769 762 nunc

271 789 343 825 est
382 784 505 838 quod
546 784 739 832 dicatur,
782 784 904 837 quod
943 797 1070 825 amor
1111 783 1380 837 conjugialis
1419 790 1527 838 post
1572 791 1770 825 mortem

271 854 456 888 maneat
496 847 615 901 apud
652 846 756 888 illos
798 848 871 901 qui
910 847 955 888 in
992 846 1170 888 caelum
1206 848 1409 898 veniunt,
1443 847 1518 902 qui
1558 853 1665 889 sunt
1697 848 1771 901 qui

269 909 527 964 spirituales
553 910 599 951 in
621 911 753 951 terris
779 909 907 952 fiunt.

353 983 452 1027 39.
492 972 574 1027 (v.)
607 973 731 1014 Haec
747 974 877 1027 plene
895 973 1156 1029 confirmata
1180 980 1267 1028 per
1285 973 1770 1028 Autopsz‘am.—Quod

268 1036 409 1077 homo
430 1037 556 1078 vivat
583 1037 722 1078 homo
745 1043 849 1090 post
873 1044 1085 1088 mortem,
1110 1044 1157 1079 et
1180 1038 1301 1092 quod
1324 1044 1432 1079 tunc
1456 1038 1683 1079 masculus
1710 1039 1769 1079 sit

269 1099 512 1149 masculus,
554 1113 606 1141 ac
646 1100 814 1141 femina
853 1100 1034 1150 femina,
1077 1101 1289 1155 quodque
1330 1114 1459 1142 amor
1503 1115 1608 1142 suus
1649 1102 1769 1156 apud

269 1175 634 1216 unumquemque
666 1169 866 1212 maneat,
895 1177 947 1204 ac
975 1164 1096 1218 quod
1128 1164 1440 1219 principaliter
1470 1178 1598 1206 amor
1630 1179 1768 1206 sexus

269 1232 317 1267 et
343 1239 471 1267 amor
496 1226 780 1280 conjugialis,
805 1225 1027 1268 hac'tenus
1049 1241 1129 1281 per
1152 1228 1263 1269 talia
1286 1242 1403 1283 quae
1428 1234 1534 1270 sunt
1556 1228 1768 1270 intellec·
1843 1284 1845 1286 Ι

269 1295 357 1338 tus,
391 1295 438 1330 et
470 1297 695 1331 vocantur
725 1290 982 1339 rationalia,
1016 1290 1285 1333 confirmare
1323 1292 1500 1346 sategi;
1545 1292 1626 1333 sed
1664 1293 1768 1346 quia

268 1352 407 1394 homo
449 1353 507 1394 ab
548 1353 739 1395 infantia
780 1368 839 1395 ex
883 1355 1147 1408 parentibus
1193 1362 1240 1397 et
1284 1356 1532 1409 magistris,
1572 1362 1618 1397 et
1661 1356 1766 1396 dein

269 1430 329 1457 ex
361 1416 549 1458 eruditis
581 1423 628 1458 et
660 1416 836 1458 clericis
869 1418 1074 1472 captavit
1108 1418 1244 1460 fidem
1277 1419 1398 1473 quod
1436 1433 1529 1460 non
1567 1417 1766 1460 victurus

267 1480 407 1521 homo
429 1486 534 1534 post
557 1486 767 1530 mortem,
788 1494 922 1534 quam
946 1488 1052 1535 post
1075 1482 1196 1523 diem
1219 1482 1367 1524 ultimi
1384 1483 1551 1536 judicii,
1575 1484 1619 1524 in
1643 1482 1766 1536 cujus

268 1542 620 1598 exspectatione
654 1558 772 1586 nunc
811 1559 891 1599 per
930 1559 1014 1586 sex
1054 1546 1197 1587 millia
1231 1561 1452 1588 annorum
1489 1547 1684 1594 fuerunt,
1718 1553 1766 1588 et

268 1609 371 1662 quia
402 1608 553 1662 plures
584 1608 839 1650 retulerunt
871 1608 958 1650 hoc
991 1610 1112 1650 inter
1143 1609 1222 1651 illa
1250 1624 1365 1664 quae
1397 1611 1628 1664 captanda
1659 1618 1766 1652 sunt

267 1670 355 1712 fide
381 1678 427 1712 et
454 1684 546 1712 non
578 1670 828 1722 intellectu,
858 1686 1095 1714 necessum
1127 1673 1224 1723 fuit,
1253 1680 1302 1715 ut
1328 1675 1467 1715 etiam
1494 1675 1654 1715 eadem
1687 1688 1768 1728 per

267 1734 545 1775 documenta
581 1736 822 1789 autopsica
854 1735 1258 1788 confirmarentur3
1304 1737 1472 1791 alioqui
1503 1737 1656 1787 homo,
1690 1738 1765 1792 qui

267 1798 406 1839 modo
442 1798 587 1839 credit
629 1799 851 1848 sensibus,
885 1813 945 1840 ex
981 1799 1069 1841 fide
1110 1801 1330 1854 impressa
1369 1800 1567 1842 dicturus
1599 1808 1684 1850 est,
1719 1801 1766 1843 Si

265 1861 473 1903 homines
499 1867 604 1915 post
627 1868 822 1903 mortem
849 1863 1057 1904 viverent
1084 1863 1306 1912 homines,
1335 1865 1536 1906 viderem
1564 1871 1616 1906 et*
1637 1866 1764 1906 audi-

265 1938 361 1966 rem
393 1925 524 1976 illos;
565 1931 677 1974 tum,
719 1924 830 1978 Quis
863 1926 1102 1968 descendit
1137 1941 1162 1968 e
1199 1928 1343 1977 caelo,
1378 1934 1425 1970 et
1463 1929 1671 1970 ascendit
1703 1943 1763 1969 ex

265 1988 454 2037 inferno,
474 1995 521 2030 et
544 1989 776 2030 narravit?
828 1988 918 2030 Sed
937 1991 1040 2044 quia
1064 2004 1153 2031 non
1177 1990 1271 2032 fieri
1298 1993 1465 2045 potuit,
1486 2005 1569 2033 nec
1592 1997 1762 2046 potest,

265 2058 315 2093 ut
355 2051 513 2106 aliquis
554 2051 745 2105 angelus
786 2053 902 2094 caeli
947 2054 1214 2103 descendat,
1257 2061 1337 2096 aut
1377 2055 1539 2109 aliquis
1579 2056 1763 2108 spiritus

265 2114 424 2156 inferni
450 2116 685 2164 ascendat,
711 2129 762 2157 ac
790 2115 1001 2170 loquatur
1023 2130 1126 2158 cum
1152 2117 1304 2172 aliquo
1326 2117 1525 2168 homine,
1550 2119 1635 2159 nisi
1661 2131 1763 2159 cum

263 2178 352 2218 illis
375 2191 563 2232 quorum
586 2179 800 2220 interiora
822 2180 1005 2228 mentis,
1026 2194 1142 2234 quae
1165 2187 1270 2222 sunt
1293 2181 1491 2235 spiritus,
1515 2195 1540 2222 a
1563 2182 1764 2223 Domino

265 2247 427 2294 aperta
449 2248 582 2292 sunt;
616 2248 663 2283 et
686 2241 773 2283 hoc
797 2256 888 2283 non
911 2242 1005 2284 fieri
1032 2250 1189 2297 potest
1212 2244 1270 2284 ad
1296 2244 1496 2298 plenum,
1521 2245 1604 2286 nisi
1626 2258 1762 2299 quam

264 2304 384 2358 apud
415 2304 519 2345 illos
545 2306 619 2358 qui
650 2319 676 2346 a
708 2305 907 2347 Domino
939 2307 996 2347 ad
1029 2307 1339 2361 recipiendum
1371 2307 1463 2357 illa,
1492 2322 1606 2362 quae
1633 2310 1762 2363 spiri—

264 2367 400 2408 tualis
426 2369 679 2422 sapientiae
706 2375 826 2417 sunt,
855 2371 1114 2424 praeparati
1141 2377 1277 2422 sunt;
1310 2385 1448 2425 quare
1475 2371 1561 2412 hoc
1590 2371 1762 2426 placuit

265 2429 464 2472 Domino
496 2445 689 2480 mecum,
723 2432 783 2473 ob
814 2432 964 2482 finem,
999 2447 1056 2474 ne
1088 2440 1238 2475 status
1269 2435 1386 2475 caeli
1417 2441 1464 2476 et
1501 2435 1674 2484 inferni,
1708 2450 1760 2477 ac

265 2499 410 2535 status
435 2496 559 2536 vitae
585 2495 819 2536 hominum
852 2503 957 2550 post
984 2504 1195 2546 mortem,
1224 2499 1488 2548 nesciretur,
1517 2505 1563 2540 et
1588 2500 1760 2553 sopire-

265 2562 338 2597 tur
363 2558 407 2598 in
433 2558 707 2611 ignorantia,
732 2573 784 2600 ac
813 2560 1002 2601 tandem
1026 2561 1291 2613 sepeliretur
1312 2562 1357 2602 in
1381 2563 1641 2615 negatione.
1692 2562 1761 2604 At

265 2619 543 2663 documenta
573 2623 811 2676 autopsica
842 2624 898 2664 de
931 2623 1199 2678 supradictis
1239 2632 1428 2679 propter
1468 2627 1646 2679 copiam
1687 2626 1760 2667 hic

266 2695 356 2723 non
388 2692 582 2737 possunt
608 2686 799 2737 adduci;
832 2686 912 2727 sed
939 2686 1137 2728 adducta
1164 2694 1270 2729 sunt
1302 2689 1346 2729 in
1374 2703 1511 2742 opere
1535 2689 1604 2729 De
1631 2688 1763 2730 Caelo

265 2750 307 2784 et
326 2745 538 2798 Inferno,·
569 2761 621 2789 ac
648 2749 814 2790 deinde
846 2750 890 2790 in
920 2749 1258 2792 Contz'nuatz'one
1282 2751 1336 2792 de
1363 2751 1533 2793 stffundo
1559 2751 1760 2804 Spiritu-

266 2806 359 2855 alz',·
391 2822 442 2850 ac
470 2817 632 2863 postea
654 2812 697 2852 in
720 2811 998 2866 Apocalypsi
1014 2813 1261 2862 Revelata,·
1290 2820 1338 2855 at
1359 2814 1403 2855 in
1427 2815 1579 2868 specie
1605 2814 1676 2855 hic
1703 2814 1760 2855 de

268 2868 512 2925 Conjugiis‚
545 2874 590 2914 in
622 2874 1010 2925 Memorabilibus‚
1039 2890 1154 2930 quae
1190 2884 1296 2931 post
1328 2877 1640 2931 paragraphos
1680 2891 1761 2919 seu

267 2933 419 2986 capita
443 2934 571 2988 hujus
598 2939 746 2991 operis
772 2946 1034 2992 sequuntur.

349 3004 449 3049 40.
492 2997 589 3053 (vi.)
627 2998 950 3054 Consequenter
969 3001 1090 3055 quod
1118 2996 1338 3057 Conjugid
1359 3003 1452 3045 sint
1485 3002 1530 3044 in
1557 3001 1758 3045 Caelo.—
