2014 3386
310 352 394 396 390
750 351 1079 387 VOLUPTATES
1110 353 1357 388 INSANIAE

307 464 536 507 residuum
563 464 635 506 sit.
696 464 772 506 Ex
807 465 877 507 his
908 466 1049 507 videri
1075 473 1246 519 potest,
1274 467 1396 522 quod
1428 472 1542 512 haec
1574 469 1714 513 libido
1745 472 1804 514 sit

308 529 595 570 internecina
634 529 777 570 amori
817 529 1088 583 conjugiali3
1137 537 1184 572 et
1230 532 1333 585 quia
1374 545 1502 574 amor
1541 533 1806 589 conjugialis

309 592 417 633 facit
455 592 665 633 intimum
691 593 814 634 vitae
855 594 973 646 apud
999 593 1246 643 hominem,
1274 595 1396 649 quod
1436 597 1495 639 sit
1525 597 1808 640 internecina

309 655 428 696 illius
450 655 573 696 vitae
593 669 602 706 ;
635 661 683 696 et
706 656 827 710 quod
850 656 990 698 libido
1011 657 1091 698 illa
1114 670 1193 710 per
1214 659 1495 701 successivas
1509 661 1807 715 interceptio·

309 732 390 759 nes
431 724 478 760 et
519 718 804 760 occlusiones
829 720 1094 761 interiorum
1121 721 1289 763 mentis
1314 723 1504 764 tandem
1530 722 1608 765 fiat
1634 725 1807 767 cuticu-

309 782 428 831 laris,
453 788 500 823 et
541 782 603 823 sic
636 795 758 823 mere
783 783 1054 824 illecebrosa
1069 797 1079 835 ;
1111 791 1380 828 remanente
1406 791 1562 828 tamen
1587 787 1808 831 facultate

309 845 598 899 intelligendi
624 859 703 887 seu
729 847 1055 888 rationalitate.

394 919 526 963 510.
560 908 658 963 (iv.)
696 909 825 960 Quod
843 910 1024 951 illorum
1058 924 1160 952 sors
1188 916 1297 964 post
1319 918 1502 954 mortem
1530 912 1593 954 sit
1626 913 1806 962 misera,

311 972 518 1026 quoniam
543 971 637 1012 illis
662 972 781 1014 vitae
804 973 1009 1014 intimum
1034 986 1117 1014 non
1137 974 1565 1016 est.—-Praestantia
1591 976 1714 1018 vitae
1735 983 1807 1018 est

311 1036 470 1089 cuique
516 1036 767 1077 secundum
809 1049 1012 1078 amorem
1057 1036 1151 1090 ejus
1201 1036 1522 1091 conjugialem,
1565 1039 1644 1080 illa
1688 1041 1809 1082 enim

311 1098 548 1152 conjungit
584 1113 633 1140 se
674 1112 776 1140 cum
809 1100 906 1141 vita
946 1101 1115 1150 uxoris,
1149 1106 1197 1142 et
1238 1114 1319 1154 per
1355 1100 1723 1154 conjunctionem
1760 1117 1810 1144 se

310 1163 492 1204 exaltat
510 1177 519 1214 ;
567 1169 616 1204 at
648 1163 752 1216 quia
783 1164 903 1221 apud
934 1164 1019 1205 hos
1050 1177 1108 1206 ne
1138 1164 1281 1206 hilum
1313 1171 1522 1219 superest
1557 1180 1618 1207 ex
1654 1179 1809 1209 amore

311 1226 570 1280 conjugiaH,
598 1233 646 1268 et
677 1227 782 1267 inde
814 1240 897 1268 nec
930 1227 1099 1281 aliquid
1130 1242 1190 1269 ex
1221 1228 1384 1269 intimo
1409 1229 1549 1277 vitae,
1577 1229 1682 1271 ideo
1711 1243 1809 1271 sors

309 1289 491 1331 illorum
518 1295 624 1343 post
651 1296 846 1331 mortem
874 1291 1039 1331 misera
1063 1295 1146 1332 est.
1208 1290 1270 1331 Hi
1295 1297 1401 1344 post
1424 1290 1638 1333 exactam
1660 1293 1809 1346 perio·

310 1353 417 1394 dum
449 1354 669 1407 temporis
701 1354 746 1394 in
778 1354 982 1394 externis
1019 1355 1127 1403 suis,
1155 1354 1200 1395 in
1232 1355 1393 1408 quibus
1425 1356 1710 1397 rationaliter
1740 1356 1808 1398 lo-

310 1422 508 1470 quuntur
533 1423 580 1458 et
607 1417 803 1458 civiliter
828 1423 988 1470 agunt,
1011 1417 1322 1459 immittuntur
1347 1419 1392 1459 in
1418 1411 1599 1460 interna
1624 1433 1729 1471 sua3
1762 1426 1810 1462 et

311 1488 418 1522 tunc
446 1482 491 1522 in
513 1480 709 1521 similem
733 1480 967 1522 libidinem
990 1487 1038 1522 et
1061 1480 1154 1534 ejus
1171 1480 1370 1534 jucunda
1395 1482 1440 1522 in
1463 1483 1626 1523 eodem
1650 1483 1808 1536 gradu,

311 1545 357 1585 in
389 1558 478 1598 quo
510 1542 639 1597 1¹]ejus
670 1544 848 1586 fuerunt
890 1545 935 1585 in
967 1545 1165 1595 mundo;
1212 1546 1517 1599 unusquisque
1549 1547 1670 1587 enim
1702 1553 1808 1600 post

311 1615 507 1648 mortem
534 1608 856 1648 intromittitur
886 1608 932 1648 in
964 1608 1161 1649 eundem
1193 1614 1367 1649 statum
1395 1609 1532 1658 vitae,
1561 1622 1695 1662 quem
1727 1609 1812 1650 sibi

311 1673 699 1726 appropriaverat,
728 1677 915 1725 propter
940 1684 1125 1713 causam
1167 1678 1216 1713 ut
1253 1672 1359 1713 inde
1396 1672 1677 1724 abducatur;
1719 1685 1811 1714 non

310 1736 431 1776 enim
465 1742 617 1789 potest
644 1735 804 1789 aliquis
830 1735 993 1776 abduci
1025 1749 1051 1776 a
1082 1749 1164 1776 suo
1190 1735 1326 1784 malo,
1355 1735 1439 1776 nisi
1470 1736 1591 1788 prius
1622 1736 1667 1776 in
1697 1735 1810 1777 illud

310 1797 520 1840 inductus
547 1798 707 1848 fuerit;
740 1798 907 1852 alioqui
933 1798 1103 1839 malum
1130 1799 1402 1840 reconderet
1434 1812 1497 1847 se,
1526 1805 1573 1839 et
1604 1799 1811 1852 inquina-

310 1868 380 1903 ret
406 1863 625 1903 interiora
647 1862 830 1911 mentis,
850 1868 897 1903 et
925 1863 1043 1903 sicut
1071 1862 1212 1914 pestis
1239 1875 1288 1902 se
1314 1861 1603 1911 diffunderet,
1629 1869 1675 1902 et
1702 1861 1807 1902 dein

311 1931 542 1978 rumperet
574 1924 809 1978 repagula,
838 1938 890 1965 ac
923 1925 1209 1979 disperderet
1235 1931 1432 1966 externa
1463 1938 1578 1977 quae
1609 1925 1812 1978 corporis

312 1995 433 2029 sunt.
496 1989 685 2042 Propter
711 1989 830 2029 hunc
857 1988 993 2029 finem
1020 1989 1284 2042 aperiuntur
1309 1987 1399 2028 illis
1424 2001 1615 2041 ganeae,
1644 2001 1760 2041 quae
1785 2001 1812 2028 a

312 2053 458 2094 latere
496 2053 657 2093 inferni
696 2058 817 2101 sunt,
852 2052 926 2092 ubi
966 2058 1134 2101 scorta,
1170 2064 1272 2092 cum
1314 2051 1473 2105 quibus
1514 2051 1650 2092 datur
1680 2051 1814 2105 copia

311 2116 516 2157 variandi
535 2129 638 2156 suas
657 2115 868 2156 libidines
886 2129 896 2166 ;
930 2116 1011 2156 sed
1034 2115 1121 2156 hoc
1141 2115 1410 2155 conceditur
1431 2115 1475 2155 in
1495 2115 1566 2155 die
1586 2127 1688 2155 cum
1706 2128 1809 2163 una,

312 2186 360 2220 et
383 2179 467 2220 sub
489 2192 636 2232 poena
653 2179 937 2219 interdicitur
954 2191 1056 2219 cum
1075 2178 1277 2232 pluribus
1295 2177 1458 2218 eodem
1477 2178 1564 2219 die.
1626 2178 1809 2227 Postea,

313 2243 420 2283 dum
452 2242 683 2295 explorati
716 2248 836 2291 sunt,
869 2242 989 2296 quod
1027 2241 1169 2282 libido
1209 2241 1288 2282 illa
1327 2247 1510 2282 tantum
1541 2242 1812 2295 ingenerata

313 2307 372 2347 sit
410 2312 460 2347 ut
501 2319 592 2346 non
624 2312 794 2360 queant
839 2306 897 2346 ab
927 2304 1006 2346 illa
1037 2304 1216 2352 abduci,
1250 2304 1453 2345 feruntur
1483 2304 1540 2344 ad
1579 2304 1808 2358 quendam

313 2370 464 2410 locum
491 2371 564 2423 qui
591 2370 799 2422 proxime
826 2375 897 2409 est
929 2381 1063 2421 supra
1089 2367 1310 2408 infernum
1338 2368 1427 2408 illis
1454 2368 1736 2416 addicatum‚
1761 2373 1808 2409 et

312 2439 421 2474 tunc
446 2439 668 2486 apparent
695 2433 779 2474 sibi
801 2432 917 2473 sicut
944 2431 1113 2472 cadant
1139 2431 1183 2471 in
1209 2431 1470 2484 deliquium,
1496 2437 1542 2472 et
1569 2430 1668 2471 aliis
1690 2430 1809 2472 sicut

313 2496 553 2537 subsidant
581 2497 743 2550 supino
768 2495 926 2546 vultu;
958 2501 1006 2536 et
1033 2508 1211 2549 quoque
1237 2492 1478 2535 actualiter
1504 2495 1703 2548 aperitur
1734 2507 1808 2534 so-

313 2558 406 2599 lum
439 2559 522 2600 sub
553 2559 699 2600 dorsis
731 2559 926 2607 illorum,
961 2564 1007 2599 et
1048 2558 1367 2607 absorbentur,
1401 2564 1448 2599 et
1485 2557 1735 2598 illabuntur
1765 2556 1810 2597 in

313 2622 535 2663 infernum
558 2623 631 2663 ubi
654 2623 853 2674 similes;
886 2623 951 2664 ita
969 2621 1249 2674 colliguntur
1274 2622 1331 2662 ad
1359 2635 1482 2663 suos,
1543 2620 1714 2661 Datum
1738 2626 1810 2661 est

314 2685 423 2726 mihi
448 2685 551 2727 illos
582 2686 642 2726 ibi
673 2686 841 2735 videre,
869 2691 916 2727 et
949 2698 1128 2739 quoque
1160 2698 1261 2726 cum
1288 2685 1377 2725 illis
1404 2684 1541 2738 loqui.
1602 2683 1729 2724 Inter
1760 2696 1809 2724 se

247 2779 249 2782 -
314 2755 539 2802 apparent
565 2741 682 2791 sicut
708 2749 932 2798 homines,
959 2749 1080 2803 quod
1106 2748 1241 2789 datur
1266 2748 1355 2789 illis
1382 2761 1438 2789 ne
1466 2747 1691 2788 consociis
1717 2752 1810 2787 ter-

314 2813 403 2854 rori
430 2813 547 2864 sint;
582 2813 663 2854 sed
689 2813 746 2854 ad
777 2813 1007 2867 quandam
1033 2812 1303 2853 distantiam
1325 2812 1408 2852 visi
1435 2817 1540 2852 sunt
1568 2810 1681 2851 facie
1706 2809 1811 2850 alba

316 2883 564 2918 constante
596 2878 712 2919 sicut
744 2891 803 2918 ex
835 2876 935 2918 sola
965 2882 1086 2925 cute,
1115 2882 1161 2916 et
1193 2875 1279 2916 hoc
1312 2876 1415 2929 quia
1447 2887 1537 2915 non
1570 2874 1659 2914 illis
1691 2874 1811 2914 inest

315 2941 410 2981 vita
449 2941 710 2994 spiritualis,
743 2954 858 2993 quae
898 2940 1039 2981 cuivis
1079 2945 1151 2980 est
1191 2939 1442 2980 secundum
1474 2936 1731 2990 conjugiale
1771 2937 1811 2977 ei

316 3004 514 3046 insitum.
577 3004 783 3059 Loquela
800 3003 978 3045 illorum
1001 3009 1073 3045 est
1092 3004 1225 3053 sicca,
1246 3003 1417 3044 torrida
1435 3007 1480 3043 et
1502 3001 1670 3042 tristis:
1704 3000 1811 3041 dum
