2014 3386
508 367 575 399 DE
607 366 787 399 AMORE
819 364 1243 409 CONJUGIAL1.—N.
1273 365 1367 410 315.
1601 366 1681 410 245

181 490 310 536 315.
353 480 438 522 His
464 480 673 534 adjiciam
700 481 791 522 duo
818 479 1149 522 Memorabilia.
1210 479 1406 520 Primum
1433 477 1521 521 hoc
1540 491 1612 534 τε·

256 569 472 618 Quondam
495 581 575 605 non
598 570 737 616 procul
759 581 783 605 a
804 581 867 605 me
887 569 971 605 vidi
993 575 1220 609 meteoron;
1245 568 1328 603 vidi
1350 568 1497 603 nubem
1516 568 1684 604 divisam

183 623 223 658 in
250 623 478 664 nubeculas,
500 634 667 669 quarum
693 623 850 669 aliquae
871 622 1087 663 caeruleae,
1106 628 1147 657 et
1167 622 1324 668 aliquae
1345 632 1514 667 opacae;
1542 628 1582 657 et
1602 622 1685 656 vidi

184 677 270 712 illas
298 676 403 712 inter
426 687 469 712 se
493 676 606 722 quasi
635 676 895 718 collidentes;
929 676 1028 711 radii
1055 675 1227 711 striatim
1255 674 1570 710 transmicabant
1588 675 1685 714 illas,

182 730 250 775 qui
279 741 386 764 nunc
412 729 488 765 visi
518 735 613 765 sunt
639 730 746 765 acuti
772 729 876 765 sicut
902 739 1125 769 mucrones,
1148 739 1255 763 nunc
1280 728 1414 763 obtusi
1441 727 1545 763 sicut
1570 738 1686 763 enses

182 781 316 823 frafti:
342 782 462 818 striae
481 782 571 818 illae
589 793 695 818 nunc
713 782 976 818 excurrebant
993 781 1164 822 obviam,
1184 792 1291 816 nunc
1309 781 1564 816 retrahebant
1582 791 1624 816 se
1646 781 1684 815 in

181 846 235 875 se,
255 835 371 881 plane
389 835 493 871 sicut
511 835 686 882 pugiles:
713 835 769 870 ita
781 835 1086 871 diversicolores
1101 835 1189 870 illae
1203 834 1425 870 nubeculae
1439 834 1686 880 apparebant

181 888 294 934 quasi
314 888 418 924 inter
433 900 476 924 se
495 889 744 929 dimicarent,
759 889 829 924 sed
847 889 1050 924 ludebant.
1103 888 1154 923 Et
1167 887 1262 933 quia
1279 888 1357 923 hoc
1376 894 1584 923 meteoron
1604 898 1684 922 non

183 941 320 987 procul
350 953 374 977 a
403 953 466 977 me
495 942 625 977 visum
653 949 726 982 est,
754 941 897 977 sustuli
928 942 1078 982 oculos,
1109 952 1155 976 ac
1187 941 1341 976 intendi
1369 941 1507 981 aciem,
1534 947 1575 976 et
1603 940 1685 975 vidi

182 1005 337 1040 pueros,
356 995 523 1041 juvenes
541 1001 582 1030 et
600 1005 714 1030 senes
734 995 927 1030 intrantes
946 995 986 1029 in
1005 995 1183 1035 domum,
1198 1005 1300 1040 quae
1319 1001 1405 1029 erat
1422 992 1625 1029 exstructa
1637 1004 1686 1028 ex

181 1058 389 1088 marmore,
410 1054 452 1083 et
477 1047 705 1084 substructa
729 1059 778 1083 ex
804 1048 1057 1094 porphyrite:
1083 1058 1203 1093 super
1228 1048 1303 1082 hac
1328 1047 1451 1082 domo
1476 1053 1561 1082 erat
1587 1047 1685 1081 illud

181 1100 502 1147 phaenomenon.
560 1101 610 1136 Et
639 1108 737 1136 tunc
766 1112 889 1136 unum
917 1112 965 1137 ex
991 1101 1233 1136 intrantibus
1266 1101 1465 1136 allocutus
1495 1100 1686 1147 quaesivi,

181 1159 203 1173 ⁴⁴
217 1153 325 1201 Quid
345 1154 398 1189 ibi
410 1153 451 1190 ?'’

256 1207 306 1242 Et
331 1207 550 1253 respondit,
570 1207 674 1243 “Est
698 1207 961 1254 gymnasium,
983 1207 1051 1243 ubi
1076 1207 1244 1254 juvenes
1272 1206 1483 1243 initiantur
1510 1206 1549 1242 in
1574 1206 1685 1242 varia

182 1271 286 1307 quae
303 1260 522 1306 sapientiae
541 1260 671 1297 sunt.'’

255 1312 346 1349 Hoc
366 1313 518 1354 audito,
538 1313 682 1349 intravi
708 1325 799 1349 cum
823 1313 920 1355 illis;
947 1325 1054 1349 eram
1079 1314 1118 1349 in
1140 1313 1294 1360 spiritu,
1314 1314 1392 1349 hoc
1413 1319 1485 1354 est,
1505 1313 1544 1348 in
1567 1312 1686 1348 simili

183 1373 292 1402 statu
315 1366 354 1402 in
377 1378 460 1413 quo
481 1374 574 1403 sunt
601 1367 784 1403 homines
811 1367 949 1402 mundi
975 1367 1203 1413 spiritualis,
1218 1367 1288 1413 qui
1309 1373 1506 1402 vocantur
1522 1366 1687 1412 spiritus

180 1426 223 1455 et
248 1419 401 1466 angeli;
431 1427 472 1455 et
497 1431 592 1456 ecce
619 1420 658 1455 in
684 1420 894 1467 gymnasio
922 1420 990 1455 illo
1015 1421 1193 1455 anterius
1218 1420 1303 1456 visa
1327 1426 1390 1455 est
1415 1420 1617 1460 cathedra,
1646 1420 1685 1454 in

183 1473 317 1508 medio
342 1484 512 1513 scamna,
539 1473 589 1508 ad
620 1474 745 1508 latera
769 1473 919 1509 circum
949 1474 1055 1509 circa
1079 1474 1231 1514 sedilia,
1257 1480 1298 1509 et
1324 1484 1444 1518 supra
1474 1472 1684 1508 introitum

181 1525 408 1562 orchestra:
441 1527 633 1562 cathedra
658 1533 743 1562 erat
769 1538 841 1572 pro
865 1527 1078 1573 juvenibus
1103 1526 1171 1573 qui
1198 1527 1248 1562 ad
1276 1527 1481 1572 problema
1508 1526 1575 1561 illa
1598 1525 1687 1561 vice

186 1579 494 1625 proponendum
518 1580 821 1626 responderunt,
841 1591 1003 1615 scamna
1023 1591 1095 1626 pro
1116 1579 1378 1621 auditoribus,
1397 1579 1539 1615 sedilia
1559 1579 1609 1614 ad
1631 1579 1687 1614 la-

182 1639 270 1667 tera
300 1643 372 1678 pro
403 1633 479 1668 illis
509 1633 576 1679 qui
607 1633 717 1679 prius
745 1633 947 1678 sapienter
977 1633 1281 1678 responderunt,
1308 1639 1349 1668 et
1378 1633 1584 1668 orchestra
1613 1643 1687 1678 pro

183 1685 419 1726 senioribus,
441 1685 509 1732 qui
531 1693 667 1721 essent
687 1686 826 1721 arbitri
852 1693 894 1721 et
919 1686 1097 1732 judices:
1125 1686 1164 1721 in
1187 1686 1322 1721 medio
1342 1686 1573 1721 orchestrae
1598 1692 1685 1720 erat

182 1746 426 1785 suggestum,
446 1739 513 1774 ubi
540 1739 645 1774 sedit
669 1739 731 1775 vir
755 1739 924 1785 sapiens,
943 1751 1062 1786 quern
1083 1740 1282 1774 vocabant
1308 1739 1682 1777 archididascalum,

182 1792 250 1838 qui
277 1793 486 1838 proposuit
512 1793 768 1838 problemata,
795 1793 845 1828 ad
871 1803 973 1839 quae
999 1793 1167 1839 juvenes
1195 1803 1218 1828 e
1247 1792 1441 1828 cathedra
1469 1793 1686 1839 responde-

183 1851 283 1881 rent.
1620 1872 1622 1874 -

255 1898 305 1934 Et
327 1904 540 1944 postquam
563 1898 792 1945 congregati
818 1905 923 1939 sunt,
942 1899 1113 1935 surrexit
1133 1899 1194 1934 vir
1214 1910 1263 1934 ex
1283 1905 1485 1946 suggesto,
1508 1905 1548 1934 et
1570 1899 1684 1938 dixit,

182 1956 203 1970 ⁴¹
218 1951 475 1997 Respondete
489 1963 605 1992 nunc,
618 1963 779 1998 quaeso,
791 1953 840 1987 ad
857 1952 934 1988 hoc
949 1953 1166 1998 problema,
1177 1959 1218 1988 et
1232 1952 1377 1988 solvite
1392 1952 1489 1987 illud
1504 1952 1537 1988 si
1553 1959 1686 1998 potes·
1726 1944 1735 1957 ¹

182 2004 246 2046 tis,
267 2005 375 2051 Quid
387 2007 533 2045 anima,
551 2009 587 2039 et
607 2006 735 2050 qualis
754 2006 823 2040 illa
836 2005 879 2041 ?”

256 2057 332 2093 His
352 2058 500 2093 auditis
521 2059 859 2104 obstupescebant
882 2069 1035 2099 omnes,
1058 2065 1098 2094 et
1120 2059 1431 2099 murmurabant,
1450 2065 1491 2094 et
1516 2058 1638 2104 aliqui
1664 2069 1685 2094 e

137 2120 143 2125 ’
183 2117 302 2146 coetu
323 2122 443 2156 super
460 2111 643 2152 scamnis,
662 2112 951 2153 exclamabant,
971 2117 991 2130 ¹¹
1004 2111 1104 2158 Quis
1126 2112 1333 2147 hominum
1356 2123 1482 2158 usque
1503 2123 1527 2147 a
1549 2111 1686 2147 Satur-

183 2163 280 2199 nino
297 2174 398 2199 aevo
415 2165 464 2199 ad
485 2165 562 2200 hoc
580 2172 761 2200 nostrum
777 2165 857 2200 ulla
875 2166 1041 2200 rationis
1059 2165 1304 2211 cogitatione
1318 2165 1453 2200 videre
1471 2172 1511 2201 et
1529 2166 1685 2211 assequi

185 2216 328 2262 potuit,
354 2217 451 2263 quid
481 2218 626 2257 anima,
652 2225 692 2253 et
713 2218 846 2253 adhuc
872 2218 1003 2254 minus
1033 2218 1162 2265 qualis
1193 2218 1290 2254 illa?
1318 2225 1432 2254 estne
1464 2219 1541 2255 hoc
1566 2230 1687 2265 supra

184 2269 362 2305 omnium
383 2270 607 2306 intellectus
629 2271 838 2316 sphaeram
850 2271 892 2307 ?''

255 2322 334 2358 Sed
355 2323 405 2358 ad
428 2323 526 2359 haec
547 2324 773 2360 retulerunt
790 2336 839 2360 ex
860 2325 1076 2365 orchestra,
1096 2329 1116 2343 ‘¹
1133 2324 1224 2360 Hoc
1246 2335 1327 2360 non
1349 2331 1410 2361 est
1431 2336 1551 2372 supra
1568 2325 1685 2361 intel-

184 2374 343 2416 lectum,
361 2377 432 2412 sed
453 2377 492 2411 in
512 2377 580 2425 illo
598 2384 639 2412 et
657 2388 790 2412 coram
811 2378 898 2418 illo;
925 2378 1167 2424 respondete
1186 2378 1344 2414 modo.''

259 2428 308 2464 Et
320 2437 576 2465 surrexerunt
592 2431 760 2476 juvenes
776 2431 843 2466 illo
858 2431 923 2466 die
941 2430 1068 2471 electi,
1083 2431 1150 2477 qui
1165 2432 1427 2467 ascenderent
1440 2431 1684 2471 cathedram,

185 2487 226 2516 et
249 2482 298 2516 ad
326 2483 532 2528 problema
557 2484 868 2529 responderent;
894 2491 1007 2519 erant
1028 2484 1216 2530 quinque,
1235 2484 1304 2530 qui
1329 2495 1353 2520 a
1373 2484 1597 2520 senioribus
1618 2495 1685 2519 ex-

186 2534 329 2579 plorati
356 2546 402 2570 ac
430 2535 582 2573 inventi
604 2537 822 2583 sagacitate
849 2538 1055 2583 pollentes,
1074 2544 1114 2573 et
1135 2545 1232 2573 tunc
1252 2538 1302 2573 ad
1325 2539 1451 2573 latera
1470 2538 1684 2573 cathedrae

185 2597 303 2633 super
319 2588 418 2623 toris
436 2589 642 2630 sedentes:
670 2597 711 2625 et
730 2590 771 2624 hi
791 2597 931 2636 postea
950 2591 988 2625 in
1007 2591 1158 2631 ordine,
1174 2591 1213 2625 in
1228 2602 1309 2637 quo
1326 2591 1531 2631 sedebant,
1547 2601 1685 2626 ascen-

185 2639 351 2682 derunt:
388 2648 430 2677 et
459 2642 628 2688 quisque
657 2653 748 2678 cum
781 2644 1015 2679 ascenderet
1046 2644 1238 2679 induebat
1267 2644 1444 2679 tunicam
1477 2655 1526 2679 ex
1556 2643 1684 2679 serico

185 2694 332 2740 opalini
350 2696 507 2736 coloris,
526 2703 566 2731 et
585 2707 706 2742 super
724 2697 791 2732 illa
807 2703 944 2744 togam
963 2709 1012 2733 ex
1031 2698 1140 2732 molli
1158 2698 1259 2738 lana,
1278 2698 1341 2733 cui
1360 2698 1477 2733 flores
1494 2704 1607 2733 erant
1627 2697 1684 2731 in-

186 2747 295 2787 texti,
313 2754 354 2783 et
372 2748 534 2794 insuper
551 2750 709 2795 pileum,
725 2761 843 2796 super
859 2751 973 2797 cujus
986 2751 1135 2786 vertice
1153 2758 1237 2786 erat
1254 2751 1446 2786 rosarium
1466 2749 1682 2786 incinctum

186 2800 316 2845 parvis
334 2802 542 2846 sapphiris.

258 2852 309 2888 Et
338 2854 419 2889 vidi
451 2855 623 2900 primurn
655 2855 711 2891 ita
741 2855 924 2891 indutum
955 2856 1252 2897 ascendentem,
1282 2856 1350 2903 qui
1381 2856 1503 2891 dixit:
1542 2855 1682 2902 “Quid

185 2905 317 2941 anima
335 2914 376 2942 et
393 2907 520 2952 qualis
542 2908 618 2948 illa,
636 2919 660 2943 a
680 2909 744 2943 die
765 2909 978 2945 creationis
1000 2920 1079 2945 non
1102 2910 1320 2945 revelatum
1343 2916 1404 2944 est
1425 2909 1515 2948 ulli:
1541 2915 1602 2944 est
1622 2919 1683 2943 ar-

185 2967 328 2994 canum
355 2958 393 2994 in
416 2960 613 2995 thesauris
634 2961 756 2996 solius
778 2961 875 2998 Dei:
900 2963 968 2998 sed
997 2962 1075 2997 hoc
1096 2961 1300 2997 detectum
1321 2969 1394 3002 est,
1416 2961 1523 3007 quod
1550 2961 1684 2997 anima

187 3010 225 3045 in
245 3010 405 3048 homine
420 3013 521 3048 sicut
539 3013 675 3059 regina
692 3014 883 3055 resideat:
907 3024 1046 3050 verum
1065 3015 1227 3050 ubinam
1242 3015 1328 3061 ejus
1341 3015 1431 3050 aula
1448 3020 1518 3054 est,
1532 3014 1680 3050 eruditi
