2014 3386
335 346 415 387 114
660 333 662 335 ’
782 332 1033 377 ὐΕιΙοΙΑΕ
1065 343 1372 377 SAPIENTIAE

398 457 447 494 Et
467 457 768 504 responderunt,
785 461 805 475 ‘⁴
820 456 1008 493 Dicemus
1022 469 1030 497 ;
1051 457 1121 493 sed
1139 457 1232 503 quia
1245 457 1367 494 homo
1382 469 1462 494 non
1478 458 1598 494 sumit
1611 459 1822 506 quicquam

325 522 374 548 ex
400 522 453 550 se,
476 512 545 546 sed
572 521 620 546 ex
648 510 834 551 Domino,
857 510 1035 546 dicemus
1061 521 1110 545 ex
1138 510 1241 556 Ipso,
1263 517 1304 546 at
1330 522 1456 557 usque
1485 522 1509 547 a
1538 512 1652 548 nobis
1673 513 1776 548 sicut
1800 523 1825 549 a

326 564 476 600 nobis.’'
527 564 577 599 Et
595 570 693 598 ωηο
710 563 907 604 dixerunt,
927 568 947 581 ‘⁸
963 563 1131 598 ‘Arbor'
1146 563 1344 610 significat
1362 564 1578 605 hominem,
1594 571 1635 600 et
1652 564 1824 601 ·fru&us

324 616 431 663 ejus'
462 617 613 652 bonum
645 616 752 652 vitae
772 627 780 657 ;
816 616 909 651 inde
942 627 1012 661 per
1042 616 1240 651 'arborem
1270 617 1396 652 vitae’
1424 617 1672 664 significatur
1701 618 1824 654 homo

323 670 462 706 vivens
475 680 524 704 ex
540 668 637 709 Deo,
653 679 722 704 seu
740 668 847 704 Deus
857 668 997 704 vivens
1017 668 1055 703 in
1071 669 1255 711 homine:
1281 676 1322 704 et
1335 663 1428 715 qfiia
1441 681 1553 706 amor
1565 678 1606 706 et
1620 671 1824 716 sapientia,

324 733 369 758 ac
381 722 552 757 charitas
564 728 604 757 et
618 721 727 762 fides,
742 732 811 757 seu
826 722 975 756 bonum
991 729 1031 756 et
1044 733 1194 762 verum,
1207 721 1356 757 faciunt
1368 723 1489 758 vitam
1506 723 1579 758 Dei
1595 723 1634 758 in
1649 723 1823 766 homine,

325 786 395 822 per
412 775 610 810 ‘arborem
628 775 735 810 vitae
749 773 757 786 ’
776 774 1051 821 significantur
1068 774 1176 815 haec,
1195 781 1236 810 et
1258 775 1350 810 inde
1368 775 1522 811 homini
1539 775 1623 812 vita
1639 783 1804 812 aeterna

325 829 451 864 simile
464 827 709 874 significatur
722 838 792 873 per
803 833 811 845 ‘
821 828 1001 862 arborem
1014 827 1130 867 vitae,
1143 838 1165 863 e
1180 838 1258 874 qua
1268 828 1427 863 dabitur
1438 828 1566 864 edere’
1580 830 1712 875 (Apoc.
1729 830 1766 865 ii.
1781 838 1802 873 7

324 892 410 927 cap.
428 881 520 916 xxii.
540 890 572 921 2,
595 880 665 925 14).
717 880 795 915 Per
815 881 1015 915 ‘arborem
1042 880 1232 915 scientiae
1259 881 1352 916 boni
1378 888 1420 916 et
1445 882 1558 917 mali'
1579 882 1826 929 significatu-⁶

328 934 451 969 homo
470 934 638 969 credens
658 933 766 979 quod
787 933 896 968 vivat
917 944 966 968 ex
987 944 1040 973 se,
1059 939 1099 968 et
1121 943 1276 979 nonlex
1304 933 1413 975 Deo;
1447 933 1503 970 ita
1519 935 1627 981 quod
1647 945 1760 970 amor
1783 943 1824 971 et

325 987 529 1032 sapientia,
548 986 719 1021 charitas
736 992 777 1021 et
794 986 904 1026 fides,
924 985 1003 1021 hoc
1021 993 1092 1026 est,
1111 987 1261 1022 bonum
1280 993 1321 1022 et
1337 998 1487 1028 verum,
1502 987 1583 1023 sint
1601 987 1641 1022 in
1661 988 1824 1024 homine

325 1041 412 1086 ejus
426 1046 466 1075 et
481 1050 560 1074 non
578 1039 652 1074 Dei
666 1051 674 1079 ;
701 1039 778 1074 hoc
792 1039 957 1074 credens
972 1039 1066 1085 quia
1077 1039 1229 1086 cogitat
1242 1046 1283 1074 et
1296 1040 1393 1080 vult,
1407 1051 1454 1075 ac
1467 1040 1644 1086 loquitur
1657 1047 1698 1076 et
1716 1040 1823 1082 facit,

327 1092 365 1127 in
381 1092 490 1128 omni
505 1092 766 1128 similitudine
785 1098 825 1127 et
842 1092 1076 1138 apparentia
1094 1092 1198 1127 sicut
1216 1103 1264 1127 ex
1281 1103 1324 1127 se
1339 1102 1347 1128 :
1372 1099 1413 1128 et
1427 1092 1521 1139 quia
1538 1093 1661 1129 homo
1678 1105 1727 1129 ex
1745 1094 1821 1130 hac

326 1146 403 1181 fide
437 1146 511 1181 sibi
545 1146 759 1191 persuadet
784 1145 893 1191 quod
924 1145 1032 1180 Deus
1066 1145 1255 1181 indiderit
1288 1144 1350 1186 Se,
1377 1156 1448 1181 seu
1483 1145 1675 1182 infuderit
1704 1157 1820 1183 suum

328 1199 517 1235 Divinum
538 1199 578 1233 in
598 1199 720 1239 illurn,
741 1198 831 1234 ideo
846 1198 948 1233 dixit
969 1209 1132 1244 serpens
1764 1198 1769 1200 ’
1808 1195 1820 1200 ”

386 1285 393 1298 ⁸
406 1283 504 1313 Novit
519 1283 618 1317 Deus,
634 1292 700 1320 quo
715 1283 767 1312 die
782 1281 983 1312 comederitis
998 1283 1039 1311 de
1052 1281 1058 1292 '
1074 1281 1181 1311 fructu
1197 1281 1279 1311 illius
1296 1282 1426 1317 arboris,
1440 1285 1446 1297 ⁸
1460 1279 1642 1320 aperientur
1655 1283 1741 1314 oculi
1755 1292 1825 1314 νδ-

486 1323 534 1359 tri,
550 1329 581 1353 et
596 1324 680 1353 eritis
694 1323 775 1353 sicut
790 1323 889 1358 Deus,
905 1323 1040 1352 scientes
1053 1323 1178 1352 bonum
1195 1327 1226 1352 et
1241 1322 1379 1352 malum'
1397 1323 1491 1362 (Gen.
1507 1323 1548 1354 iii.
1566 1322 1612 1364 5).

327 1415 404 1451 Per
425 1414 576 1451 ‘esum'
602 1426 651 1451 ex
677 1414 753 1451 illis
778 1414 984 1451 arboribus
1009 1413 1256 1461 significatur
1273 1408 1448 1461 receptio
1474 1422 1515 1451 et
1540 1416 1822 1463 appropriatio,

326 1479 397 1514 per
414 1473 543 1504 ‘esum
566 1479 615 1504 ex
635 1469 774 1504 arbore
794 1468 920 1503 vitae'
937 1467 1114 1514 receptio
1131 1468 1236 1503 vitae
1254 1474 1451 1509 aeternae,
1470 1475 1511 1504 et
1533 1480 1603 1515 per
1621 1475 1751 1505 ‘esum
1771 1481 1821 1506 ex

324 1522 465 1557 arbore
493 1520 684 1557 scientiae
713 1521 808 1556 boni
839 1528 880 1557 et
911 1521 1023 1556 mali’
1053 1521 1229 1567 receptio
1256 1521 1548 1563 damnationis:
1579 1522 1670 1558 ideo
1697 1523 1819 1559 etiam

325 1581 503 1620 uterque,
527 1573 708 1609 Adamus
734 1580 775 1609 et
801 1573 887 1618 ejus
912 1584 1023 1614 uxor,
1045 1585 1125 1609 una
1149 1585 1239 1609 cum
1262 1581 1457 1620 serpente,
1479 1575 1680 1611 maledicti
1707 1583 1822 1612 sunt:

325 1638 395 1673 per
415 1626 682 1672 ‘serpentem'
704 1626 943 1672 intelligitur
963 1626 1146 1662 diabolus
1167 1626 1299 1673 quoad
1321 1638 1498 1663 amorem
1521 1628 1581 1663 sui
1603 1635 1644 1664 et
1671 1628 1818 1665 fastum

326 1680 508 1726 propriae
528 1679 838 1726 intelligentiae;
873 1686 915 1714 et
937 1678 1001 1713 hic
1018 1689 1130 1714 amor
1148 1686 1210 1715 est
1231 1690 1436 1725 possessor
1456 1680 1560 1716 illius
1577 1681 1746 1722 arboris:
1779 1689 1820 1717 et

324 1732 507 1768 homines
533 1733 601 1778 qui
628 1732 668 1767 in
695 1730 799 1767 fastu
826 1743 875 1767 ex
900 1731 968 1766 illo
989 1742 1124 1767 amore
1145 1738 1248 1772 sunt,
1268 1732 1358 1768 illae
1379 1733 1539 1768 arbores
1561 1740 1665 1769 sunt.
1717 1733 1819 1770 Sunt

325 1786 457 1831 itaque
473 1785 528 1820 illi
548 1785 587 1820 in
605 1785 757 1820 enormi
772 1795 914 1824 errore,
929 1781 996 1830 qui
1014 1784 1183 1819 credunt
1197 1784 1396 1819 Adamum
1412 1785 1589 1831 sapuisse
1607 1793 1648 1821 et
1665 1786 1816 1822 bonum

323 1838 462 1873 fecisse
483 1849 531 1873 ex
552 1848 603 1878 se,
623 1844 664 1873 et
682 1838 759 1872 hoc
778 1837 898 1872 fuisse
916 1843 1063 1872 statum
1083 1837 1168 1882 ejus
1186 1836 1446 1883 integritatis:
1472 1849 1562 1873 cum
1581 1845 1714 1874 tamen
1734 1839 1818 1885 ipse

324 1891 504 1926 Adamus
526 1896 689 1936 propter
709 1890 815 1925 illam
837 1890 955 1925 fidem
978 1888 1211 1924 maledictus
1231 1896 1313 1930 est:
1344 1890 1421 1925 hoc
1446 1891 1551 1926 enirn
1573 1891 1820 1938 significatur

324 1954 393 1989 per
410 1943 548 1978 ‘edere
570 1953 619 1978 ex
639 1943 779 1978 arbore
798 1942 987 1978 scientiae
1008 1942 1103 1977 boni
1124 1949 1165 1977 et
1187 1942 1278 1977 mali
1293 1943 1312 1982 ;'
1339 1954 1460 1988 quare
1481 1949 1578 1979 tunc
1599 1944 1748 1980 excidit
1769 1956 1818 1980 ex

322 2003 428 2031 statu
444 1995 694 2042 integritatis,
709 1995 779 2042 qui
795 1995 850 2030 illi
865 1994 940 2030 fuit
954 2006 1002 2030 ex
1016 2006 1075 2035 eo,
1088 1995 1195 2041 quod
1210 1996 1391 2030 crederet
1406 2007 1448 2031 se
1460 2007 1596 2042 sapere
1611 2003 1651 2032 et
1665 1998 1816 2032 bonum

323 2049 451 2085 facere
478 2060 527 2084 ex
556 2048 654 2089 Deo,
676 2054 717 2083 et
743 2047 841 2082 nihil
868 2059 917 2083 ex
944 2059 996 2087 se,
1023 2048 1102 2083 hoc
1126 2047 1232 2083 enim
1256 2048 1491 2095 intelligitur
1515 2060 1587 2095 per
1607 2051 1743 2086 ‘edere
1768 2061 1818 2086 ex

320 2102 461 2137 arbore
477 2101 607 2137 vitae.'
657 2100 776 2136 Solus
795 2099 1003 2141 Dominus,
1023 2111 1113 2136 curn
1133 2100 1209 2135 fuit
1229 2100 1268 2136 in
1292 2102 1454 2142 mundo,
1474 2102 1605 2148 sapuit
1623 2114 1671 2138 ex
1694 2102 1757 2144 Se,
1777 2110 1818 2139 et

321 2155 471 2190 bonum
491 2154 586 2189 fecit
606 2165 653 2189 ex
676 2153 737 2194 Se,
756 2153 849 2199 quia
869 2153 996 2199 ipsum
1018 2153 1207 2189 Divinum
1229 2165 1251 2189 a
1273 2154 1481 2190 nativitate
1500 2154 1576 2190 fuit
1598 2155 1637 2190 in
1662 2155 1755 2202 Ipso
1775 2163 1816 2192 et

323 2207 461 2253 Ipsius,
476 2217 595 2253 quare
608 2207 728 2243 etiam
747 2217 795 2242 ex
813 2207 972 2253 propria
985 2206 1166 2252 potentia
1178 2206 1304 2242 factus
1322 2214 1383 2242 est
1404 2207 1653 2255 Redemptor
1669 2215 1710 2244 et
1730 2208 1815 2245 Sal-

319 2259 472 2296 vator.''

394 2312 451 2347 Ex
466 2311 527 2347 his
540 2317 581 2347 et
596 2311 672 2347 illis
684 2311 917 2347 conclusum
931 2311 1111 2347 fecerunt
1125 2311 1202 2347 hoc
1216 2316 1236 2330 ‘¹
1249 2311 1367 2359 Quod
1384 2323 1454 2358 per
1466 2317 1475 2331 ‘
1485 2313 1667 2348 arborem
1681 2313 1813 2355 vitae,’

320 2371 361 2401 et
379 2376 449 2410 per
466 2369 474 2383 ‘
486 2365 669 2400 arborem
687 2364 878 2403 scientiae
897 2364 991 2399 boni
1010 2371 1051 2400 et
1070 2365 1185 2405 mali,’
1203 2372 1244 2400 et
1262 2376 1333 2411 per
1350 2370 1358 2384 ‘
1370 2376 1481 2401 esum
1501 2377 1549 2401 ex
1569 2366 1671 2407 illis,'
1690 2366 1813 2414 signi—

320 2418 460 2453 ficetur
477 2418 584 2463 quod
603 2416 686 2453 vita
703 2417 855 2452 homini
877 2417 927 2452 sit
947 2417 1055 2453 Deus
1078 2417 1117 2452 in
1140 2418 1218 2458 illo,
1238 2425 1279 2453 et
1299 2419 1407 2464 quod
1426 2425 1523 2453 tunc
1541 2418 1576 2454 ei
1596 2416 1750 2454 caelum
1773 2425 1810 2455 ct

318 2470 402 2505 vita
421 2477 600 2510 aeterna:
626 2476 667 2505 at
687 2470 795 2515 quod
819 2481 924 2505 mors
946 2470 1098 2506 homini
1120 2471 1171 2506 sit
1193 2471 1394 2516 persuasio
1416 2478 1457 2506 et
1478 2471 1578 2506 fides
1600 2472 1709 2518 quod
1730 2471 1812 2508 vita

319 2523 473 2559 homini
496 2534 576 2557 non
602 2522 654 2558 sit
678 2522 786 2557 Deus
808 2523 877 2558 sed
906 2523 999 2569 ipse,
1022 2524 1130 2559 unde
1156 2524 1193 2559 ei
1220 2523 1416 2559 infernum
1443 2531 1484 2559 et
1510 2535 1617 2560 mors
1636 2531 1810 2566 aeterna,

318 2587 418 2622 quae
436 2582 496 2611 est
515 2574 756 2611 damnatio.”

390 2629 506 2675 136.
543 2628 641 2663 Post
666 2627 764 2662 haec
791 2627 1050 2673 inspexerunt
1074 2628 1252 2664 chartam
1279 2629 1328 2664 ab
1354 2628 1505 2675 angelis
1530 2639 1650 2675 super
1675 2640 1806 2666 mensa

318 2680 504 2722 relic'tam,
523 2687 565 2717 et
580 2681 767 2716 viderunt
785 2681 1063 2726 subscriptum,
1084 2682 1313 2728 Conjungz'te
1329 2682 1399 2716 illa
1417 2683 1499 2716 tria
1526 2683 1568 2716 in
1590 2693 1708 2717 unam
1727 2693 1806 2718 sen-

316 2735 478 2768 tentiam
491 2747 508 2775 ,·
533 2739 574 2769 et
593 2740 690 2768 tunc
711 2733 959 2779 collegerunt
979 2734 1053 2774 illa,
1072 2741 1112 2769 et
1132 2735 1329 2774 viderunt,
1348 2735 1456 2780 quod
1478 2735 1553 2770 tria
1574 2734 1640 2770 illa
1666 2735 1705 2770 in
1730 2746 1805 2771 una

316 2787 416 2822 serie
438 2787 708 2826 cohaererent,
730 2792 771 2821 et
791 2787 899 2831 quod
922 2786 1042 2821 series
1063 2797 1132 2821 seu
1154 2787 1353 2822 sententia
1375 2788 1440 2822 illa
1464 2787 1516 2823 sit
1539 2787 1805 2835 haec,“Qu0d

317 2840 438 2875 homo
453 2846 609 2874 creatus
627 2838 689 2879 sit,
708 2845 754 2873 ut
771 2838 936 2884 recipiat
954 2849 1129 2874 amorem
1148 2846 1188 2874 et
1206 2839 1440 2884 sapientiam
1459 2851 1483 2875 a
1501 2839 1599 2880 Deo,
1613 2847 1652 2875 et
1672 2847 1804 2876 tamen

316 2891 356 2927 in
375 2892 485 2927 omni
503 2891 766 2928 similitudine
784 2891 886 2926 sicut
908 2902 932 2926 a
957 2902 1009 2932 se,
1029 2898 1070 2927 et
1088 2891 1165 2927 hoc
1182 2899 1346 2937 propter
1364 2892 1634 2938 receptionem
1654 2899 1694 2928 et
1712 2903 1804 2928 con-

313 2944 582 2990 junfflonem
611 2951 652 2980 et
674 2944 782 2990 quod
806 2944 1042 2979 ideohomo
1060 2955 1141 2979 non
1163 2952 1346 2980 nascatur
1367 2946 1405 2979 in
1428 2946 1599 2991 aliquem
1618 2956 1803 2986 amorem,

315 3009 388 3033 nec
415 2998 454 3033 in
481 2998 653 3045 aliquam
687 2997 906 3038 scientiam,
935 3004 976 3033 et
1006 3008 1166 3043 quoque
1196 3009 1276 3033 non
1307 2998 1346 3032 in
1376 2998 1549 3044 aliquam
1583 2999 1801 3045 potentiam
