<?xml version="1.0" encoding="UTF-8"?>
<!DOCTYPE html PUBLIC "-//W3C//DTD XHTML 1.0 Transitional//EN"
    "http://www.w3.org/TR/xhtml1/DTD/xhtml1-transitional.dtd">
<html xmlns="http://www.w3.org/1999/xhtml" xml:lang="en" lang="en">
 <head>
  <title>
</title>
<meta http-equiv="Content-Type" content="text/html;charset=utf-8" />
  <meta name='ocr-system' content='tesseract 3.04.00' />
  <meta name='ocr-capabilities' content='ocr_page ocr_carea ocr_par ocr_line ocrx_word'/>
</head>
<body>
  <div class='ocr_page' id='page_1' title='image "./deliciaesapienti00sweduoft_0332.png"; bbox 0 0 2014 3386; ppageno 0'>
   <div class='ocr_carea' id='block_1_1' title="bbox 330 357 1383 412">
    <p class='ocr_par' dir='ltr' id='par_1_1' title="bbox 330 357 1383 412">
     <span class='ocr_line' id='line_1_1' title="bbox 330 357 1383 412; baseline -0.003 -12"><span class='ocrx_word' id='word_1_1' title='bbox 330 357 414 412; x_wconf 83' lang='lat'>326</span> <span class='ocrx_word' id='word_1_2' title='bbox 637 387 640 392; x_wconf 44' lang='grc' dir='ltr'>ι</span> <span class='ocrx_word' id='word_1_3' title='bbox 772 365 1104 399; x_wconf 87' lang='lat' dir='ltr'>VOLUPTATES</span> <span class='ocrx_word' id='word_1_4' title='bbox 1135 364 1383 398; x_wconf 86' lang='lat' dir='ltr'>INSANIAE</span> 
     </span>
    </p>
   </div>
   <div class='ocr_carea' id='block_1_2' title="bbox 310 478 1831 3069">
    <p class='ocr_par' dir='ltr' id='par_1_2' title="bbox 325 478 1826 714">
     <span class='ocr_line' id='line_1_2' title="bbox 327 478 1826 537; baseline -0.001 -13"><span class='ocrx_word' id='word_1_5' title='bbox 327 482 413 524; x_wconf 91' lang='lat' dir='ltr'>nisi</span> <span class='ocrx_word' id='word_1_6' title='bbox 434 481 509 537; x_wconf 91' lang='lat' dir='ltr'>qui</span> <span class='ocrx_word' id='word_1_7' title='bbox 531 481 651 536; x_wconf 91' lang='lat' dir='ltr'>prius</span> <span class='ocrx_word' id='word_1_8' title='bbox 673 479 840 535; x_wconf 84' lang='lat' dir='ltr'>judicio</span> <span class='ocrx_word' id='word_1_9' title='bbox 862 494 944 522; x_wconf 93' lang='lat' dir='ltr'>suo</span> <span class='ocrx_word' id='word_1_10' title='bbox 966 479 1086 522; x_wconf 88' lang='lat' dir='ltr'>stitit</span> <span class='ocrx_word' id='word_1_11' title='bbox 1108 478 1379 521; x_wconf 89' lang='lat' dir='ltr'><strong>munditiem</strong></span> <span class='ocrx_word' id='word_1_12' title='bbox 1401 479 1569 521; x_wconf 88' lang='lat' dir='ltr'>amoris</span> <span class='ocrx_word' id='word_1_13' title='bbox 1590 478 1826 534; x_wconf 79' lang='lat' dir='ltr'>conjugia-</span> 
     </span>
     <span class='ocr_line' id='line_1_3' title="bbox 326 541 1826 600; baseline -0.003 -12"><span class='ocrx_word' id='word_1_14' title='bbox 326 545 412 588; x_wconf 84' lang='lat' dir='ltr'>lis?</span> <span class='ocrx_word' id='word_1_15' title='bbox 472 545 605 587; x_wconf 89' lang='lat' dir='ltr'>Nune</span> <span class='ocrx_word' id='word_1_16' title='bbox 648 545 753 600; x_wconf 81' lang='lat' dir='ltr'>quia</span> <span class='ocrx_word' id='word_1_17' title='bbox 796 542 974 586; x_wconf 90' lang='lat' dir='ltr'>absolvi</span> <span class='ocrx_word' id='word_1_18' title='bbox 1007 543 1208 585; x_wconf 85' lang='lat' dir='ltr'>Delicias</span> <span class='ocrx_word' id='word_1_19' title='bbox 1244 543 1497 597; x_wconf 79' lang='lat' dir='ltr'>sapientiae</span> <span class='ocrx_word' id='word_1_20' title='bbox 1547 543 1605 584; x_wconf 91' lang='lat' dir='ltr'>de</span> <span class='ocrx_word' id='word_1_21' title='bbox 1651 541 1826 584; x_wconf 88' lang='lat' dir='ltr'>Amore</span> 
     </span>
     <span class='ocr_line' id='line_1_4' title="bbox 325 605 1826 663; baseline -0.003 -12"><span class='ocrx_word' id='word_1_22' title='bbox 325 607 585 663; x_wconf 87' lang='lat' dir='ltr'>conjugiali,</span> <span class='ocrx_word' id='word_1_23' title='bbox 604 622 666 650; x_wconf 86' lang='lat' dir='ltr'>ex</span> <span class='ocrx_word' id='word_1_24' title='bbox 687 607 998 662; x_wconf 85' lang='lat' dir='ltr'>intelligentia</span> <span class='ocrx_word' id='word_1_25' title='bbox 1019 607 1124 648; x_wconf 92' lang='lat' dir='ltr'>inde</span> <span class='ocrx_word' id='word_1_26' title='bbox 1139 607 1364 661; x_wconf 90' lang='lat' dir='ltr'>acquisita</span> <span class='ocrx_word' id='word_1_27' title='bbox 1385 618 1572 661; x_wconf 90' lang='lat' dir='ltr'>possum</span> <span class='ocrx_word' id='word_1_28' title='bbox 1594 605 1826 660; x_wconf 86' lang='lat' dir='ltr'>Volupta-</span> 
     </span>
     <span class='ocr_line' id='line_1_5' title="bbox 325 670 1282 714; baseline -0.004 0"><span class='ocrx_word' id='word_1_29' title='bbox 325 679 397 714; x_wconf 86' lang='lat' dir='ltr'>tes</span> <span class='ocrx_word' id='word_1_30' title='bbox 423 673 481 713; x_wconf 94' lang='lat' dir='ltr'>de</span> <span class='ocrx_word' id='word_1_31' title='bbox 508 671 684 713; x_wconf 91' lang='lat' dir='ltr'>Amore</span> <span class='ocrx_word' id='word_1_32' title='bbox 710 670 984 712; x_wconf 90' lang='lat' dir='ltr'>scortatorio</span> <span class='ocrx_word' id='word_1_33' title='bbox 1011 670 1282 711; x_wconf 87' lang='lat' dir='ltr'>describere.</span> 
     </span>
    </p>

    <p class='ocr_par' dir='ltr' id='par_1_3' title="bbox 310 731 1831 3069">
     <span class='ocr_line' id='line_1_6' title="bbox 408 731 1831 790; baseline -0.003 -13"><span class='ocrx_word' id='word_1_34' title='bbox 408 745 539 790; x_wconf 79' lang='lat'><strong>425.</strong></span> <span class='ocrx_word' id='word_1_35' title='bbox 581 733 664 789; x_wconf 85' lang='lat' dir='ltr'>(ii.)</span> <span class='ocrx_word' id='word_1_36' title='bbox 701 733 830 786; x_wconf 78' lang='lat' dir='ltr'>Quod</span> <span class='ocrx_word' id='word_1_37' title='bbox 855 747 983 775; x_wconf 82' lang='lat' dir='ltr'>amor</span> <span class='ocrx_word' id='word_1_38' title='bbox 1012 732 1303 774; x_wconf 82' lang='lat' dir='ltr'>scortatorz‘us</span> <span class='ocrx_word' id='word_1_39' title='bbox 1332 732 1395 774; x_wconf 84' lang='lat' dir='ltr'>sit</span> <span class='ocrx_word' id='word_1_40' title='bbox 1424 731 1651 786; x_wconf 83' lang='lat' dir='ltr'>oppositus</span> <span class='ocrx_word' id='word_1_41' title='bbox 1682 731 1831 773; x_wconf 80' lang='lat' dir='ltr'>amori</span> 
     </span>
     <span class='ocr_line' id='line_1_7' title="bbox 322 795 1824 854; baseline -0.002 -15"><span class='ocrx_word' id='word_1_42' title='bbox 322 797 746 854; x_wconf 78' lang='lat' dir='ltr'>conjugialz&#39;.—Non</span> <span class='ocrx_word' id='word_1_43' title='bbox 764 798 898 839; x_wconf 88' lang='lat' dir='ltr'>datur</span> <span class='ocrx_word' id='word_1_44' title='bbox 919 798 964 838; x_wconf 90' lang='lat' dir='ltr'>in</span> <span class='ocrx_word' id='word_1_45' title='bbox 987 797 1200 837; x_wconf 90' lang='lat' dir='ltr'>universo</span> <span class='ocrx_word' id='word_1_46' title='bbox 1218 795 1389 850; x_wconf 90' lang='lat' dir='ltr'>aliquid</span> <span class='ocrx_word' id='word_1_47' title='bbox 1406 796 1476 837; x_wconf 88' lang='lat' dir='ltr'>cui</span> <span class='ocrx_word' id='word_1_48' title='bbox 1495 809 1586 837; x_wconf 91' lang='lat' dir='ltr'>non</span> <span class='ocrx_word' id='word_1_49' title='bbox 1605 801 1676 836; x_wconf 91' lang='lat' dir='ltr'>est</span> <span class='ocrx_word' id='word_1_50' title='bbox 1695 807 1824 836; x_wconf 90' lang='lat' dir='ltr'>suum</span> 
     </span>
     <span class='ocr_line' id='line_1_8' title="bbox 323 858 1824 918; baseline -0.003 -15"><span class='ocrx_word' id='word_1_51' title='bbox 323 861 601 916; x_wconf 88' lang='lat' dir='ltr'>oppositum,</span> <span class='ocrx_word' id='word_1_52' title='bbox 643 874 695 902; x_wconf 87' lang='lat' dir='ltr'>ac</span> <span class='ocrx_word' id='word_1_53' title='bbox 737 861 953 914; x_wconf 87' lang='lat' dir='ltr'>opposita</span> <span class='ocrx_word' id='word_1_54' title='bbox 988 873 1081 901; x_wconf 91' lang='lat' dir='ltr'>non</span> <span class='ocrx_word' id='word_1_55' title='bbox 1111 866 1224 901; x_wconf 82' lang='lat' dir='ltr'>sunt</span> <span class='ocrx_word' id='word_1_56' title='bbox 1261 860 1381 918; x_wconf 74' lang='lat' dir='ltr'>inter</span> <span class='ocrx_word' id='word_1_57' title='bbox 1417 873 1465 900; x_wconf 94' lang='lat' dir='ltr'>se</span> <span class='ocrx_word' id='word_1_58' title='bbox 1502 858 1709 907; x_wconf 86' lang='lat' dir='ltr'>relativa,</span> <span class='ocrx_word' id='word_1_59' title='bbox 1742 858 1824 899; x_wconf 91' lang='lat' dir='ltr'>sed</span> 
     </span>
     <span class='ocr_line' id='line_1_9' title="bbox 323 922 1823 966; baseline -0.003 0"><span class='ocrx_word' id='word_1_60' title='bbox 323 931 429 966; x_wconf 89' lang='lat' dir='ltr'>sunt</span> <span class='ocrx_word' id='word_1_61' title='bbox 456 924 712 966; x_wconf 88' lang='lat' dir='ltr'>contraria:</span> <span class='ocrx_word' id='word_1_62' title='bbox 746 924 940 965; x_wconf 88' lang='lat' dir='ltr'>relativa</span> <span class='ocrx_word' id='word_1_63' title='bbox 966 930 1072 965; x_wconf 90' lang='lat' dir='ltr'>sunt</span> <span class='ocrx_word' id='word_1_64' title='bbox 1098 924 1219 965; x_wconf 89' lang='lat' dir='ltr'>inter</span> <span class='ocrx_word' id='word_1_65' title='bbox 1239 923 1491 964; x_wconf 86' lang='lat' dir='ltr'>maximum</span> <span class='ocrx_word' id='word_1_66' title='bbox 1513 929 1561 964; x_wconf 90' lang='lat' dir='ltr'>et</span> <span class='ocrx_word' id='word_1_67' title='bbox 1587 922 1823 963; x_wconf 90' lang='lat' dir='ltr'>minimum</span> 
     </span>
     <span class='ocr_line' id='line_1_10' title="bbox 322 985 1820 1042; baseline -0.002 -13"><span class='ocrx_word' id='word_1_68' title='bbox 322 988 526 1042; x_wconf 91' lang='lat' dir='ltr'>ejusdem</span> <span class='ocrx_word' id='word_1_69' title='bbox 557 988 634 1037; x_wconf 89' lang='lat' dir='ltr'>rei,</span> <span class='ocrx_word' id='word_1_70' title='bbox 668 987 749 1029; x_wconf 90' lang='lat' dir='ltr'>sed</span> <span class='ocrx_word' id='word_1_71' title='bbox 785 988 1018 1029; x_wconf 87' lang='lat' dir='ltr'>contraria</span> <span class='ocrx_word' id='word_1_72' title='bbox 1048 993 1154 1028; x_wconf 89' lang='lat' dir='ltr'>sunt</span> <span class='ocrx_word' id='word_1_73' title='bbox 1194 1001 1255 1028; x_wconf 88' lang='lat' dir='ltr'>ex</span> <span class='ocrx_word' id='word_1_74' title='bbox 1286 987 1503 1040; x_wconf 88' lang='lat' dir='ltr'>opposito</span> <span class='ocrx_word' id='word_1_75' title='bbox 1534 992 1697 1027; x_wconf 89' lang='lat' dir='ltr'>contra</span> <span class='ocrx_word' id='word_1_76' title='bbox 1728 985 1820 1034; x_wconf 90' lang='lat' dir='ltr'>illa,</span> 
     </span>
     <span class='ocr_line' id='line_1_11' title="bbox 322 1050 1821 1104; baseline -0.002 -11"><span class='ocrx_word' id='word_1_77' title='bbox 322 1057 371 1093; x_wconf 91' lang='lat' dir='ltr'>et</span> <span class='ocrx_word' id='word_1_78' title='bbox 402 1050 516 1093; x_wconf 89' lang='lat' dir='ltr'>haec</span> <span class='ocrx_word' id='word_1_79' title='bbox 549 1051 670 1092; x_wconf 90' lang='lat' dir='ltr'>inter</span> <span class='ocrx_word' id='word_1_80' title='bbox 701 1064 750 1092; x_wconf 90' lang='lat' dir='ltr'>se</span> <span class='ocrx_word' id='word_1_81' title='bbox 782 1058 888 1093; x_wconf 92' lang='lat' dir='ltr'>sunt</span> <span class='ocrx_word' id='word_1_82' title='bbox 920 1050 1130 1100; x_wconf 91' lang='lat' dir='ltr'>relativa,</span> <span class='ocrx_word' id='word_1_83' title='bbox 1159 1050 1277 1092; x_wconf 90' lang='lat' dir='ltr'>sicut</span> <span class='ocrx_word' id='word_1_84' title='bbox 1309 1050 1389 1091; x_wconf 93' lang='lat' dir='ltr'>illa</span> <span class='ocrx_word' id='word_1_85' title='bbox 1419 1050 1540 1091; x_wconf 88' lang='lat' dir='ltr'>inter</span> <span class='ocrx_word' id='word_1_86' title='bbox 1569 1063 1644 1100; x_wconf 88' lang='lat' dir='ltr'>se;</span> <span class='ocrx_word' id='word_1_87' title='bbox 1682 1063 1821 1104; x_wconf 89' lang='lat' dir='ltr'>quare</span> 
     </span>
     <span class='ocr_line' id='line_1_12' title="bbox 321 1112 1822 1169; baseline 0 -13"><span class='ocrx_word' id='word_1_88' title='bbox 321 1116 459 1156; x_wconf 92' lang='lat' dir='ltr'>etiam</span> <span class='ocrx_word' id='word_1_89' title='bbox 486 1115 613 1169; x_wconf 82' lang='lat' dir='ltr'>ipsae</span> <span class='ocrx_word' id='word_1_90' title='bbox 638 1114 888 1156; x_wconf 88' lang='lat' dir='ltr'>relationes</span> <span class='ocrx_word' id='word_1_91' title='bbox 921 1120 1027 1156; x_wconf 90' lang='lat' dir='ltr'>sunt</span> <span class='ocrx_word' id='word_1_92' title='bbox 1053 1114 1309 1168; x_wconf 89' lang='lat' dir='ltr'>oppositae.</span> <span class='ocrx_word' id='word_1_93' title='bbox 1369 1112 1506 1167; x_wconf 80' lang='lat' dir='ltr'>Quod</span> <span class='ocrx_word' id='word_1_94' title='bbox 1532 1113 1743 1155; x_wconf 90' lang='lat' dir='ltr'>omnibus</span> <span class='ocrx_word' id='word_1_95' title='bbox 1773 1119 1822 1156; x_wconf 91' lang='lat' dir='ltr'>et</span> 
     </span>
     <span class='ocr_line' id='line_1_13' title="bbox 321 1177 1820 1232; baseline 0 -13"><span class='ocrx_word' id='word_1_96' title='bbox 321 1178 512 1232; x_wconf 87' lang='lat' dir='ltr'>singulis</span> <span class='ocrx_word' id='word_1_97' title='bbox 543 1179 635 1220; x_wconf 90' lang='lat' dir='ltr'>sint</span> <span class='ocrx_word' id='word_1_98' title='bbox 668 1192 748 1219; x_wconf 90' lang='lat' dir='ltr'>sua</span> <span class='ocrx_word' id='word_1_99' title='bbox 779 1179 1010 1232; x_wconf 87' lang='lat' dir='ltr'>opposita,</span> <span class='ocrx_word' id='word_1_100' title='bbox 1038 1184 1170 1232; x_wconf 90' lang='lat' dir='ltr'>patet</span> <span class='ocrx_word' id='word_1_101' title='bbox 1202 1192 1229 1220; x_wconf 90' lang='lat' dir='ltr'>a</span> <span class='ocrx_word' id='word_1_102' title='bbox 1260 1177 1374 1228; x_wconf 91' lang='lat' dir='ltr'>luce,</span> <span class='ocrx_word' id='word_1_103' title='bbox 1403 1177 1571 1227; x_wconf 87' lang='lat' dir='ltr'>calore,</span> <span class='ocrx_word' id='word_1_104' title='bbox 1599 1178 1820 1232; x_wconf 86' lang='lat' dir='ltr'>tempori-</span> 
     </span>
     <span class='ocr_line' id='line_1_14' title="bbox 319 1240 1821 1296; baseline 0.001 -13"><span class='ocrx_word' id='word_1_105' title='bbox 319 1243 403 1284; x_wconf 91' lang='lat' dir='ltr'>bus</span> <span class='ocrx_word' id='word_1_106' title='bbox 430 1242 602 1291; x_wconf 91' lang='lat' dir='ltr'>mundi,</span> <span class='ocrx_word' id='word_1_107' title='bbox 627 1240 956 1291; x_wconf 69' lang='lat' dir='ltr'>affectionibus,</span> <span class='ocrx_word' id='word_1_108' title='bbox 980 1242 1367 1296; x_wconf 88' lang='lat' dir='ltr'>perceptionibus,</span> <span class='ocrx_word' id='word_1_109' title='bbox 1391 1241 1745 1291; x_wconf 90' lang='lat' dir='ltr'>sensationibus,</span> <span class='ocrx_word' id='word_1_110' title='bbox 1772 1247 1821 1284; x_wconf 87' lang='lat' dir='ltr'>et</span> 
     </span>
     <span class='ocr_line' id='line_1_15' title="bbox 320 1304 1819 1360; baseline 0 -14"><span class='ocrx_word' id='word_1_111' title='bbox 320 1305 522 1360; x_wconf 88' lang='lat' dir='ltr'>pluribus</span> <span class='ocrx_word' id='word_1_112' title='bbox 549 1305 662 1346; x_wconf 89' lang='lat' dir='ltr'>aliis.</span> <span class='ocrx_word' id='word_1_113' title='bbox 723 1305 861 1347; x_wconf 86' lang='lat' dir='ltr'>Lucis</span> <span class='ocrx_word' id='word_1_114' title='bbox 887 1306 1152 1359; x_wconf 89' lang='lat' dir='ltr'>oppositum</span> <span class='ocrx_word' id='word_1_115' title='bbox 1184 1311 1256 1347; x_wconf 93' lang='lat' dir='ltr'>est</span> <span class='ocrx_word' id='word_1_116' title='bbox 1289 1304 1455 1359; x_wconf 87' lang='lat' dir='ltr'>caligo,</span> <span class='ocrx_word' id='word_1_117' title='bbox 1483 1305 1647 1346; x_wconf 89' lang='lat' dir='ltr'>caloris</span> <span class='ocrx_word' id='word_1_118' title='bbox 1673 1318 1819 1359; x_wconf 90' lang='lat' dir='ltr'>oppo-</span> 
     </span>
     <span class='ocr_line' id='line_1_16' title="bbox 320 1368 1820 1423; baseline 0 -13"><span class='ocrx_word' id='word_1_119' title='bbox 320 1370 459 1410; x_wconf 89' lang='lat' dir='ltr'>situm</span> <span class='ocrx_word' id='word_1_120' title='bbox 491 1375 562 1410; x_wconf 92' lang='lat' dir='ltr'>est</span> <span class='ocrx_word' id='word_1_121' title='bbox 594 1369 747 1422; x_wconf 86' lang='lat' dir='ltr'>frigus,</span> <span class='ocrx_word' id='word_1_122' title='bbox 781 1375 1040 1422; x_wconf 89' lang='lat' dir='ltr'>temporum</span> <span class='ocrx_word' id='word_1_123' title='bbox 1073 1368 1229 1410; x_wconf 91' lang='lat' dir='ltr'>mundi</span> <span class='ocrx_word' id='word_1_124' title='bbox 1261 1369 1477 1423; x_wconf 91' lang='lat' dir='ltr'>opposita</span> <span class='ocrx_word' id='word_1_125' title='bbox 1507 1374 1613 1410; x_wconf 92' lang='lat' dir='ltr'>sunt</span> <span class='ocrx_word' id='word_1_126' title='bbox 1643 1369 1740 1410; x_wconf 88' lang='lat' dir='ltr'>dies</span> <span class='ocrx_word' id='word_1_127' title='bbox 1770 1375 1820 1411; x_wconf 90' lang='lat' dir='ltr'>et</span> 
     </span>
     <span class='ocr_line' id='line_1_17' title="bbox 319 1431 1819 1486; baseline 0.001 -13"><span class='ocrx_word' id='word_1_128' title='bbox 319 1446 430 1482; x_wconf 86' lang='lat' dir='ltr'>nox,</span> <span class='ocrx_word' id='word_1_129' title='bbox 453 1438 608 1474; x_wconf 88' lang='lat' dir='ltr'>aestas</span> <span class='ocrx_word' id='word_1_130' title='bbox 630 1439 677 1474; x_wconf 89' lang='lat' dir='ltr'>et</span> <span class='ocrx_word' id='word_1_131' title='bbox 700 1432 872 1484; x_wconf 90' lang='lat' dir='ltr'>hiems;</span> <span class='ocrx_word' id='word_1_132' title='bbox 905 1431 1193 1474; x_wconf 60' lang='lat' dir='ltr'>affectionum</span> <span class='ocrx_word' id='word_1_133' title='bbox 1217 1433 1432 1486; x_wconf 90' lang='lat' dir='ltr'>opposita</span> <span class='ocrx_word' id='word_1_134' title='bbox 1453 1438 1560 1473; x_wconf 92' lang='lat' dir='ltr'>sunt</span> <span class='ocrx_word' id='word_1_135' title='bbox 1582 1432 1749 1486; x_wconf 87' lang='lat' dir='ltr'>gaudia</span> <span class='ocrx_word' id='word_1_136' title='bbox 1769 1438 1819 1475; x_wconf 90' lang='lat' dir='ltr'>et</span> 
     </span>
     <span class='ocr_line' id='line_1_18' title="bbox 319 1494 1820 1550; baseline -0.001 -13"><span class='ocrx_word' id='word_1_137' title='bbox 319 1494 481 1545; x_wconf 59' lang='lat' dir='ltr'>lufftus,</span> <span class='ocrx_word' id='word_1_138' title='bbox 514 1509 567 1537; x_wconf 90' lang='lat' dir='ltr'>ac</span> <span class='ocrx_word' id='word_1_139' title='bbox 609 1495 816 1537; x_wconf 86' lang='lat' dir='ltr'>laetitiae</span> <span class='ocrx_word' id='word_1_140' title='bbox 848 1501 895 1537; x_wconf 93' lang='lat' dir='ltr'>et</span> <span class='ocrx_word' id='word_1_141' title='bbox 938 1496 1186 1547; x_wconf 91' lang='lat' dir='ltr'>tristitiae;</span> <span class='ocrx_word' id='word_1_142' title='bbox 1227 1495 1576 1550; x_wconf 85' lang='lat' dir='ltr'>perceptionum</span> <span class='ocrx_word' id='word_1_143' title='bbox 1608 1496 1820 1550; x_wconf 88' lang='lat' dir='ltr'>opposita</span> 
     </span>
     <span class='ocr_line' id='line_1_19' title="bbox 318 1558 1817 1613; baseline -0.001 -13"><span class='ocrx_word' id='word_1_144' title='bbox 318 1566 425 1601; x_wconf 90' lang='lat' dir='ltr'>sunt</span> <span class='ocrx_word' id='word_1_145' title='bbox 447 1560 568 1600; x_wconf 92' lang='lat' dir='ltr'>bona</span> <span class='ocrx_word' id='word_1_146' title='bbox 590 1565 637 1600; x_wconf 91' lang='lat' dir='ltr'>et</span> <span class='ocrx_word' id='word_1_147' title='bbox 661 1559 797 1608; x_wconf 87' lang='lat' dir='ltr'>mala,</span> <span class='ocrx_word' id='word_1_148' title='bbox 817 1572 870 1600; x_wconf 90' lang='lat' dir='ltr'>ac</span> <span class='ocrx_word' id='word_1_149' title='bbox 893 1572 1000 1600; x_wconf 90' lang='lat' dir='ltr'>vera</span> <span class='ocrx_word' id='word_1_150' title='bbox 1022 1565 1069 1600; x_wconf 93' lang='lat' dir='ltr'>et</span> <span class='ocrx_word' id='word_1_151' title='bbox 1091 1558 1206 1600; x_wconf 87' lang='lat' dir='ltr'>falsa</span> <span class='ocrx_word' id='word_1_152' title='bbox 1223 1573 1233 1610; x_wconf 91' lang='lat'>;</span> <span class='ocrx_word' id='word_1_153' title='bbox 1266 1566 1313 1600; x_wconf 92' lang='lat' dir='ltr'>et</span> <span class='ocrx_word' id='word_1_154' title='bbox 1336 1559 1650 1600; x_wconf 88' lang='lat' dir='ltr'>sensationum</span> <span class='ocrx_word' id='word_1_155' title='bbox 1672 1570 1817 1613; x_wconf 90' lang='lat' dir='ltr'>oppo-</span> 
     </span>
     <span class='ocr_line' id='line_1_20' title="bbox 318 1621 1819 1676; baseline 0 -12"><span class='ocrx_word' id='word_1_156' title='bbox 318 1623 408 1665; x_wconf 91' lang='lat' dir='ltr'>sita</span> <span class='ocrx_word' id='word_1_157' title='bbox 439 1629 545 1665; x_wconf 88' lang='lat' dir='ltr'>sunt</span> <span class='ocrx_word' id='word_1_158' title='bbox 571 1622 771 1676; x_wconf 91' lang='lat' dir='ltr'>jucunda</span> <span class='ocrx_word' id='word_1_159' title='bbox 802 1628 851 1664; x_wconf 91' lang='lat' dir='ltr'>et</span> <span class='ocrx_word' id='word_1_160' title='bbox 892 1621 1148 1675; x_wconf 90' lang='lat' dir='ltr'>injucunda.</span> <span class='ocrx_word' id='word_1_161' title='bbox 1210 1622 1323 1664; x_wconf 92' lang='lat' dir='ltr'>Inde</span> <span class='ocrx_word' id='word_1_162' title='bbox 1354 1622 1399 1663; x_wconf 91' lang='lat' dir='ltr'>in</span> <span class='ocrx_word' id='word_1_163' title='bbox 1430 1623 1554 1663; x_wconf 90' lang='lat' dir='ltr'>omni</span> <span class='ocrx_word' id='word_1_164' title='bbox 1585 1621 1819 1664; x_wconf 86' lang='lat' dir='ltr'>evidentia</span> 
     </span>
     <span class='ocr_line' id='line_1_21' title="bbox 318 1685 1816 1739; baseline -0.001 -12"><span class='ocrx_word' id='word_1_165' title='bbox 318 1686 530 1728; x_wconf 88' lang='lat' dir='ltr'>concludi</span> <span class='ocrx_word' id='word_1_166' title='bbox 563 1691 734 1739; x_wconf 87' lang='lat' dir='ltr'>potest,</span> <span class='ocrx_word' id='word_1_167' title='bbox 768 1686 890 1739; x_wconf 92' lang='lat' dir='ltr'>quod</span> <span class='ocrx_word' id='word_1_168' title='bbox 921 1685 1065 1726; x_wconf 89' lang='lat' dir='ltr'>amori</span> <span class='ocrx_word' id='word_1_169' title='bbox 1095 1685 1342 1739; x_wconf 85' lang='lat' dir='ltr'>conjugiali</span> <span class='ocrx_word' id='word_1_170' title='bbox 1378 1685 1438 1726; x_wconf 90' lang='lat' dir='ltr'>sit</span> <span class='ocrx_word' id='word_1_171' title='bbox 1469 1698 1598 1726; x_wconf 91' lang='lat' dir='ltr'>suum</span> <span class='ocrx_word' id='word_1_172' title='bbox 1629 1685 1816 1739; x_wconf 90' lang='lat' dir='ltr'>opposi-</span> 
     </span>
     <span class='ocr_line' id='line_1_22' title="bbox 317 1747 1814 1803; baseline -0.001 -12"><span class='ocrx_word' id='word_1_173' title='bbox 317 1756 429 1791; x_wconf 91' lang='lat' dir='ltr'>tum.</span> <span class='ocrx_word' id='word_1_174' title='bbox 480 1749 615 1802; x_wconf 77' lang='lat' dir='ltr'>Quod</span> <span class='ocrx_word' id='word_1_175' title='bbox 638 1749 725 1790; x_wconf 90' lang='lat' dir='ltr'>hoc</span> <span class='ocrx_word' id='word_1_176' title='bbox 745 1749 804 1790; x_wconf 89' lang='lat' dir='ltr'>sit</span> <span class='ocrx_word' id='word_1_177' title='bbox 823 1748 1112 1798; x_wconf 89' lang='lat' dir='ltr'>adulterium,</span> <span class='ocrx_word' id='word_1_178' title='bbox 1127 1750 1434 1803; x_wconf 87' lang='lat' dir='ltr'>unusquisque</span> <span class='ocrx_word' id='word_1_179' title='bbox 1451 1754 1623 1803; x_wconf 89' lang='lat' dir='ltr'>potest,</span> <span class='ocrx_word' id='word_1_180' title='bbox 1642 1749 1679 1789; x_wconf 88' lang='lat' dir='ltr'>si</span> <span class='ocrx_word' id='word_1_181' title='bbox 1700 1747 1814 1798; x_wconf 87' lang='lat' dir='ltr'>vult,</span> 
     </span>
     <span class='ocr_line' id='line_1_23' title="bbox 316 1811 1816 1861; baseline 0.001 -8"><span class='ocrx_word' id='word_1_182' title='bbox 316 1827 378 1854; x_wconf 89' lang='lat' dir='ltr'>ex</span> <span class='ocrx_word' id='word_1_183' title='bbox 410 1813 619 1853; x_wconf 89' lang='lat' dir='ltr'>omnibus</span> <span class='ocrx_word' id='word_1_184' title='bbox 650 1825 790 1854; x_wconf 90' lang='lat' dir='ltr'>sanae</span> <span class='ocrx_word' id='word_1_185' title='bbox 821 1813 1012 1853; x_wconf 90' lang='lat' dir='ltr'>rationis</span> <span class='ocrx_word' id='word_1_186' title='bbox 1038 1811 1358 1854; x_wconf 57' lang='lat' dir='ltr'>dictaminibus</span> <span class='ocrx_word' id='word_1_187' title='bbox 1384 1812 1565 1853; x_wconf 85' lang='lat' dir='ltr'>videre:</span> <span class='ocrx_word' id='word_1_188' title='bbox 1599 1812 1750 1861; x_wconf 88' lang='lat' dir='ltr'>dicite,</span> <span class='ocrx_word' id='word_1_189' title='bbox 1777 1811 1816 1854; x_wconf 82' lang='lat' dir='ltr'>si</span> 
     </span>
     <span class='ocr_line' id='line_1_24' title="bbox 316 1873 1814 1930; baseline -0.001 -13"><span class='ocrx_word' id='word_1_190' title='bbox 316 1877 527 1930; x_wconf 88' lang='lat' dir='ltr'>potestis,</span> <span class='ocrx_word' id='word_1_191' title='bbox 547 1875 654 1929; x_wconf 91' lang='lat' dir='ltr'>quid</span> <span class='ocrx_word' id='word_1_192' title='bbox 681 1875 803 1916; x_wconf 91' lang='lat' dir='ltr'>aliud</span> <span class='ocrx_word' id='word_1_193' title='bbox 822 1875 916 1928; x_wconf 92' lang='lat' dir='ltr'>ejus</span> <span class='ocrx_word' id='word_1_194' title='bbox 933 1876 1197 1929; x_wconf 90' lang='lat' dir='ltr'>oppositum</span> <span class='ocrx_word' id='word_1_195' title='bbox 1216 1881 1302 1916; x_wconf 89' lang='lat' dir='ltr'>est.</span> <span class='ocrx_word' id='word_1_196' title='bbox 1363 1873 1580 1923; x_wconf 86' lang='lat' dir='ltr'>Accedit,</span> <span class='ocrx_word' id='word_1_197' title='bbox 1600 1875 1814 1928; x_wconf 82' lang='lat' dir='ltr'>quoniam</span> 
     </span>
     <span class='ocr_line' id='line_1_25' title="bbox 315 1937 1812 1991; baseline -0.001 -11"><span class='ocrx_word' id='word_1_198' title='bbox 315 1953 429 1980; x_wconf 90' lang='lat' dir='ltr'>sana</span> <span class='ocrx_word' id='word_1_199' title='bbox 454 1939 572 1980; x_wconf 89' lang='lat' dir='ltr'>ratio</span> <span class='ocrx_word' id='word_1_200' title='bbox 604 1953 664 1979; x_wconf 89' lang='lat' dir='ltr'>ex</span> <span class='ocrx_word' id='word_1_201' title='bbox 696 1952 778 1979; x_wconf 90' lang='lat' dir='ltr'>sua</span> <span class='ocrx_word' id='word_1_202' title='bbox 803 1938 904 1980; x_wconf 91' lang='lat' dir='ltr'>luce</span> <span class='ocrx_word' id='word_1_203' title='bbox 936 1939 1022 1980; x_wconf 93' lang='lat' dir='ltr'>hoc</span> <span class='ocrx_word' id='word_1_204' title='bbox 1050 1938 1293 1979; x_wconf 89' lang='lat' dir='ltr'>manifeste</span> <span class='ocrx_word' id='word_1_205' title='bbox 1318 1937 1474 1979; x_wconf 89' lang='lat' dir='ltr'>videre</span> <span class='ocrx_word' id='word_1_206' title='bbox 1500 1938 1665 1991; x_wconf 86' lang='lat' dir='ltr'>potuit,</span> <span class='ocrx_word' id='word_1_207' title='bbox 1692 1937 1812 1988; x_wconf 89' lang='lat' dir='ltr'>ideo,</span> 
     </span>
     <span class='ocr_line' id='line_1_26' title="bbox 314 2001 1814 2056; baseline -0.001 -11"><span class='ocrx_word' id='word_1_208' title='bbox 314 2003 394 2047; x_wconf 89' lang='lat' dir='ltr'>illa</span> <span class='ocrx_word' id='word_1_209' title='bbox 416 2003 612 2044; x_wconf 87' lang='lat' dir='ltr'>sancivit</span> <span class='ocrx_word' id='word_1_210' title='bbox 637 2002 779 2055; x_wconf 84' lang='lat' dir='ltr'>leges,</span> <span class='ocrx_word' id='word_1_211' title='bbox 797 2016 913 2056; x_wconf 86' lang='lat' dir='ltr'>quae</span> <span class='ocrx_word' id='word_1_212' title='bbox 937 2009 1163 2043; x_wconf 89' lang='lat' dir='ltr'>vocantur</span> <span class='ocrx_word' id='word_1_213' title='bbox 1179 2001 1385 2055; x_wconf 89' lang='lat' dir='ltr'>justitiae</span> <span class='ocrx_word' id='word_1_214' title='bbox 1407 2001 1579 2050; x_wconf 87' lang='lat' dir='ltr'>civiles,</span> <span class='ocrx_word' id='word_1_215' title='bbox 1600 2015 1682 2055; x_wconf 85' lang='lat' dir='ltr'>pro</span> <span class='ocrx_word' id='word_1_216' title='bbox 1702 2014 1814 2044; x_wconf 88' lang='lat' dir='ltr'>con-</span> 
     </span>
     <span class='ocr_line' id='line_1_27' title="bbox 310 2065 1814 2121; baseline 0.001 -14"><span class='ocrx_word' id='word_1_217' title='bbox 310 2067 460 2121; x_wconf 84' lang='lat' dir='ltr'>jugiis,</span> <span class='ocrx_word' id='word_1_218' title='bbox 494 2072 542 2107; x_wconf 89' lang='lat' dir='ltr'>et</span> <span class='ocrx_word' id='word_1_219' title='bbox 574 2071 736 2106; x_wconf 86' lang='lat' dir='ltr'>contra</span> <span class='ocrx_word' id='word_1_220' title='bbox 767 2065 1006 2107; x_wconf 89' lang='lat' dir='ltr'>adulteria.</span> <span class='ocrx_word' id='word_1_221' title='bbox 1082 2065 1149 2107; x_wconf 90' lang='lat' dir='ltr'>Ut</span> <span class='ocrx_word' id='word_1_222' title='bbox 1181 2065 1328 2106; x_wconf 90' lang='lat' dir='ltr'>adhuc</span> <span class='ocrx_word' id='word_1_223' title='bbox 1360 2065 1622 2106; x_wconf 88' lang='lat' dir='ltr'>exstantius</span> <span class='ocrx_word' id='word_1_224' title='bbox 1653 2071 1814 2119; x_wconf 83' lang='lat' dir='ltr'>pateat</span> 
     </span>
     <span class='ocr_line' id='line_1_28' title="bbox 314 2127 1813 2184; baseline 0 -13"><span class='ocrx_word' id='word_1_225' title='bbox 314 2130 437 2184; x_wconf 89' lang='lat' dir='ltr'>quod</span> <span class='ocrx_word' id='word_1_226' title='bbox 468 2128 684 2183; x_wconf 92' lang='lat' dir='ltr'>opposita</span> <span class='ocrx_word' id='word_1_227' title='bbox 714 2128 821 2178; x_wconf 88' lang='lat' dir='ltr'>sint,</span> <span class='ocrx_word' id='word_1_228' title='bbox 854 2128 963 2170; x_wconf 90' lang='lat' dir='ltr'>licet</span> <span class='ocrx_word' id='word_1_229' title='bbox 994 2127 1157 2169; x_wconf 88' lang='lat' dir='ltr'>referre</span> <span class='ocrx_word' id='word_1_230' title='bbox 1190 2127 1312 2182; x_wconf 93' lang='lat' dir='ltr'>quod</span> <span class='ocrx_word' id='word_1_231' title='bbox 1352 2128 1533 2181; x_wconf 90' lang='lat' dir='ltr'>saepius</span> <span class='ocrx_word' id='word_1_232' title='bbox 1564 2129 1609 2169; x_wconf 92' lang='lat' dir='ltr'>in</span> <span class='ocrx_word' id='word_1_233' title='bbox 1641 2130 1813 2171; x_wconf 90' lang='lat' dir='ltr'>mundo</span> 
     </span>
     <span class='ocr_line' id='line_1_29' title="bbox 314 2191 1812 2248; baseline 0 -14"><span class='ocrx_word' id='word_1_234' title='bbox 314 2193 537 2248; x_wconf 88' lang='lat' dir='ltr'>spirituali</span> <span class='ocrx_word' id='word_1_235' title='bbox 562 2192 669 2234; x_wconf 89' lang='lat' dir='ltr'>vidi.</span> <span class='ocrx_word' id='word_1_236' title='bbox 724 2191 923 2245; x_wconf 83' lang='lat' dir='ltr'>Quando</span> <span class='ocrx_word' id='word_1_237' title='bbox 949 2191 1015 2232; x_wconf 91' lang='lat' dir='ltr'>illi</span> <span class='ocrx_word' id='word_1_238' title='bbox 1037 2192 1111 2245; x_wconf 89' lang='lat' dir='ltr'>qui</span> <span class='ocrx_word' id='word_1_239' title='bbox 1134 2191 1178 2232; x_wconf 91' lang='lat' dir='ltr'>in</span> <span class='ocrx_word' id='word_1_240' title='bbox 1202 2191 1374 2232; x_wconf 91' lang='lat' dir='ltr'>mundo</span> <span class='ocrx_word' id='word_1_241' title='bbox 1397 2191 1596 2232; x_wconf 90' lang='lat' dir='ltr'>naturali</span> <span class='ocrx_word' id='word_1_242' title='bbox 1618 2205 1679 2233; x_wconf 88' lang='lat' dir='ltr'>ex</span> <span class='ocrx_word' id='word_1_243' title='bbox 1701 2205 1812 2234; x_wconf 93' lang='lat' dir='ltr'>con-</span> 
     </span>
     <span class='ocr_line' id='line_1_30' title="bbox 313 2254 1813 2310; baseline 0.001 -13"><span class='ocrx_word' id='word_1_244' title='bbox 313 2256 493 2298; x_wconf 84' lang='lat' dir='ltr'>firmato</span> <span class='ocrx_word' id='word_1_245' title='bbox 510 2255 705 2298; x_wconf 90' lang='lat' dir='ltr'>adulteri</span> <span class='ocrx_word' id='word_1_246' title='bbox 726 2256 921 2304; x_wconf 89' lang='lat' dir='ltr'>fuerunt,</span> <span class='ocrx_word' id='word_1_247' title='bbox 939 2256 1194 2309; x_wconf 90' lang='lat' dir='ltr'>percipiunt</span> <span class='ocrx_word' id='word_1_248' title='bbox 1212 2254 1453 2308; x_wconf 88' lang='lat' dir='ltr'>sphaeram</span> <span class='ocrx_word' id='word_1_249' title='bbox 1472 2256 1638 2296; x_wconf 87' lang='lat' dir='ltr'>amoris</span> <span class='ocrx_word' id='word_1_250' title='bbox 1656 2255 1813 2310; x_wconf 81' lang='lat' dir='ltr'>conJu-</span> 
     </span>
     <span class='ocr_line' id='line_1_31' title="bbox 313 2316 1813 2374; baseline 0 -14"><span class='ocrx_word' id='word_1_251' title='bbox 313 2319 446 2374; x_wconf 87' lang='lat' dir='ltr'>gialis</span> <span class='ocrx_word' id='word_1_252' title='bbox 465 2319 742 2360; x_wconf 88' lang='lat' dir='ltr'>defluentem</span> <span class='ocrx_word' id='word_1_253' title='bbox 760 2333 785 2360; x_wconf 92' lang='lat' dir='ltr'>e</span> <span class='ocrx_word' id='word_1_254' title='bbox 804 2318 948 2366; x_wconf 88' lang='lat' dir='ltr'>caelo,</span> <span class='ocrx_word' id='word_1_255' title='bbox 965 2316 1168 2359; x_wconf 71' lang='lat' dir='ltr'>ac&#39;tutum</span> <span class='ocrx_word' id='word_1_256' title='bbox 1186 2317 1260 2359; x_wconf 92' lang='lat' dir='ltr'>vel</span> <span class='ocrx_word' id='word_1_257' title='bbox 1278 2317 1514 2371; x_wconf 86' lang='lat' dir='ltr'>aufugiunt</span> <span class='ocrx_word' id='word_1_258' title='bbox 1532 2319 1576 2359; x_wconf 90' lang='lat' dir='ltr'>in</span> <span class='ocrx_word' id='word_1_259' title='bbox 1594 2332 1813 2360; x_wconf 89' lang='lat' dir='ltr'>cavernas</span> 
     </span>
     <span class='ocr_line' id='line_1_32' title="bbox 313 2381 1812 2431; baseline 0 -7"><span class='ocrx_word' id='word_1_260' title='bbox 313 2392 360 2425; x_wconf 90' lang='lat' dir='ltr'>et</span> <span class='ocrx_word' id='word_1_261' title='bbox 384 2397 432 2424; x_wconf 90' lang='lat' dir='ltr'>se</span> <span class='ocrx_word' id='word_1_262' title='bbox 455 2383 760 2431; x_wconf 88' lang='lat' dir='ltr'>abscondunt,</span> <span class='ocrx_word' id='word_1_263' title='bbox 783 2382 857 2423; x_wconf 90' lang='lat' dir='ltr'>vel</span> <span class='ocrx_word' id='word_1_264' title='bbox 880 2382 916 2422; x_wconf 92' lang='lat' dir='ltr'>si</span> <span class='ocrx_word' id='word_1_265' title='bbox 939 2381 1178 2422; x_wconf 90' lang='lat' dir='ltr'>obstinant</span> <span class='ocrx_word' id='word_1_266' title='bbox 1202 2394 1250 2422; x_wconf 90' lang='lat' dir='ltr'>se</span> <span class='ocrx_word' id='word_1_267' title='bbox 1272 2387 1435 2422; x_wconf 90' lang='lat' dir='ltr'>contra</span> <span class='ocrx_word' id='word_1_268' title='bbox 1456 2381 1596 2431; x_wconf 89' lang='lat' dir='ltr'>illam,</span> <span class='ocrx_word' id='word_1_269' title='bbox 1621 2395 1812 2424; x_wconf 82' lang='lat' dir='ltr'>exacer-</span> 
     </span>
     <span class='ocr_line' id='line_1_33' title="bbox 312 2443 1813 2500; baseline -0.001 -13"><span class='ocrx_word' id='word_1_270' title='bbox 312 2447 481 2487; x_wconf 88' lang='lat' dir='ltr'>bantur</span> <span class='ocrx_word' id='word_1_271' title='bbox 496 2446 660 2495; x_wconf 88' lang='lat' dir='ltr'>furore,</span> <span class='ocrx_word' id='word_1_272' title='bbox 685 2452 733 2487; x_wconf 93' lang='lat' dir='ltr'>et</span> <span class='ocrx_word' id='word_1_273' title='bbox 759 2445 872 2487; x_wconf 87' lang='lat' dir='ltr'>fiunt</span> <span class='ocrx_word' id='word_1_274' title='bbox 896 2445 1012 2486; x_wconf 88' lang='lat' dir='ltr'>sicut</span> <span class='ocrx_word' id='word_1_275' title='bbox 1032 2444 1184 2486; x_wconf 88' lang='lat' dir='ltr'>furiae.</span> <span class='ocrx_word' id='word_1_276' title='bbox 1247 2443 1383 2497; x_wconf 80' lang='lat' dir='ltr'>Quod</span> <span class='ocrx_word' id='word_1_277' title='bbox 1406 2444 1587 2494; x_wconf 72' lang='lat' dir='ltr'>itafiat,</span> <span class='ocrx_word' id='word_1_278' title='bbox 1611 2451 1682 2487; x_wconf 90' lang='lat' dir='ltr'>est</span> <span class='ocrx_word' id='word_1_279' title='bbox 1707 2445 1813 2500; x_wconf 86' lang='lat' dir='ltr'>quia</span> 
     </span>
     <span class='ocr_line' id='line_1_34' title="bbox 313 2507 1811 2563; baseline 0 -13"><span class='ocrx_word' id='word_1_280' title='bbox 313 2510 466 2551; x_wconf 90' lang='lat' dir='ltr'>omnia</span> <span class='ocrx_word' id='word_1_281' title='bbox 480 2509 772 2551; x_wconf 81' lang='lat' dir='ltr'>affectionum</span> <span class='ocrx_word' id='word_1_282' title='bbox 786 2508 988 2563; x_wconf 90' lang='lat' dir='ltr'>jucunda</span> <span class='ocrx_word' id='word_1_283' title='bbox 1010 2514 1057 2549; x_wconf 92' lang='lat' dir='ltr'>et</span> <span class='ocrx_word' id='word_1_284' title='bbox 1079 2507 1323 2561; x_wconf 89' lang='lat' dir='ltr'>injucunda</span> <span class='ocrx_word' id='word_1_285' title='bbox 1341 2509 1651 2562; x_wconf 89' lang='lat' dir='ltr'>percipiuntur</span> <span class='ocrx_word' id='word_1_286' title='bbox 1667 2509 1743 2558; x_wconf 89' lang='lat' dir='ltr'>ibi,</span> <span class='ocrx_word' id='word_1_287' title='bbox 1762 2514 1811 2550; x_wconf 88' lang='lat' dir='ltr'>et</span> 
     </span>
     <span class='ocr_line' id='line_1_35' title="bbox 313 2570 1810 2627; baseline 0.001 -14"><span class='ocrx_word' id='word_1_288' title='bbox 313 2573 585 2627; x_wconf 89' lang='lat' dir='ltr'>quandoque</span> <span class='ocrx_word' id='word_1_289' title='bbox 603 2579 698 2614; x_wconf 88' lang='lat' dir='ltr'>tam</span> <span class='ocrx_word' id='word_1_290' title='bbox 717 2572 839 2614; x_wconf 89' lang='lat' dir='ltr'>clare</span> <span class='ocrx_word' id='word_1_291' title='bbox 854 2572 971 2613; x_wconf 91' lang='lat' dir='ltr'>sicut</span> <span class='ocrx_word' id='word_1_292' title='bbox 986 2571 1099 2612; x_wconf 91' lang='lat' dir='ltr'>odor</span> <span class='ocrx_word' id='word_1_293' title='bbox 1114 2572 1364 2625; x_wconf 90' lang='lat' dir='ltr'>percipitur</span> <span class='ocrx_word' id='word_1_294' title='bbox 1381 2570 1562 2620; x_wconf 59' lang='lat' dir='ltr'>olfactu,</span> <span class='ocrx_word' id='word_1_295' title='bbox 1580 2584 1671 2613; x_wconf 91' lang='lat' dir='ltr'>non</span> <span class='ocrx_word' id='word_1_296' title='bbox 1689 2571 1810 2614; x_wconf 86' lang='lat' dir='ltr'>enim</span> 
     </span>
     <span class='ocr_line' id='line_1_36' title="bbox 313 2633 1810 2689; baseline 0 -13"><span class='ocrx_word' id='word_1_297' title='bbox 313 2642 385 2677; x_wconf 90' lang='lat' dir='ltr'>est</span> <span class='ocrx_word' id='word_1_298' title='bbox 402 2635 491 2676; x_wconf 91' lang='lat' dir='ltr'>illis</span> <span class='ocrx_word' id='word_1_299' title='bbox 510 2635 746 2676; x_wconf 90' lang='lat' dir='ltr'>materiale</span> <span class='ocrx_word' id='word_1_300' title='bbox 764 2648 927 2689; x_wconf 88' lang='lat' dir='ltr'>corpus</span> <span class='ocrx_word' id='word_1_301' title='bbox 944 2634 1065 2688; x_wconf 93' lang='lat' dir='ltr'>quod</span> <span class='ocrx_word' id='word_1_302' title='bbox 1084 2633 1195 2675; x_wconf 91' lang='lat' dir='ltr'>talia</span> <span class='ocrx_word' id='word_1_303' title='bbox 1212 2634 1442 2676; x_wconf 87' lang='lat' dir='ltr'>absorbet.</span> <span class='ocrx_word' id='word_1_304' title='bbox 1499 2633 1635 2687; x_wconf 81' lang='lat' dir='ltr'>Quod</span> <span class='ocrx_word' id='word_1_305' title='bbox 1654 2640 1810 2676; x_wconf 87' lang='lat' dir='ltr'>autem</span> 
     </span>
     <span class='ocr_line' id='line_1_37' title="bbox 314 2697 1809 2753; baseline -0.001 -13"><span class='ocrx_word' id='word_1_306' title='bbox 314 2699 547 2753; x_wconf 89' lang='lat' dir='ltr'>oppositio</span> <span class='ocrx_word' id='word_1_307' title='bbox 568 2699 734 2739; x_wconf 90' lang='lat' dir='ltr'>amoris</span> <span class='ocrx_word' id='word_1_308' title='bbox 756 2698 1018 2740; x_wconf 86' lang='lat' dir='ltr'>scortatorii</span> <span class='ocrx_word' id='word_1_309' title='bbox 1045 2703 1091 2738; x_wconf 92' lang='lat' dir='ltr'>et</span> <span class='ocrx_word' id='word_1_310' title='bbox 1119 2698 1286 2738; x_wconf 89' lang='lat' dir='ltr'>amoris</span> <span class='ocrx_word' id='word_1_311' title='bbox 1308 2697 1575 2751; x_wconf 88' lang='lat' dir='ltr'>conjugialis</span> <span class='ocrx_word' id='word_1_312' title='bbox 1600 2711 1628 2739; x_wconf 93' lang='lat' dir='ltr'>a</span> <span class='ocrx_word' id='word_1_313' title='bbox 1652 2697 1809 2739; x_wconf 81' lang='lat' dir='ltr'>multis</span> 
     </span>
     <span class='ocr_line' id='line_1_38' title="bbox 312 2759 1809 2815; baseline -0.001 -12"><span class='ocrx_word' id='word_1_314' title='bbox 312 2763 356 2803; x_wconf 91' lang='lat' dir='ltr'>in</span> <span class='ocrx_word' id='word_1_315' title='bbox 385 2762 555 2803; x_wconf 91' lang='lat' dir='ltr'>mundo</span> <span class='ocrx_word' id='word_1_316' title='bbox 581 2761 777 2803; x_wconf 90' lang='lat' dir='ltr'>naturali</span> <span class='ocrx_word' id='word_1_317' title='bbox 803 2762 1054 2815; x_wconf 87' lang='lat' dir='ltr'>ignoretur,</span> <span class='ocrx_word' id='word_1_318' title='bbox 1082 2766 1154 2801; x_wconf 91' lang='lat' dir='ltr'>est</span> <span class='ocrx_word' id='word_1_319' title='bbox 1181 2774 1240 2801; x_wconf 89' lang='lat' dir='ltr'>ex</span> <span class='ocrx_word' id='word_1_320' title='bbox 1268 2759 1478 2814; x_wconf 89' lang='lat' dir='ltr'>jucundis</span> <span class='ocrx_word' id='word_1_321' title='bbox 1504 2761 1666 2810; x_wconf 86' lang='lat' dir='ltr'>carnis,</span> <span class='ocrx_word' id='word_1_322' title='bbox 1693 2774 1809 2815; x_wconf 90' lang='lat' dir='ltr'>quae</span> 
     </span>
     <span class='ocr_line' id='line_1_39' title="bbox 312 2823 1808 2879; baseline -0.001 -13"><span class='ocrx_word' id='word_1_323' title='bbox 312 2831 588 2879; x_wconf 87' lang='lat' dir='ltr'>apparenter</span> <span class='ocrx_word' id='word_1_324' title='bbox 612 2824 900 2866; x_wconf 88' lang='lat' dir='ltr'>aemulantur</span> <span class='ocrx_word' id='word_1_325' title='bbox 925 2823 1125 2878; x_wconf 89' lang='lat' dir='ltr'>jucunda</span> <span class='ocrx_word' id='word_1_326' title='bbox 1150 2824 1316 2865; x_wconf 89' lang='lat' dir='ltr'>amoris</span> <span class='ocrx_word' id='word_1_327' title='bbox 1348 2823 1618 2877; x_wconf 87' lang='lat' dir='ltr'>conjugialis</span> <span class='ocrx_word' id='word_1_328' title='bbox 1647 2824 1693 2865; x_wconf 94' lang='lat' dir='ltr'>in</span> <span class='ocrx_word' id='word_1_329' title='bbox 1725 2837 1808 2865; x_wconf 86' lang='lat' dir='ltr'>ex-</span> 
     </span>
     <span class='ocr_line' id='line_1_40' title="bbox 313 2886 1809 2942; baseline -0.001 -13"><span class='ocrx_word' id='word_1_330' title='bbox 313 2889 485 2936; x_wconf 84' lang='lat' dir='ltr'>tremis,</span> <span class='ocrx_word' id='word_1_331' title='bbox 510 2894 557 2930; x_wconf 89' lang='lat' dir='ltr'>et</span> <span class='ocrx_word' id='word_1_332' title='bbox 584 2887 648 2929; x_wconf 92' lang='lat' dir='ltr'>illi</span> <span class='ocrx_word' id='word_1_333' title='bbox 675 2888 749 2942; x_wconf 89' lang='lat' dir='ltr'>qui</span> <span class='ocrx_word' id='word_1_334' title='bbox 771 2888 817 2929; x_wconf 90' lang='lat' dir='ltr'>in</span> <span class='ocrx_word' id='word_1_335' title='bbox 842 2887 952 2929; x_wconf 90' lang='lat' dir='ltr'>solis</span> <span class='ocrx_word' id='word_1_336' title='bbox 973 2886 1185 2941; x_wconf 89' lang='lat' dir='ltr'>jucundis</span> <span class='ocrx_word' id='word_1_337' title='bbox 1209 2893 1331 2936; x_wconf 86' lang='lat' dir='ltr'>sunt,</span> <span class='ocrx_word' id='word_1_338' title='bbox 1355 2900 1445 2928; x_wconf 89' lang='lat' dir='ltr'>non</span> <span class='ocrx_word' id='word_1_339' title='bbox 1467 2887 1617 2928; x_wconf 89' lang='lat' dir='ltr'>sciunt</span> <span class='ocrx_word' id='word_1_340' title='bbox 1640 2886 1809 2941; x_wconf 91' lang='lat' dir='ltr'>aliquid</span> 
     </span>
     <span class='ocr_line' id='line_1_41' title="bbox 314 2944 1808 3005; baseline -0.001 -13"><span class='ocrx_word' id='word_1_341' title='bbox 314 2951 370 2992; x_wconf 93' lang='lat' dir='ltr'>de</span> <span class='ocrx_word' id='word_1_342' title='bbox 397 2952 687 3005; x_wconf 88' lang='lat' dir='ltr'>oppositione</span> <span class='ocrx_word' id='word_1_343' title='bbox 712 2950 817 2992; x_wconf 87' lang='lat' dir='ltr'>illa:</span> <span class='ocrx_word' id='word_1_344' title='bbox 850 2944 910 2992; x_wconf 51' lang='lat' dir='ltr'>ac&#39;</span> <span class='ocrx_word' id='word_1_345' title='bbox 931 2962 1117 3004; x_wconf 90' lang='lat' dir='ltr'>possum</span> <span class='ocrx_word' id='word_1_346' title='bbox 1143 2956 1397 3000; x_wconf 88' lang='lat' dir='ltr'>autumare,</span> <span class='ocrx_word' id='word_1_347' title='bbox 1424 2950 1545 3005; x_wconf 91' lang='lat' dir='ltr'>quod</span> <span class='ocrx_word' id='word_1_348' title='bbox 1576 2950 1612 2991; x_wconf 90' lang='lat' dir='ltr'>si</span> <span class='ocrx_word' id='word_1_349' title='bbox 1637 2949 1808 2991; x_wconf 85' lang='lat' dir='ltr'>dixeris</span> 
     </span>
     <span class='ocr_line' id='line_1_42' title="bbox 314 3013 1808 3069; baseline 0 -14"><span class='ocrx_word' id='word_1_350' title='bbox 314 3015 434 3069; x_wconf 90' lang='lat' dir='ltr'>quod</span> <span class='ocrx_word' id='word_1_351' title='bbox 476 3015 714 3068; x_wconf 89' lang='lat' dir='ltr'>unicuique</span> <span class='ocrx_word' id='word_1_352' title='bbox 754 3014 818 3056; x_wconf 92' lang='lat' dir='ltr'>rei</span> <span class='ocrx_word' id='word_1_353' title='bbox 862 3014 922 3055; x_wconf 88' lang='lat' dir='ltr'>sit</span> <span class='ocrx_word' id='word_1_354' title='bbox 963 3025 1091 3055; x_wconf 89' lang='lat' dir='ltr'>suum</span> <span class='ocrx_word' id='word_1_355' title='bbox 1131 3014 1408 3068; x_wconf 88' lang='lat' dir='ltr'>oppositum,</span> <span class='ocrx_word' id='word_1_356' title='bbox 1441 3019 1488 3056; x_wconf 90' lang='lat' dir='ltr'>et</span> <span class='ocrx_word' id='word_1_357' title='bbox 1529 3013 1808 3055; x_wconf 85' lang='lat' dir='ltr'>concluseris</span> 
     </span>
    </p>
   </div>
  </div>
 </body>
</html>
