2014 3386
600 329 667 362 DE
699 327 879 361 AMORE
909 313 1337 371 CONJUGIAL1.-N'.
1364 318 1431 359 66.
1714 327 1766 371 59

269 440 462 499 angelos
501 442 731 485 caelorum
772 448 868 484 tam
909 442 1188 495 superiorum
1230 453 1365 494 quam
1406 440 1678 489 inferiorum,
1713 447 1762 481 ut

269 522 446 563 quoque
468 508 513 549 in
536 508 681 561 primo
698 506 988 561 paragrapho
1011 505 1081 547 De
1105 503 1337 557 conjugiis
1359 503 1403 543 in
1427 502 1763 551 Cae10‚,0sten-

267 585 367 613 sum
389 577 475 620 est,
500 577 686 612 constat
709 570 831 624 quod
852 570 930 611 ille
950 567 1135 625 sanctus
1161 575 1207 610 et
1230 581 1367 622 purus
1389 568 1461 608 sit.
1525 565 1661 619 Quod
1687 566 1764 607 ille

268 645 410 684 amor,
451 635 496 676 in
537 648 618 674 sua
648 634 851 678 essentia
886 646 946 674 ex
987 646 1068 673 sua
1109 631 1392 673 derivatione
1424 628 1670 683 speetatus‚
1705 631 1764 671 sit

267 696 451 739 sanetus
476 703 524 739 et
550 710 685 751 purus
711 710 819 750 prae
846 696 969 737 omni
1000 709 1156 736 amore
1187 694 1308 747 apud
1340 693 1532 747 angelos
1563 699 1610 733 et
1642 693 1763 746 apud

267 761 488 810 homines,
513 767 584 802 est
607 761 711 814 quia
736 759 813 800 ille
835 766 906 800 est
932 760 1050 800 sicut
1073 764 1212 812 caput
1234 757 1507 811 reliquorum
1530 769 1762 806 amorum;

266 825 323 866 de
354 838 442 879 qua
479 824 573 878 ejus
606 824 869 873 eminentia,
896 824 942 864 in
978 836 1097 864 nunc
1135 828 1358 876 sequente
1388 820 1583 862 articulo
1613 820 1765 874 aliqua

265 889 488 930 dicentur.

352 952 449 1006 65.
493 949 575 1005 (v.)
612 949 743 1000 Quod
768 950 903 992 etiam
935 949 998 991 sit
1029 963 1156 990 amor
1173 947 1537 1001 fundamentalis
1570 947 1765 989 omnium

267 1029 468 1058 amorum
483 1014 748 1063 caelestium,
764 1013 1085 1067 spiritualium,
1101 1020 1143 1054 et
1161 1013 1262 1053 inde
1278 1010 1763 1064 naturalium—Quod

265 1091 394 1134 amor
416 1078 697 1131 conjugialis,
718 1078 762 1118 in
785 1091 866 1118 sua
888 1077 1090 1118 essentia
1108 1075 1356 1130 spectatus,
1376 1076 1435 1116 sit
1458 1088 1585 1115 amor
1601 1075 1762 1116 funda-

266 1141 481 1183 mentalis
526 1142 728 1182 omnium
773 1154 978 1182 amorum
1020 1140 1135 1181 caeli
1180 1146 1228 1181 et
1269 1139 1505 1186 ecclesiae,
1548 1145 1618 1179 est
1659 1139 1764 1192 quia

266 1205 396 1258 origo
422 1204 514 1257 ejus
542 1211 611 1245 est
635 1218 694 1244 ex
721 1204 932 1257 conjugio
955 1204 1063 1244 boni
1084 1210 1130 1244 et
1153 1204 1260 1252 veri,
1285 1209 1332 1244 et
1355 1217 1414 1243 ex
1439 1202 1527 1243 hoc
1551 1201 1763 1255 conjugio

266 1268 522 1322 procedunt
549 1280 708 1309 omnes
734 1281 914 1308 amores
937 1268 1010 1321 qui
1041 1267 1212 1308 faciunt
1245 1266 1422 1307 caelum
1445 1273 1492 1307 et
1519 1265 1762 1307 ecclesiam

266 1331 386 1385 apud
418 1330 681 1372 hominem:
714 1331 884 1371 bonum
918 1331 1037 1371 illius
1079 1330 1276 1383 conjugii
1312 1330 1420 1371 facit
1457 1342 1674 1377 amorem,
1708 1342 1761 1370 ac

264 1406 419 1436 verum
443 1394 535 1448 ejus
557 1394 664 1435 facit
683 1394 975 1447 sapientiam;
991 1401 1037 1436 et
1055 1394 1238 1448 quando
1261 1407 1388 1435 amor
1410 1394 1467 1434 ad
1490 1394 1763 1446 sapientiam

265 1458 459 1507 accedit,
488 1472 566 1499 seu
593 1470 694 1499 cum
720 1457 805 1499 hac
833 1472 881 1499 se
904 1457 1155 1511 conjungit,
1181 1464 1289 1499 tunc
1316 1471 1443 1498 amor
1469 1457 1518 1498 fit
1545 1470 1692 1508 amor;
1714 1463 1762 1498 et

263 1534 365 1562 cum
393 1522 617 1574 sapientia
638 1522 837 1562 vicissim
863 1522 921 1562 ad
947 1534 1150 1562 amorem
1176 1522 1371 1569 accedit,
1400 1527 1446 1561 et
1474 1534 1574 1561 cum
1601 1520 1685 1561 hac
1712 1534 1761 1561 se

263 1583 516 1637 conjungit,
541 1590 651 1624 tunc
678 1585 904 1638 sapientia
925 1583 975 1625 fit
1001 1585 1241 1638 sapientia.
1303 1583 1450 1624 Amor
1473 1598 1579 1624 vere
1605 1583 1761 1636 conju-

263 1647 395 1700 gialis
418 1661 507 1688 non
531 1647 652 1688 aliud
679 1654 750 1688 est
772 1660 907 1701 quam
935 1646 1192 1700 conjunfflo
1218 1648 1384 1688 amoris
1417 1654 1463 1688 et
1496 1647 1760 1700 sapientiae.

262 1710 367 1752 Duo
389 1710 619 1763 conjuges,
640 1711 758 1751 inter
780 1724 894 1764 quos
912 1724 990 1751 seu
1013 1711 1056 1751 in
1080 1711 1239 1764 quibus
1262 1710 1394 1751 simul
1421 1717 1491 1751 est
1518 1711 1594 1751 ille
1617 1723 1759 1759 amor,

262 1781 368 1815 sunt
405 1773 579 1827 effigies
612 1780 659 1815 et
699 1773 844 1814 forma
875 1774 1019 1824 illius;
1062 1787 1222 1814 omnes
1253 1775 1391 1815 etiam
1425 1774 1468 1814 in
1501 1773 1652 1822 caelis,
1687 1773 1762 1814 ubi

261 1837 399 1878 facies
426 1844 531 1878 sunt
550 1837 734 1890 genuini
761 1837 859 1890 typi
886 1835 1175 1878 affectionum
1203 1838 1268 1877 sui
1295 1838 1476 1884 amoris,
1504 1843 1611 1878 sunt
1638 1837 1760 1877 simi·

261 1901 478 1942 litudines
500 1900 607 1953 ejus,
626 1901 746 1941 inest
769 1895 1000 1941 enim'illis
1022 1901 1067 1941 in
1085 1901 1314 1941 communi
1337 1907 1382 1941 et
1406 1901 1450 1941 in
1469 1900 1592 1941 omni
1614 1906 1759 1953 parte,

262 1970 311 2005 ut
337 1965 458 2018 prius
485 1971 720 2005 ostensum
742 1969 826 2005 est.
889 1963 1020 2004 Nunc
1048 1964 1151 2017 quia
1176 1964 1265 2004 duo
1292 1963 1508 2017 conjuges
1539 1965 1583 2004 in
1611 1963 1761 2016 effigie

261 2034 309 2068 et
340 2027 484 2068 forma
521 2033 626 2068 sunt
664 2026 739 2067 ille
771 2039 912 2075 amor,
947 2028 1148 2080 sequitur
1179 2027 1299 2080 quod
1342 2028 1488 2067 omnis
1529 2040 1656 2067 amor
1687 2027 1762 2080 qui

261 2091 468 2144 procedit
500 2104 559 2131 ex
591 2090 728 2143 ipsius
759 2090 926 2130 amoris
956 2090 1114 2138 forma,
1143 2091 1201 2131 sit
1233 2091 1376 2131 instar
1402 2090 1522 2143 ejus;
1555 2104 1692 2144 quare
1724 2090 1760 2130 si

261 2166 388 2194 amor
414 2152 681 2206 conjugialis
707 2159 778 2194 est
810 2153 1020 2194 caelestis
1047 2159 1094 2194 et
1128 2153 1388 2206 spiritualis,
1418 2154 1555 2194 etiam
1583 2166 1761 2194 amores

261 2216 564 2270 procedentes
586 2230 645 2257 ex
668 2216 748 2257 illo
770 2223 877 2257 sunt
900 2216 1125 2257 caelestes
1142 2222 1187 2257 et
1205 2216 1487 2270 spirituales;
1521 2222 1590 2257 est
1607 2217 1760 2269 itaque

261 2292 388 2320 amor
410 2279 678 2332 conjugialis
705 2280 822 2320 sicut
849 2293 1028 2333 parens,
1053 2286 1099 2321 et
1122 2279 1282 2334 reliqui
1309 2294 1487 2320 amores
1510 2286 1616 2320 sunt
1643 2280 1760 2321 sicut

261 2342 425 2396 proles.
482 2343 595 2383 Inde
614 2349 701 2391 est,
720 2343 840 2396 quod
859 2357 918 2384 ex
937 2343 1156 2396 conjugiis
1174 2343 1441 2396 angelorum
1460 2345 1503 2384 in
1523 2343 1660 2384 caelis
1677 2357 1759 2396 ge-

262 2413 476 2447 nerentur
497 2406 648 2459 proles
671 2406 941 2460 spirituales,
967 2420 1083 2460 quae
1105 2413 1211 2447 sunt
1231 2408 1398 2447 amoris
1421 2414 1467 2448 et
1490 2408 1756 2461 sapientiae,

261 2481 340 2509 seu
374 2469 480 2510 boni
520 2475 566 2510 et
602 2470 711 2519 veri,
739 2470 796 2511 de
832 2483 921 2524 qua
957 2471 1256 2523 generatione
1287 2471 1496 2512 videatur
1526 2484 1660 2524 supra
1694 2470 1756 2524 (n.

264 2531 353 2586 51)-

346 2595 448 2637 66.
491 2594 647 2636 Simile
679 2595 919 2636 evidenter
951 2602 1135 2638 constat
1167 2611 1227 2637 ex
1260 2591 1492 2638 creatione
1524 2597 1757 2638 hominum

261 2657 306 2697 in
331 2657 455 2698 illum
484 2671 700 2707 amorem,
729 2665 775 2700 et
800 2673 859 2700 ex
886 2659 1158 2701 formatione
1185 2660 1363 2701 illorum
1391 2675 1449 2701 ex
1478 2660 1556 2701 illo
1582 2666 1757 2713 postea.

262 2719 493 2761 Masculus
520 2729 700 2763 creatus
726 2728 798 2763 est
825 2729 874 2764 ut
906 2722 984 2764 fiat
1017 2725 1242 2777 sapientia
1267 2738 1327 2765 ex
1354 2738 1508 2765 amore
1538 2723 1755 2775 sapiendi,

262 2788 310 2822 et
341 2782 506 2824 femina
547 2791 702 2826 creata
732 2792 802 2826 est
844 2792 893 2827 ut
935 2786 1015 2828 fiat
1048 2800 1176 2828 amor
1206 2787 1395 2828 masculi
1432 2801 1491 2828 ex
1534 2786 1758 2839 sapientia

262 2843 371 2897 ejus,
391 2846 455 2887 ita
476 2849 724 2889 secundum
747 2849 872 2890 illam
892 2864 900 2900 ;
934 2864 993 2890 ex
1016 2864 1104 2904 quo
1130 2857 1260 2904 patet
1284 2851 1404 2904 quod
1429 2851 1517 2890 duo
1541 2848 1757 2901 conjuges

263 2907 355 2948 sint
381 2908 506 2960 ipsae
531 2910 701 2952 formae
728 2918 775 2953 et
801 2912 974 2965 effigies
1001 2913 1197 2966 conjugii
1223 2914 1388 2954 amoris
1414 2920 1460 2954 et
1488 2912 1754 2964 sapientiae,

263 2982 342 3010 seu
381 2970 488 3012 boni
527 2978 575 3014 et
613 2974 720 3015 veri.
781 2974 926 3017 Probe
961 2977 1196 3018 sciendum
1228 2983 1314 3027 est,
1348 2978 1468 3031 quod
1501 2989 1591 3017 non
1624 2975 1757 3016 detur
