2014 3386
316 357 402 410 236
781 366 1023 398 DEL1C1AE
1055 366 1359 400 SAPIENTIAE

313 481 432 534 apud
465 494 514 522 se
540 480 807 530 deliberare,
836 488 1083 536 antequam
1110 482 1358 532 consentit,
1386 488 1456 524 est
1482 495 1633 532 causa,
1661 496 1718 525 ne
1742 483 1811 525 ina

311 547 409 587 vita
434 545 603 586 feratur
629 544 686 585 ad
718 544 929 598 copulam
962 558 1064 586 cum
1091 546 1187 586 viro
1218 545 1445 597 inamato;
1478 547 1541 587 sic
1568 547 1688 588 enim
1720 560 1811 588 non

311 609 492 650 accedit
518 621 771 649 consensus
797 623 823 649 a
853 615 983 662 parte
1015 608 1124 662 ejus,
1152 615 1200 650 et
1227 615 1384 650 tarnen
1415 609 1487 650 hic
1519 610 1627 651 facit
1653 609 1807 663 conju·

311 673 452 726 gium,
485 685 537 713 ac
570 672 722 713 initiat
756 673 962 726 spiritum
993 672 1087 726 ejus
1118 673 1163 713 in
1195 686 1397 714 amorem
1423 673 1580 724 illum;
1613 687 1666 715 ac
1698 686 1806 714 con·

310 750 470 777 sensus
492 735 661 777 invitus
679 749 758 776 seu
776 741 992 777 extorsus
1015 748 1106 776 non
1129 736 1279 777 initiat
1302 736 1524 790 spiritum,
1549 737 1629 778 sed
1653 742 1808 790 potest

310 813 500 853 corpus;
533 805 581 840 et
608 799 670 839 sic
694 799 832 840 vertit
856 798 1138 847 castitatem,
1158 813 1273 853 quae
1299 800 1470 841 residet
1496 800 1540 840 in
1566 800 1740 853 spiritu,
1764 800 1809 840 in

309 863 558 912 libidinem,
592 876 652 903 ex
691 876 779 916 qua
815 876 944 904 amor
975 861 1243 916 conjugialis
1282 863 1327 905 in
1368 863 1513 916 primo
1543 877 1625 904 suo
1657 863 1810 904 calore

308 927 511 967 vitiatur.

391 999 535 1043 300.
578 987 677 1043 (iv.)
715 988 843 1040 Quod
852 995 960 1042 post
978 989 1318 1031 declarationem
1338 1003 1586 1039 consensus,
1601 989 1808 1044 pzssgnora

308 1052 460 1093 danda
498 1052 747 1093 sz'nt.—Per
788 1054 981 1106 pignora
1020 1053 1343 1107 intelliguntur
1379 1054 1515 1103 dona,
1549 1067 1665 1107 quae
1701 1059 1808 1107 post

306 1129 556 1157 consensus
582 1117 688 1157 sunt
716 1116 1105 1166 confirmationes,
1133 1116 1496 1166 testificationes,
1525 1117 1656 1171 primi
1679 1116 1807 1158 savo-

306 1193 393 1228 res,
422 1185 468 1221 et
499 1179 719 1220 laetitiae.
783 1179 919 1233 Quod
951 1180 1074 1222 dona
1105 1180 1185 1221 illa
1215 1181 1308 1221 sint
1338 1179 1703 1235 confirmationes,
1734 1185 1809 1222 est

305 1243 409 1296 quia
435 1249 540 1283 sunt
568 1249 772 1284 tesserae
799 1256 1131 1295 consensuum;
1163 1257 1302 1298 quare
1328 1244 1505 1292 dicitur,
1530 1243 1637 1284 dum
1663 1243 1806 1284 utrin-

305 1320 392 1360 que
417 1306 474 1347 ad
500 1306 668 1360 aliquid
695 1308 995 1356 consentitur,
1022 1307 1093 1348 Da
1119 1307 1228 1348 mihi
1254 1314 1505 1358 tesseram;
1537 1313 1585 1347 et
1607 1306 1664 1347 de
1691 1306 1806 1348 duo-

303 1370 401 1419 bus,
430 1370 504 1424 qui
531 1371 876 1424 spoponderunt
901 1370 1176 1424 conjugium,
1200 1377 1248 1413 et
1274 1370 1568 1412 firmaverunt
1594 1371 1804 1424 sponsio-

302 1447 384 1474 nes
425 1447 505 1487 per
545 1446 746 1483 munera,
788 1435 908 1488 quod
950 1436 1041 1476 sint
1082 1435 1389 1489 oppignorati,
1431 1435 1494 1475 ita
1533 1433 1803 1476 confirmati.

304 1496 440 1550 Quod
467 1497 558 1539 sint
585 1497 930 1552 testificationes,
962 1497 1074 1552 [est]
1103 1499 1207 1552 quia
1233 1499 1425 1552 pignora
1451 1498 1530 1539 illa
1555 1503 1661 1539 sunt
1688 1498 1805 1540 sicut

302 1561 508 1602 continui
549 1561 756 1602 oculares
797 1568 945 1603 testes
978 1563 1122 1604 mutui
1162 1563 1344 1612 amoris,
1378 1568 1484 1603 sunt
1516 1562 1621 1603 inde
1660 1562 1803 1604 etiarn

300 1625 646 1666 recordationes
686 1625 793 1678 ejus,
827 1626 1047 1679 imprimis
1079 1626 1115 1666 si
1148 1632 1254 1667 sunt
1285 1625 1455 1674 annuli,
1491 1624 1800 1678 myrothecae,

300 1694 347 1729 et
374 1687 692 1741 alligamenta,
721 1703 836 1743 quae
862 1689 919 1729 ad
951 1687 1248 1743 conspectum
1275 1689 1622 1743 appenduntur;
1654 1696 1726 1731 est
1757 1690 1802 1731 in

299 1751 389 1793 illis
428 1752 579 1806 aliqua
624 1752 780 1805 imago
820 1753 1217 1806 repraesentativa
1257 1753 1510 1794 animorum
1551 1753 1708 1806 sponsi
1751 1759 1800 1794 et

299 1829 511 1868 sponsae.
574 1816 711 1869 Quod
744 1816 936 1869 pignora
966 1815 1046 1857 illa
1077 1817 1169 1857 sint
1195 1816 1344 1868 primi
1357 1817 1563 1868 favores,
1596 1822 1667 1858 est
1697 1817 1802 1870 quia

299 1892 427 1920 amor
453 1879 722 1933 conjugialis
746 1880 944 1934 spondet
973 1880 1057 1920 sibi
1078 1880 1408 1934 sempiternum
1431 1879 1651 1929 savorem,
1676 1879 1800 1933 cujus

298 1943 526 1997 primitiae
554 1951 659 1984 sunt
692 1943 768 1984 illa
795 1943 929 1984 dona.
993 1942 1129 1997 Quod
1161 1945 1251 1984 sint
1283 1944 1450 1984 amoris
1481 1942 1689 1992 laetitiae,
1714 1957 1798 1985 no-

297 2015 395 2047 tum
422 2013 519 2057 est;
554 2020 683 2048 mens
710 2007 831 2048 enim
863 2006 920 2047 ad
952 2005 1252 2060 conspectum
1283 2007 1463 2047 illorum
1495 2005 1796 2057 exhilaratur,

297 2077 344 2112 et
367 2069 471 2124 quia
493 2083 620 2111 amor
642 2071 776 2118 inest,
797 2076 903 2111 sunt
926 2070 1105 2111 favores
1131 2070 1196 2111 illi
1219 2071 1413 2111 cariores
1435 2076 1482 2111 et
1506 2070 1798 2124 pretiosiores

297 2134 636 2189 quibuscunque
655 2134 786 2174 donis
803 2148 813 2185 ;
841 2140 912 2174 est
931 2134 1050 2174 sicut
1068 2134 1206 2174 corda
1227 2134 1271 2174 in
1291 2133 1379 2174 illis
1398 2134 1503 2175 sint.
1567 2133 1796 2187 Quoniam

296 2198 489 2252 pignora
515 2198 592 2239 illa
619 2204 723 2239 sunt
750 2197 1065 2239 stabilimenta
1090 2198 1257 2238 amoris
1280 2197 1562 2250 conjugialis,
1586 2198 1690 2239 ideo
1711 2199 1795 2240 do·

296 2263 507 2303 nationes
533 2268 638 2315 post
667 2274 916 2302 consensus
939 2261 1078 2302 etiam
1101 2261 1219 2314 apud
1244 2261 1455 2314 antiquos
1477 2267 1691 2314 receptae
1715 2272 1796 2318 usu

295 2326 491 2375 suerunt,
526 2331 571 2367 et
611 2331 715 2378 post
757 2325 1106 2378 acceptationes
1143 2323 1381 2365 declarati²
1408 2330 1513 2365 sunt
1550 2324 1707 2378 sponsi
1746 2330 1795 2366 et

295 2403 504 2442 sponsae.
567 2388 634 2430 At
667 2388 902 2429 sciendum
934 2394 1022 2436 est,
1050 2387 1171 2441 quod
1202 2388 1247 2427 in
1279 2388 1475 2428 arbitriis
1507 2388 1579 2436 sit,
1608 2401 1796 2429 munera

295 2451 374 2493 illa
404 2452 610 2493 conferre
642 2459 750 2493 ante
782 2450 934 2492 actum
966 2451 1350 2504 desponsationiS‚
1384 2450 1458 2491 vel
1496 2456 1601 2504 post
1637 2450 1792 2502 illum;

295 2516 332 2556 si
354 2522 477 2564 ante,
497 2522 602 2556 sunt
626 2515 998 2556 confirmationes
1017 2521 1064 2556 et
1087 2513 1439 2556 testificationes
1462 2527 1712 2555 consensus
1733 2513 1792 2554 ad

295 2579 728 2632 desponsationem;
762 2579 796 2619 si
823 2585 927 2632 post
955 2578 1096 2627 illum,
1126 2584 1230 2618 sunt
1259 2579 1397 2619 etiam
1429 2578 1486 2619 ad
1514 2578 1708 2631 nuptias.

379 2652 510 2695 301.
545 2641 626 2697 (v.)
664 2642 792 2693 Quod
802 2655 1035 2683 consensus
1051 2648 1137 2695 per
1156 2641 1390 2682 sollennem
1412 2640 1796 2694 desponsationem

289 2704 545 2760 firmandus
575 2711 618 2746 et
646 2705 1015 2747 constabilz‘endus
1041 2704 1351 2746 sit.-Causae
1383 2705 1790 2758 desponsationum

295 2775 400 2810 sunt
427 2768 512 2809 hae
531 2767 685 2822 :—(1.)
721 2769 787 2810 Ut
814 2775 919 2822 post
945 2769 1044 2810 illas
1067 2769 1257 2810 duorum
1282 2769 1459 2810 animae
1485 2769 1706 2810 inclinent
1730 2768 1790 2809 ad

294 2846 343 2873 se
369 2838 539 2874 mutuo.
603 2831 683 2887 (2)
718 2831 784 2874 Ut
807 2846 934 2874 amor
955 2831 1219 2873 universalis
1245 2832 1302 2872 ad
1329 2845 1489 2872 sexum
1513 2831 1789 2873 determine-

295 2903 367 2937 tur
384 2896 441 2936 ad
465 2909 599 2936 unum
619 2909 697 2936 seu
715 2909 850 2936 unam
873 2910 897 2937 e
919 2909 1046 2937 sexu.
1110 2893 1190 2949 (3.)
1225 2895 1291 2936 Ut
1313 2893 1578 2936 affectiones
1599 2894 1789 2935 interio-

293 2973 364 3000 res
391 2967 549 3001 mutuo
576 2952 925 3012 cognoscantur,
954 2966 1000 3000 et
1027 2972 1106 3013 per
1131 2958 1459 3012 applicationes
1485 2959 1529 2998 in
1555 2958 1788 2999 hilaritate

295 3025 474 3065 interna
505 3024 670 3065 amoris
702 3023 1048 3077 conjungantur.
1113 3021 1191 3076 (4.)
1235 3022 1303 3064 Ut
1344 3023 1572 3076 utriusque
1604 3022 1784 3076 spiritus
