<?xml version="1.0" encoding="UTF-8"?>
<!DOCTYPE html PUBLIC "-//W3C//DTD XHTML 1.0 Transitional//EN"
    "http://www.w3.org/TR/xhtml1/DTD/xhtml1-transitional.dtd">
<html xmlns="http://www.w3.org/1999/xhtml" xml:lang="en" lang="en">
 <head>
  <title>
</title>
<meta http-equiv="Content-Type" content="text/html;charset=utf-8" />
  <meta name='ocr-system' content='tesseract 3.04.00' />
  <meta name='ocr-capabilities' content='ocr_page ocr_carea ocr_par ocr_line ocrx_word'/>
</head>
<body>
  <div class='ocr_page' id='page_1' title='image "./deliciaesapienti00sweduoft_0289.png"; bbox 0 0 2014 3386; ppageno 0'>
   <div class='ocr_carea' id='block_1_1' title="bbox 0 0 86 2231">
    <p class='ocr_par' dir='ltr' id='par_1_1' title="bbox 0 0 86 2231">
     <span class='ocr_line' id='line_1_1' title="bbox 0 0 86 2231; baseline 0 0"><span class='ocrx_word' id='word_1_1' title='bbox 0 0 86 2231; x_wconf 95' lang='lat' dir='ltr'> </span> 
     </span>
    </p>
   </div>
   <div class='ocr_carea' id='block_1_2' title="bbox 640 339 1815 396">
    <p class='ocr_par' dir='ltr' id='par_1_2' title="bbox 640 339 1815 396">
     <span class='ocr_line' id='line_1_2' title="bbox 640 339 1815 396; baseline 0.002 -14"><span class='ocrx_word' id='word_1_2' title='bbox 640 349 708 382; x_wconf 86' lang='lat' dir='ltr'>DE</span> <span class='ocrx_word' id='word_1_3' title='bbox 738 349 920 383; x_wconf 81' lang='lat' dir='ltr'>AMORE</span> <span class='ocrx_word' id='word_1_4' title='bbox 950 349 1374 393; x_wconf 82' lang='lat' dir='ltr'>CONJUGIAL1.—N.</span> <span class='ocrx_word' id='word_1_5' title='bbox 1402 351 1496 395; x_wconf 85' lang='lat'>357.</span> <span class='ocrx_word' id='word_1_6' title='bbox 1735 339 1815 396; x_wconf 86' lang='lat'>283</span> 
     </span>
    </p>
   </div>
   <div class='ocr_carea' id='block_1_3' title="bbox 311 461 1819 1468">
    <p class='ocr_par' dir='ltr' id='par_1_3' title="bbox 315 461 1819 723">
     <span class='ocr_line' id='line_1_3' title="bbox 315 461 1817 511; baseline 0.001 -13"><span class='ocrx_word' id='word_1_7' title='bbox 315 461 488 503; x_wconf 78' lang='lat' dir='ltr'>feminis,</span> <span class='ocrx_word' id='word_1_8' title='bbox 503 468 544 498; x_wconf 88' lang='lat' dir='ltr'>et</span> <span class='ocrx_word' id='word_1_9' title='bbox 562 462 612 498; x_wconf 82' lang='lat' dir='ltr'>de</span> <span class='ocrx_word' id='word_1_10' title='bbox 631 462 891 500; x_wconf 84' lang='lat' dir='ltr'>inclinatione</span> <span class='ocrx_word' id='word_1_11' title='bbox 906 464 1063 500; x_wconf 89' lang='lat' dir='ltr'>illorum</span> <span class='ocrx_word' id='word_1_12' title='bbox 1082 464 1132 500; x_wconf 91' lang='lat' dir='ltr'>ad</span> <span class='ocrx_word' id='word_1_13' title='bbox 1151 464 1371 511; x_wconf 87' lang='lat' dir='ltr'>legitimam</span> <span class='ocrx_word' id='word_1_14' title='bbox 1386 463 1724 510; x_wconf 61' lang='lat' dir='ltr'>conjunctionem,</span> <span class='ocrx_word' id='word_1_15' title='bbox 1744 476 1817 501; x_wconf 89' lang='lat' dir='ltr'>nec</span> 
     </span>
     <span class='ocr_line' id='line_1_4' title="bbox 317 516 1819 563; baseline 0.002 -13"><span class='ocrx_word' id='word_1_16' title='bbox 317 516 368 551; x_wconf 91' lang='lat' dir='ltr'>de</span> <span class='ocrx_word' id='word_1_17' title='bbox 386 516 576 551; x_wconf 75' lang='lat' dir='ltr'>facultate</span> <span class='ocrx_word' id='word_1_18' title='bbox 594 516 844 562; x_wconf 87' lang='lat' dir='ltr'>prolificandi</span> <span class='ocrx_word' id='word_1_19' title='bbox 863 517 903 552; x_wconf 91' lang='lat' dir='ltr'>in</span> <span class='ocrx_word' id='word_1_20' title='bbox 922 517 1119 558; x_wconf 89' lang='lat' dir='ltr'>masculis,</span> <span class='ocrx_word' id='word_1_21' title='bbox 1137 528 1240 563; x_wconf 89' lang='lat' dir='ltr'>quae</span> <span class='ocrx_word' id='word_1_22' title='bbox 1258 528 1382 552; x_wconf 87' lang='lat' dir='ltr'>unum</span> <span class='ocrx_word' id='word_1_23' title='bbox 1402 517 1498 552; x_wconf 88' lang='lat' dir='ltr'>facit</span> <span class='ocrx_word' id='word_1_24' title='bbox 1519 529 1608 553; x_wconf 92' lang='lat' dir='ltr'>cum</span> <span class='ocrx_word' id='word_1_25' title='bbox 1628 518 1819 554; x_wconf 80' lang='lat' dir='ltr'>facultate</span> 
     </span>
     <span class='ocr_line' id='line_1_5' title="bbox 317 569 1817 617; baseline 0.001 -14"><span class='ocrx_word' id='word_1_26' title='bbox 317 569 611 614; x_wconf 88' lang='lat' dir='ltr'>multiplicandi</span> <span class='ocrx_word' id='word_1_27' title='bbox 637 569 875 616; x_wconf 87' lang='lat' dir='ltr'>sapientiam</span> <span class='ocrx_word' id='word_1_28' title='bbox 902 581 951 606; x_wconf 85' lang='lat' dir='ltr'>ex</span> <span class='ocrx_word' id='word_1_29' title='bbox 977 581 1111 606; x_wconf 86' lang='lat' dir='ltr'>amore</span> <span class='ocrx_word' id='word_1_30' title='bbox 1128 570 1234 612; x_wconf 85' lang='lat' dir='ltr'>veri;</span> <span class='ocrx_word' id='word_1_31' title='bbox 1270 577 1310 606; x_wconf 90' lang='lat' dir='ltr'>et</span> <span class='ocrx_word' id='word_1_32' title='bbox 1336 571 1445 617; x_wconf 90' lang='lat' dir='ltr'>quod</span> <span class='ocrx_word' id='word_1_33' title='bbox 1472 577 1666 616; x_wconf 88' lang='lat' dir='ltr'>quantum</span> <span class='ocrx_word' id='word_1_34' title='bbox 1694 571 1817 607; x_wconf 89' lang='lat' dir='ltr'>homo</span> 
     </span>
     <span class='ocr_line' id='line_1_6' title="bbox 315 623 1818 670; baseline 0.001 -12"><span class='ocrx_word' id='word_1_35' title='bbox 315 629 423 658; x_wconf 91' lang='lat' dir='ltr'>amat</span> <span class='ocrx_word' id='word_1_36' title='bbox 444 623 681 669; x_wconf 88' lang='lat' dir='ltr'>sapientiam</span> <span class='ocrx_word' id='word_1_37' title='bbox 704 635 752 659; x_wconf 87' lang='lat' dir='ltr'>ex</span> <span class='ocrx_word' id='word_1_38' title='bbox 777 633 914 660; x_wconf 89' lang='lat' dir='ltr'>amore</span> <span class='ocrx_word' id='word_1_39' title='bbox 935 625 1033 670; x_wconf 88' lang='lat' dir='ltr'>ejus,</span> <span class='ocrx_word' id='word_1_40' title='bbox 1050 635 1119 660; x_wconf 91' lang='lat' dir='ltr'>seu</span> <span class='ocrx_word' id='word_1_41' title='bbox 1137 635 1275 660; x_wconf 87' lang='lat' dir='ltr'>verum</span> <span class='ocrx_word' id='word_1_42' title='bbox 1302 635 1351 660; x_wconf 86' lang='lat' dir='ltr'>ex</span> <span class='ocrx_word' id='word_1_43' title='bbox 1376 625 1496 665; x_wconf 92' lang='lat' dir='ltr'>bono,</span> <span class='ocrx_word' id='word_1_44' title='bbox 1514 632 1673 660; x_wconf 85' lang='lat' dir='ltr'>tantum</span> <span class='ocrx_word' id='word_1_45' title='bbox 1700 626 1752 660; x_wconf 91' lang='lat' dir='ltr'>sit</span> <span class='ocrx_word' id='word_1_46' title='bbox 1779 626 1818 660; x_wconf 92' lang='lat' dir='ltr'>in</span> 
     </span>
     <span class='ocr_line' id='line_1_7' title="bbox 316 677 1578 723; baseline -0.001 -12"><span class='ocrx_word' id='word_1_47' title='bbox 316 687 453 711; x_wconf 89' lang='lat' dir='ltr'>amore</span> <span class='ocrx_word' id='word_1_48' title='bbox 471 687 565 712; x_wconf 90' lang='lat' dir='ltr'>vere</span> <span class='ocrx_word' id='word_1_49' title='bbox 583 677 800 723; x_wconf 85' lang='lat' dir='ltr'>conjugiali</span> <span class='ocrx_word' id='word_1_50' title='bbox 819 684 860 712; x_wconf 91' lang='lat' dir='ltr'>et</span> <span class='ocrx_word' id='word_1_51' title='bbox 878 677 917 712; x_wconf 92' lang='lat' dir='ltr'>in</span> <span class='ocrx_word' id='word_1_52' title='bbox 936 678 1024 723; x_wconf 88' lang='lat' dir='ltr'>ejus</span> <span class='ocrx_word' id='word_1_53' title='bbox 1041 677 1189 713; x_wconf 89' lang='lat' dir='ltr'>comite</span> <span class='ocrx_word' id='word_1_54' title='bbox 1206 677 1391 713; x_wconf 87' lang='lat' dir='ltr'>virtute.&#39;&#39;</span> <span class='ocrx_word' id='word_1_55' title='bbox 1573 703 1578 710; x_wconf 86' lang='lat'><strong>.</strong></span> 
     </span>
    </p>

    <p class='ocr_par' dir='ltr' id='par_1_4' title="bbox 313 729 1817 1044">
     <span class='ocr_line' id='line_1_8' title="bbox 386 729 1816 777; baseline 0.001 -11"><span class='ocrx_word' id='word_1_56' title='bbox 386 729 511 776; x_wconf 75' lang='grc'><strong>356.</strong></span> <span class='ocrx_word' id='word_1_57' title='bbox 540 729 615 765; x_wconf 91' lang='lat' dir='ltr'>His</span> <span class='ocrx_word' id='word_1_58' title='bbox 649 729 766 765; x_wconf 65' lang='lat' dir='ltr'>dietis</span> <span class='ocrx_word' id='word_1_59' title='bbox 791 731 918 765; x_wconf 91' lang='lat' dir='ltr'>tacuit</span> <span class='ocrx_word' id='word_1_60' title='bbox 943 731 1119 777; x_wconf 87' lang='lat' dir='ltr'>angelus,</span> <span class='ocrx_word' id='word_1_61' title='bbox 1145 737 1186 766; x_wconf 90' lang='lat' dir='ltr'>et</span> <span class='ocrx_word' id='word_1_62' title='bbox 1220 731 1362 766; x_wconf 89' lang='lat' dir='ltr'>novitii</span> <span class='ocrx_word' id='word_1_63' title='bbox 1388 731 1641 767; x_wconf 81' lang='lat' dir='ltr'>advenae&#39;ex</span> <span class='ocrx_word' id='word_1_64' title='bbox 1675 731 1816 777; x_wconf 90' lang='lat' dir='ltr'>spiritu</span> 
     </span>
     <span class='ocr_line' id='line_1_9' title="bbox 315 781 1816 831; baseline 0.001 -14"><span class='ocrx_word' id='word_1_65' title='bbox 315 781 497 828; x_wconf 87' lang='lat' dir='ltr'>loquelae</span> <span class='ocrx_word' id='word_1_66' title='bbox 515 782 646 829; x_wconf 88' lang='lat' dir='ltr'>angeli</span> <span class='ocrx_word' id='word_1_67' title='bbox 665 783 1062 829; x_wconf 86' lang='lat' dir='ltr'>comprehendebant</span> <span class='ocrx_word' id='word_1_68' title='bbox 1079 784 1187 831; x_wconf 90' lang='lat' dir='ltr'>quod</span> <span class='ocrx_word' id='word_1_69' title='bbox 1207 791 1399 830; x_wconf 85' lang='lat' dir='ltr'>perpetua</span> <span class='ocrx_word' id='word_1_70' title='bbox 1417 785 1585 820; x_wconf 85' lang='lat' dir='ltr'>facultas</span> <span class='ocrx_word' id='word_1_71' title='bbox 1604 785 1816 820; x_wconf 90' lang='lat' dir='ltr'>deliciandi</span> 
     </span>
     <span class='ocr_line' id='line_1_10' title="bbox 316 835 1817 882; baseline 0.001 -12"><span class='ocrx_word' id='word_1_72' title='bbox 316 835 460 871; x_wconf 89' lang='lat' dir='ltr'>dabilis</span> <span class='ocrx_word' id='word_1_73' title='bbox 486 836 559 877; x_wconf 85' lang='lat' dir='ltr'>sit;</span> <span class='ocrx_word' id='word_1_74' title='bbox 597 843 637 871; x_wconf 90' lang='lat' dir='ltr'>et</span> <span class='ocrx_word' id='word_1_75' title='bbox 667 837 760 882; x_wconf 90' lang='lat' dir='ltr'>quia</span> <span class='ocrx_word' id='word_1_76' title='bbox 786 836 826 871; x_wconf 92' lang='lat' dir='ltr'>id</span> <span class='ocrx_word' id='word_1_77' title='bbox 852 836 1094 873; x_wconf 87' lang='lat' dir='ltr'>laetificabat</span> <span class='ocrx_word' id='word_1_78' title='bbox 1117 837 1276 873; x_wconf 90' lang='lat' dir='ltr'>animos</span> <span class='ocrx_word' id='word_1_79' title='bbox 1301 838 1472 878; x_wconf 88' lang='lat' dir='ltr'>illorum,</span> <span class='ocrx_word' id='word_1_80' title='bbox 1499 839 1696 878; x_wconf 87' lang='lat' dir='ltr'>dicebant,</span> <span class='ocrx_word' id='word_1_81' title='bbox 1718 837 1817 873; x_wconf 89' lang='lat' dir='ltr'>“Oh</span> 
     </span>
     <span class='ocr_line' id='line_1_11' title="bbox 315 888 1816 937; baseline 0.001 -14"><span class='ocrx_word' id='word_1_82' title='bbox 315 899 434 934; x_wconf 90' lang='lat' dir='ltr'>quam</span> <span class='ocrx_word' id='word_1_83' title='bbox 453 888 547 924; x_wconf 81' lang='lat' dir='ltr'>felix</span> <span class='ocrx_word' id='word_1_84' title='bbox 566 896 693 925; x_wconf 88' lang='lat' dir='ltr'>status</span> <span class='ocrx_word' id='word_1_85' title='bbox 715 896 776 925; x_wconf 90' lang='lat' dir='ltr'>est</span> <span class='ocrx_word' id='word_1_86' title='bbox 797 889 1052 935; x_wconf 66' lang='lat' dir='ltr'>angelorum;</span> <span class='ocrx_word' id='word_1_87' title='bbox 1090 890 1330 937; x_wconf 87' lang='lat' dir='ltr'>percipimus</span> <span class='ocrx_word' id='word_1_88' title='bbox 1349 892 1457 937; x_wconf 82' lang='lat' dir='ltr'>quod</span> <span class='ocrx_word' id='word_1_89' title='bbox 1479 902 1551 927; x_wconf 89' lang='lat' dir='ltr'>vos</span> <span class='ocrx_word' id='word_1_90' title='bbox 1574 891 1613 929; x_wconf 78' lang='lat' dir='ltr'>in</span> <span class='ocrx_word' id='word_1_91' title='bbox 1635 891 1754 926; x_wconf 87' lang='lat' dir='ltr'>caelis</span> <span class='ocrx_word' id='word_1_92' title='bbox 1777 891 1816 925; x_wconf 88' lang='lat' dir='ltr'>in</span> 
     </span>
     <span class='ocr_line' id='line_1_12' title="bbox 313 942 1817 987; baseline 0.002 -11"><span class='ocrx_word' id='word_1_93' title='bbox 313 947 519 976; x_wconf 87' lang='lat' dir='ltr'>aeternum</span> <span class='ocrx_word' id='word_1_94' title='bbox 533 942 798 987; x_wconf 88' lang='lat' dir='ltr'>permaneatis</span> <span class='ocrx_word' id='word_1_95' title='bbox 811 943 850 977; x_wconf 90' lang='lat' dir='ltr'>in</span> <span class='ocrx_word' id='word_1_96' title='bbox 862 949 969 978; x_wconf 88' lang='lat' dir='ltr'>statu</span> <span class='ocrx_word' id='word_1_97' title='bbox 981 943 1285 984; x_wconf 88' lang='lat' dir='ltr'>adolescentiae,</span> <span class='ocrx_word' id='word_1_98' title='bbox 1298 950 1339 979; x_wconf 90' lang='lat' dir='ltr'>et</span> <span class='ocrx_word' id='word_1_99' title='bbox 1354 944 1446 979; x_wconf 89' lang='lat' dir='ltr'>inde</span> <span class='ocrx_word' id='word_1_100' title='bbox 1461 944 1500 979; x_wconf 94' lang='lat' dir='ltr'>in</span> <span class='ocrx_word' id='word_1_101' title='bbox 1512 945 1662 979; x_wconf 88' lang='lat' dir='ltr'>virtute</span> <span class='ocrx_word' id='word_1_102' title='bbox 1674 944 1817 979; x_wconf 88' lang='lat' dir='ltr'>aetatis</span> 
     </span>
     <span class='ocr_line' id='line_1_13' title="bbox 315 994 1816 1044; baseline 0.002 -15"><span class='ocrx_word' id='word_1_103' title='bbox 315 994 420 1030; x_wconf 92' lang='lat' dir='ltr'>illius</span> <span class='ocrx_word' id='word_1_104' title='bbox 436 1005 444 1030; x_wconf 93' lang='lat'><strong>:</strong></span> <span class='ocrx_word' id='word_1_105' title='bbox 465 995 535 1030; x_wconf 89' lang='lat' dir='ltr'>sed</span> <span class='ocrx_word' id='word_1_106' title='bbox 555 995 620 1030; x_wconf 92' lang='lat' dir='ltr'>dic</span> <span class='ocrx_word' id='word_1_107' title='bbox 638 996 755 1031; x_wconf 91' lang='lat' dir='ltr'>nobis</span> <span class='ocrx_word' id='word_1_108' title='bbox 770 997 976 1042; x_wconf 91' lang='lat' dir='ltr'>quomodo</span> <span class='ocrx_word' id='word_1_109' title='bbox 994 1007 1067 1032; x_wconf 90' lang='lat' dir='ltr'>nos</span> <span class='ocrx_word' id='word_1_110' title='bbox 1086 996 1151 1032; x_wconf 92' lang='lat' dir='ltr'>illa</span> <span class='ocrx_word' id='word_1_111' title='bbox 1168 997 1316 1032; x_wconf 89' lang='lat' dir='ltr'>virtute</span> <span class='ocrx_word' id='word_1_112' title='bbox 1331 997 1452 1032; x_wconf 89' lang='lat' dir='ltr'>etiam</span> <span class='ocrx_word' id='word_1_113' title='bbox 1476 997 1641 1044; x_wconf 73' lang='lat' dir='ltr'>potituri</span> <span class='ocrx_word' id='word_1_114' title='bbox 1657 997 1816 1033; x_wconf 89' lang='lat' dir='ltr'>simus.&#39;&#39;</span> 
     </span>
    </p>

    <p class='ocr_par' dir='ltr' id='par_1_5' title="bbox 316 1047 1816 1142">
     <span class='ocr_line' id='line_1_14' title="bbox 387 1047 1816 1097; baseline 0.003 -15"><span class='ocrx_word' id='word_1_115' title='bbox 387 1047 437 1082; x_wconf 89' lang='lat' dir='ltr'>Et</span> <span class='ocrx_word' id='word_1_116' title='bbox 469 1048 677 1093; x_wconf 90' lang='lat' dir='ltr'>respondit</span> <span class='ocrx_word' id='word_1_117' title='bbox 702 1049 877 1095; x_wconf 89' lang='lat' dir='ltr'>angelus,</span> <span class='ocrx_word' id='word_1_118' title='bbox 901 1049 1078 1097; x_wconf 84' lang='lat' dir='ltr'>“Fugite</span> <span class='ocrx_word' id='word_1_119' title='bbox 1103 1050 1301 1086; x_wconf 89' lang='lat' dir='ltr'>adulteria</span> <span class='ocrx_word' id='word_1_120' title='bbox 1325 1056 1370 1085; x_wconf 93' lang='lat' dir='ltr'>ut</span> <span class='ocrx_word' id='word_1_121' title='bbox 1397 1049 1623 1091; x_wconf 77' lang='lat' dir='ltr'>infernalia,&#39;</span> <span class='ocrx_word' id='word_1_122' title='bbox 1641 1057 1682 1086; x_wconf 91' lang='lat' dir='ltr'>et</span> <span class='ocrx_word' id='word_1_123' title='bbox 1707 1051 1816 1086; x_wconf 89' lang='lat' dir='ltr'>a&#39;dite</span> 
     </span>
     <span class='ocr_line' id='line_1_15' title="bbox 316 1100 860 1142; baseline 0.004 -7"><span class='ocrx_word' id='word_1_124' title='bbox 316 1100 547 1142; x_wconf 89' lang='lat' dir='ltr'>Dominum,</span> <span class='ocrx_word' id='word_1_125' title='bbox 567 1108 607 1136; x_wconf 93' lang='lat' dir='ltr'>et</span> <span class='ocrx_word' id='word_1_126' title='bbox 625 1101 860 1138; x_wconf 90' lang='lat' dir='ltr'>habebitis.’&#39;</span> 
     </span>
    </p>

    <p class='ocr_par' dir='ltr' id='par_1_6' title="bbox 311 1151 1815 1414">
     <span class='ocr_line' id='line_1_16' title="bbox 386 1151 1813 1203; baseline 0.001 -13"><span class='ocrx_word' id='word_1_127' title='bbox 386 1155 436 1191; x_wconf 91' lang='lat' dir='ltr'>Et</span> <span class='ocrx_word' id='word_1_128' title='bbox 454 1155 651 1196; x_wconf 85' lang='lat' dir='ltr'>dixerunt,</span> <span class='ocrx_word' id='word_1_129' title='bbox 671 1161 690 1174; x_wconf 81' lang='lat'>‘¹</span> <span class='ocrx_word' id='word_1_130' title='bbox 707 1155 921 1203; x_wconf 88' lang='lat' dir='ltr'>Fugiemus</span> <span class='ocrx_word' id='word_1_131' title='bbox 947 1156 1013 1191; x_wconf 91' lang='lat' dir='ltr'>illa</span> <span class='ocrx_word' id='word_1_132' title='bbox 1039 1156 1104 1197; x_wconf 90' lang='lat' dir='ltr'>ita,</span> <span class='ocrx_word' id='word_1_133' title='bbox 1131 1163 1172 1192; x_wconf 90' lang='lat' dir='ltr'>et</span> <span class='ocrx_word' id='word_1_134' title='bbox 1197 1156 1396 1192; x_wconf 88' lang='lat' dir='ltr'>adibimus</span> <span class='ocrx_word' id='word_1_135' title='bbox 1424 1151 1684 1192; x_wconf 78' lang='lat' dir='ltr'>Dominum.’&#39;</span> <span class='ocrx_word' id='word_1_136' title='bbox 1734 1155 1813 1192; x_wconf 87' lang='lat' dir='ltr'>Sed</span> 
     </span>
     <span class='ocr_line' id='line_1_17' title="bbox 312 1209 1814 1256; baseline 0.001 -13"><span class='ocrx_word' id='word_1_137' title='bbox 312 1209 522 1254; x_wconf 85' lang='lat' dir='ltr'>respondit</span> <span class='ocrx_word' id='word_1_138' title='bbox 536 1209 711 1255; x_wconf 86' lang='lat' dir='ltr'>angelus,</span> <span class='ocrx_word' id='word_1_139' title='bbox 727 1209 849 1244; x_wconf 90' lang='lat' dir='ltr'>“Non</span> <span class='ocrx_word' id='word_1_140' title='bbox 866 1209 1034 1255; x_wconf 89' lang='lat' dir='ltr'>potestis</span> <span class='ocrx_word' id='word_1_141' title='bbox 1053 1209 1188 1256; x_wconf 88' lang='lat' dir='ltr'>fugere</span> <span class='ocrx_word' id='word_1_142' title='bbox 1207 1210 1404 1245; x_wconf 92' lang='lat' dir='ltr'>adulteria</span> <span class='ocrx_word' id='word_1_143' title='bbox 1417 1217 1460 1245; x_wconf 91' lang='lat' dir='ltr'>ut</span> <span class='ocrx_word' id='word_1_144' title='bbox 1476 1210 1580 1245; x_wconf 89' lang='lat' dir='ltr'>mala</span> <span class='ocrx_word' id='word_1_145' title='bbox 1594 1209 1814 1255; x_wconf 85' lang='lat' dir='ltr'>infernalia,</span> 
     </span>
     <span class='ocr_line' id='line_1_18' title="bbox 311 1261 1815 1309; baseline 0.001 -13"><span class='ocrx_word' id='word_1_146' title='bbox 311 1261 388 1297; x_wconf 88' lang='lat' dir='ltr'>nisi</span> <span class='ocrx_word' id='word_1_147' title='bbox 414 1261 596 1308; x_wconf 87' lang='lat' dir='ltr'>fugeritis</span> <span class='ocrx_word' id='word_1_148' title='bbox 614 1262 766 1308; x_wconf 89' lang='lat' dir='ltr'>reliqua</span> <span class='ocrx_word' id='word_1_149' title='bbox 792 1262 896 1298; x_wconf 90' lang='lat' dir='ltr'>mala</span> <span class='ocrx_word' id='word_1_150' title='bbox 916 1262 1110 1303; x_wconf 90' lang='lat' dir='ltr'>similiter,</span> <span class='ocrx_word' id='word_1_151' title='bbox 1129 1261 1223 1309; x_wconf 84' lang='lat' dir='ltr'>quia</span> <span class='ocrx_word' id='word_1_152' title='bbox 1243 1263 1439 1298; x_wconf 89' lang='lat' dir='ltr'>adulteria</span> <span class='ocrx_word' id='word_1_153' title='bbox 1464 1270 1559 1299; x_wconf 89' lang='lat' dir='ltr'>sunt</span> <span class='ocrx_word' id='word_1_154' title='bbox 1577 1263 1815 1308; x_wconf 78' lang='lat' dir='ltr'>complexus</span> 
     </span>
     <span class='ocr_line' id='line_1_19' title="bbox 311 1314 1814 1362; baseline 0.001 -13"><span class='ocrx_word' id='word_1_155' title='bbox 311 1314 515 1356; x_wconf 85' lang='lat' dir='ltr'>omnium;</span> <span class='ocrx_word' id='word_1_156' title='bbox 541 1321 582 1350; x_wconf 92' lang='lat' dir='ltr'>et</span> <span class='ocrx_word' id='word_1_157' title='bbox 601 1315 676 1350; x_wconf 91' lang='lat' dir='ltr'>nisi</span> <span class='ocrx_word' id='word_1_158' title='bbox 697 1315 764 1350; x_wconf 89' lang='lat' dir='ltr'>illa</span> <span class='ocrx_word' id='word_1_159' title='bbox 781 1315 974 1362; x_wconf 85' lang='lat' dir='ltr'>fugeritis,</span> <span class='ocrx_word' id='word_1_160' title='bbox 993 1326 1074 1351; x_wconf 90' lang='lat' dir='ltr'>non</span> <span class='ocrx_word' id='word_1_161' title='bbox 1096 1315 1267 1362; x_wconf 86' lang='lat' dir='ltr'>potestis</span> <span class='ocrx_word' id='word_1_162' title='bbox 1285 1316 1395 1351; x_wconf 90' lang='lat' dir='ltr'>adire</span> <span class='ocrx_word' id='word_1_163' title='bbox 1415 1316 1648 1356; x_wconf 88' lang='lat' dir='ltr'>Dominum,</span> <span class='ocrx_word' id='word_1_164' title='bbox 1673 1315 1814 1351; x_wconf 88' lang='lat' dir='ltr'>Domi·</span> 
     </span>
     <span class='ocr_line' id='line_1_20' title="bbox 312 1367 792 1414; baseline 0 -11"><span class='ocrx_word' id='word_1_165' title='bbox 312 1378 386 1404; x_wconf 87' lang='lat' dir='ltr'>nus</span> <span class='ocrx_word' id='word_1_166' title='bbox 406 1379 485 1403; x_wconf 91' lang='lat' dir='ltr'>non</span> <span class='ocrx_word' id='word_1_167' title='bbox 505 1368 646 1414; x_wconf 91' lang='lat' dir='ltr'>recipit</span> <span class='ocrx_word' id='word_1_168' title='bbox 666 1367 792 1404; x_wconf 85' lang='lat' dir='ltr'>illos.”</span> 
     </span>
    </p>

    <p class='ocr_par' dir='ltr' id='par_1_7' title="bbox 384 1417 1813 1468">
     <span class='ocr_line' id='line_1_21' title="bbox 384 1417 1813 1468; baseline 0 -11"><span class='ocrx_word' id='word_1_169' title='bbox 384 1420 483 1457; x_wconf 89' lang='lat' dir='ltr'>Post</span> <span class='ocrx_word' id='word_1_170' title='bbox 501 1421 600 1457; x_wconf 87' lang='lat' dir='ltr'>haec</span> <span class='ocrx_word' id='word_1_171' title='bbox 619 1421 784 1457; x_wconf 90' lang='lat' dir='ltr'>secessit</span> <span class='ocrx_word' id='word_1_172' title='bbox 801 1421 980 1468; x_wconf 84' lang='lat' dir='ltr'>angelus,</span> <span class='ocrx_word' id='word_1_173' title='bbox 998 1432 1044 1457; x_wconf 91' lang='lat' dir='ltr'>ac</span> <span class='ocrx_word' id='word_1_174' title='bbox 1065 1421 1160 1458; x_wconf 91' lang='lat' dir='ltr'>novi</span> <span class='ocrx_word' id='word_1_175' title='bbox 1179 1421 1235 1457; x_wconf 92' lang='lat' dir='ltr'>illi</span> <span class='ocrx_word' id='word_1_176' title='bbox 1253 1421 1416 1468; x_wconf 88' lang='lat' dir='ltr'>spiritus</span> <span class='ocrx_word' id='word_1_177' title='bbox 1434 1417 1647 1457; x_wconf 86' lang='lat' dir='ltr'>abiveru&#39;nt</span> <span class='ocrx_word' id='word_1_178' title='bbox 1665 1421 1813 1457; x_wconf 89' lang='lat' dir='ltr'>tristes.</span> 
     </span>
    </p>
   </div>
   <div class='ocr_carea' id='block_1_4' title="bbox 975 1703 1148 1759">
    <p class='ocr_par' dir='ltr' id='par_1_8' title="bbox 975 1703 1148 1759">
     <span class='ocr_line' id='line_1_22' title="bbox 975 1703 1148 1759; baseline -0.006 -13"><span class='ocrx_word' id='word_1_179' title='bbox 975 1703 1148 1759; x_wconf 61' lang='lat' dir='ltr'>[xvi]</span> 
     </span>
    </p>
   </div>
   <div class='ocr_carea' id='block_1_5' title="bbox 844 1845 1268 1888">
    <p class='ocr_par' dir='ltr' id='par_1_9' title="bbox 844 1845 1268 1888">
     <span class='ocr_line' id='line_1_23' title="bbox 844 1845 1268 1888; baseline 0 -1"><span class='ocrx_word' id='word_1_180' title='bbox 844 1845 922 1887; x_wconf 82' lang='lat' dir='ltr'>DE</span> <span class='ocrx_word' id='word_1_181' title='bbox 955 1845 1268 1888; x_wconf 80' lang='lat' dir='ltr'><strong>ZELOTYPIA.</strong></span> 
     </span>
    </p>
   </div>
   <div class='ocr_carea' id='block_1_6' title="bbox 299 1968 1808 2919">
    <p class='ocr_par' dir='ltr' id='par_1_10' title="bbox 299 1968 1808 2792">
     <span class='ocr_line' id='line_1_24' title="bbox 390 1968 1808 2033; baseline -0.001 -13"><span class='ocrx_word' id='word_1_182' title='bbox 390 1985 521 2033; x_wconf 79' lang='grc'><strong>357.</strong></span> <span class='ocrx_word' id='word_1_183' title='bbox 551 1968 722 2031; x_wconf 77' lang='lat' dir='ltr'>Agitur</span> <span class='ocrx_word' id='word_1_184' title='bbox 746 1976 818 2018; x_wconf 89' lang='lat' dir='ltr'>hic</span> <span class='ocrx_word' id='word_1_185' title='bbox 852 1976 909 2018; x_wconf 94' lang='lat' dir='ltr'>de</span> <span class='ocrx_word' id='word_1_186' title='bbox 942 1976 1188 2031; x_wconf 90' lang='lat' dir='ltr'>zelotypia,</span> <span class='ocrx_word' id='word_1_187' title='bbox 1217 1977 1322 2031; x_wconf 87' lang='lat' dir='ltr'>quia</span> <span class='ocrx_word' id='word_1_188' title='bbox 1348 1976 1489 2018; x_wconf 85' lang='lat' dir='ltr'>etiam</span> <span class='ocrx_word' id='word_1_189' title='bbox 1517 1976 1717 2030; x_wconf 85' lang='lat' dir='ltr'>pertinet</span> <span class='ocrx_word' id='word_1_190' title='bbox 1750 1976 1808 2018; x_wconf 92' lang='lat' dir='ltr'>ad</span> 
     </span>
     <span class='ocr_line' id='line_1_25' title="bbox 307 2040 1806 2095; baseline -0.001 -13"><span class='ocrx_word' id='word_1_191' title='bbox 307 2054 510 2083; x_wconf 89' lang='lat' dir='ltr'>amorem</span> <span class='ocrx_word' id='word_1_192' title='bbox 529 2040 845 2095; x_wconf 87' lang='lat' dir='ltr'>conjugialem.</span> <span class='ocrx_word' id='word_1_193' title='bbox 890 2040 980 2082; x_wconf 85' lang='lat' dir='ltr'>Sed</span> <span class='ocrx_word' id='word_1_194' title='bbox 999 2041 1134 2082; x_wconf 85' lang='lat' dir='ltr'>datur</span> <span class='ocrx_word' id='word_1_195' title='bbox 1151 2040 1383 2094; x_wconf 88' lang='lat' dir='ltr'>zelotypia</span> <span class='ocrx_word' id='word_1_196' title='bbox 1399 2040 1522 2094; x_wconf 87' lang='lat' dir='ltr'>justa</span> <span class='ocrx_word' id='word_1_197' title='bbox 1541 2047 1586 2082; x_wconf 90' lang='lat' dir='ltr'>et</span> <span class='ocrx_word' id='word_1_198' title='bbox 1611 2040 1778 2093; x_wconf 87' lang='lat' dir='ltr'>injusta</span> <span class='ocrx_word' id='word_1_199' title='bbox 1797 2054 1806 2081; x_wconf 79' lang='lat' dir='ltr'>z</span> 
     </span>
     <span class='ocr_line' id='line_1_26' title="bbox 308 2104 1808 2159; baseline -0.001 -13"><span class='ocrx_word' id='word_1_200' title='bbox 308 2105 540 2158; x_wconf 90' lang='lat' dir='ltr'>zelotypia</span> <span class='ocrx_word' id='word_1_201' title='bbox 562 2104 684 2158; x_wconf 88' lang='lat' dir='ltr'>justa</span> <span class='ocrx_word' id='word_1_202' title='bbox 709 2104 828 2159; x_wconf 87' lang='lat' dir='ltr'>apud</span> <span class='ocrx_word' id='word_1_203' title='bbox 856 2104 1074 2157; x_wconf 87' lang='lat' dir='ltr'>conjuges</span> <span class='ocrx_word' id='word_1_204' title='bbox 1101 2105 1176 2158; x_wconf 88' lang='lat' dir='ltr'>qui</span> <span class='ocrx_word' id='word_1_205' title='bbox 1207 2118 1255 2145; x_wconf 91' lang='lat' dir='ltr'>se</span> <span class='ocrx_word' id='word_1_206' title='bbox 1282 2111 1442 2145; x_wconf 89' lang='lat' dir='ltr'>mutuo</span> <span class='ocrx_word' id='word_1_207' title='bbox 1468 2111 1625 2146; x_wconf 87' lang='lat' dir='ltr'>amant</span> <span class='ocrx_word' id='word_1_208' title='bbox 1647 2118 1656 2155; x_wconf 90' lang='lat'>;</span> <span class='ocrx_word' id='word_1_209' title='bbox 1689 2105 1808 2158; x_wconf 86' lang='lat' dir='ltr'>apud</span> 
     </span>
     <span class='ocr_line' id='line_1_27' title="bbox 305 2167 1808 2221; baseline 0 -12"><span class='ocrx_word' id='word_1_210' title='bbox 305 2167 392 2209; x_wconf 91' lang='lat' dir='ltr'>hos</span> <span class='ocrx_word' id='word_1_211' title='bbox 418 2174 489 2209; x_wconf 87' lang='lat' dir='ltr'>est</span> <span class='ocrx_word' id='word_1_212' title='bbox 515 2168 592 2208; x_wconf 90' lang='lat' dir='ltr'>illa</span> <span class='ocrx_word' id='word_1_213' title='bbox 613 2167 762 2221; x_wconf 89' lang='lat' dir='ltr'>justus</span> <span class='ocrx_word' id='word_1_214' title='bbox 788 2174 836 2209; x_wconf 90' lang='lat' dir='ltr'>et</span> <span class='ocrx_word' id='word_1_215' title='bbox 867 2168 1064 2221; x_wconf 87' lang='lat' dir='ltr'>prudens</span> <span class='ocrx_word' id='word_1_216' title='bbox 1092 2167 1229 2217; x_wconf 85' lang='lat' dir='ltr'>zelus,</span> <span class='ocrx_word' id='word_1_217' title='bbox 1255 2181 1311 2208; x_wconf 92' lang='lat' dir='ltr'>ne</span> <span class='ocrx_word' id='word_1_218' title='bbox 1338 2180 1465 2208; x_wconf 88' lang='lat' dir='ltr'>amor</span> <span class='ocrx_word' id='word_1_219' title='bbox 1491 2167 1670 2208; x_wconf 91' lang='lat' dir='ltr'>illorum</span> <span class='ocrx_word' id='word_1_220' title='bbox 1697 2181 1808 2209; x_wconf 89' lang='lat' dir='ltr'>con-</span> 
     </span>
     <span class='ocr_line' id='line_1_28' title="bbox 299 2230 1807 2285; baseline -0.001 -13"><span class='ocrx_word' id='word_1_221' title='bbox 299 2230 483 2285; x_wconf 88' lang='lat' dir='ltr'>jugialis</span> <span class='ocrx_word' id='word_1_222' title='bbox 508 2230 718 2279; x_wconf 84' lang='lat' dir='ltr'>violetur,</span> <span class='ocrx_word' id='word_1_223' title='bbox 746 2237 793 2272; x_wconf 90' lang='lat' dir='ltr'>et</span> <span class='ocrx_word' id='word_1_224' title='bbox 820 2231 926 2272; x_wconf 89' lang='lat' dir='ltr'>inde</span> <span class='ocrx_word' id='word_1_225' title='bbox 947 2230 1098 2284; x_wconf 86' lang='lat' dir='ltr'>justus</span> <span class='ocrx_word' id='word_1_226' title='bbox 1125 2230 1256 2272; x_wconf 92' lang='lat' dir='ltr'>dolor</span> <span class='ocrx_word' id='word_1_227' title='bbox 1287 2231 1324 2272; x_wconf 89' lang='lat' dir='ltr'>si</span> <span class='ocrx_word' id='word_1_228' title='bbox 1356 2231 1580 2281; x_wconf 85' lang='lat' dir='ltr'>violatur;</span> <span class='ocrx_word' id='word_1_229' title='bbox 1613 2237 1662 2271; x_wconf 89' lang='lat' dir='ltr'>at</span> <span class='ocrx_word' id='word_1_230' title='bbox 1685 2231 1807 2271; x_wconf 92' lang='lat' dir='ltr'>zelo-</span> 
     </span>
     <span class='ocr_line' id='line_1_29' title="bbox 305 2294 1805 2348; baseline -0.003 -11"><span class='ocrx_word' id='word_1_231' title='bbox 305 2295 434 2348; x_wconf 85' lang='lat' dir='ltr'>typia</span> <span class='ocrx_word' id='word_1_232' title='bbox 455 2294 622 2348; x_wconf 85' lang='lat' dir='ltr'>injusta</span> <span class='ocrx_word' id='word_1_233' title='bbox 639 2295 772 2335; x_wconf 88' lang='lat' dir='ltr'>datur</span> <span class='ocrx_word' id='word_1_234' title='bbox 793 2294 913 2347; x_wconf 91' lang='lat' dir='ltr'>apud</span> <span class='ocrx_word' id='word_1_235' title='bbox 939 2294 1041 2335; x_wconf 91' lang='lat' dir='ltr'>illos</span> <span class='ocrx_word' id='word_1_236' title='bbox 1064 2294 1138 2347; x_wconf 89' lang='lat' dir='ltr'>qui</span> <span class='ocrx_word' id='word_1_237' title='bbox 1160 2308 1221 2335; x_wconf 88' lang='lat' dir='ltr'>ex</span> <span class='ocrx_word' id='word_1_238' title='bbox 1244 2300 1407 2334; x_wconf 88' lang='lat' dir='ltr'>natura</span> <span class='ocrx_word' id='word_1_239' title='bbox 1425 2294 1660 2347; x_wconf 87' lang='lat' dir='ltr'>suspiciosi</span> <span class='ocrx_word' id='word_1_240' title='bbox 1683 2300 1805 2342; x_wconf 85' lang='lat' dir='ltr'>sunt,</span> 
     </span>
     <span class='ocr_line' id='line_1_30' title="bbox 306 2357 1807 2412; baseline -0.001 -13"><span class='ocrx_word' id='word_1_241' title='bbox 306 2364 354 2400; x_wconf 89' lang='lat' dir='ltr'>et</span> <span class='ocrx_word' id='word_1_242' title='bbox 394 2358 555 2412; x_wconf 89' lang='lat' dir='ltr'>quibus</span> <span class='ocrx_word' id='word_1_243' title='bbox 595 2372 655 2399; x_wconf 89' lang='lat' dir='ltr'>ex</span> <span class='ocrx_word' id='word_1_244' title='bbox 696 2359 878 2399; x_wconf 90' lang='lat' dir='ltr'>viscoso</span> <span class='ocrx_word' id='word_1_245' title='bbox 919 2364 967 2399; x_wconf 89' lang='lat' dir='ltr'>et</span> <span class='ocrx_word' id='word_1_246' title='bbox 1007 2357 1171 2399; x_wconf 90' lang='lat' dir='ltr'>bilioso</span> <span class='ocrx_word' id='word_1_247' title='bbox 1202 2358 1423 2411; x_wconf 87' lang='lat' dir='ltr'>sanguine</span> <span class='ocrx_word' id='word_1_248' title='bbox 1455 2364 1525 2397; x_wconf 89' lang='lat' dir='ltr'>est</span> <span class='ocrx_word' id='word_1_249' title='bbox 1566 2357 1807 2410; x_wconf 85' lang='lat' dir='ltr'>aegritudo</span> 
     </span>
     <span class='ocr_line' id='line_1_31' title="bbox 305 2420 1807 2474; baseline -0.002 -12"><span class='ocrx_word' id='word_1_250' title='bbox 305 2422 484 2463; x_wconf 90' lang='lat' dir='ltr'>mentis.</span> <span class='ocrx_word' id='word_1_251' title='bbox 547 2421 800 2471; x_wconf 88' lang='lat' dir='ltr'>Praeterea,</span> <span class='ocrx_word' id='word_1_252' title='bbox 825 2422 972 2462; x_wconf 90' lang='lat' dir='ltr'>omnis</span> <span class='ocrx_word' id='word_1_253' title='bbox 995 2421 1227 2474; x_wconf 88' lang='lat' dir='ltr'>zelotypia</span> <span class='ocrx_word' id='word_1_254' title='bbox 1251 2434 1278 2461; x_wconf 90' lang='lat' dir='ltr'>a</span> <span class='ocrx_word' id='word_1_255' title='bbox 1303 2420 1571 2474; x_wconf 88' lang='lat' dir='ltr'>quibusdam</span> <span class='ocrx_word' id='word_1_256' title='bbox 1595 2427 1807 2460; x_wconf 85' lang='lat' dir='ltr'>censetur</span> 
     </span>
     <span class='ocr_line' id='line_1_32' title="bbox 305 2482 1804 2538; baseline -0.003 -12"><span class='ocrx_word' id='word_1_257' title='bbox 305 2491 354 2526; x_wconf 89' lang='lat' dir='ltr'>ut</span> <span class='ocrx_word' id='word_1_258' title='bbox 380 2485 566 2536; x_wconf 79' lang='lat' dir='ltr'>vitium3</span> <span class='ocrx_word' id='word_1_259' title='bbox 600 2484 720 2538; x_wconf 91' lang='lat' dir='ltr'>quod</span> <span class='ocrx_word' id='word_1_260' title='bbox 751 2485 970 2538; x_wconf 90' lang='lat' dir='ltr'>imprimis</span> <span class='ocrx_word' id='word_1_261' title='bbox 1002 2484 1051 2525; x_wconf 91' lang='lat' dir='ltr'>fit</span> <span class='ocrx_word' id='word_1_262' title='bbox 1077 2498 1104 2525; x_wconf 89' lang='lat' dir='ltr'>a</span> <span class='ocrx_word' id='word_1_263' title='bbox 1129 2484 1473 2531; x_wconf 85' lang='lat' dir='ltr'>scortatoribus,</span> <span class='ocrx_word' id='word_1_264' title='bbox 1499 2483 1572 2536; x_wconf 90' lang='lat' dir='ltr'>qui</span> <span class='ocrx_word' id='word_1_265' title='bbox 1604 2483 1648 2523; x_wconf 90' lang='lat' dir='ltr'>in</span> <span class='ocrx_word' id='word_1_266' title='bbox 1681 2482 1804 2523; x_wconf 88' lang='lat' dir='ltr'>zelo-</span> 
     </span>
     <span class='ocr_line' id='line_1_33' title="bbox 305 2546 1804 2601; baseline -0.003 -12"><span class='ocrx_word' id='word_1_267' title='bbox 305 2549 479 2601; x_wconf 86' lang='lat' dir='ltr'>typiam</span> <span class='ocrx_word' id='word_1_268' title='bbox 498 2547 668 2601; x_wconf 89' lang='lat' dir='ltr'>justam</span> <span class='ocrx_word' id='word_1_269' title='bbox 692 2548 832 2589; x_wconf 86' lang='lat' dir='ltr'>etiam</span> <span class='ocrx_word' id='word_1_270' title='bbox 858 2548 1082 2600; x_wconf 87' lang='lat' dir='ltr'>vituperia</span> <span class='ocrx_word' id='word_1_271' title='bbox 1104 2547 1376 2600; x_wconf 89' lang='lat' dir='ltr'>conjiciunt:</span> <span class='ocrx_word' id='word_1_272' title='bbox 1411 2546 1641 2586; x_wconf 77' lang='lat' dir='ltr'>derivatur</span> <span class='ocrx_word' id='word_1_273' title='bbox 1663 2559 1804 2598; x_wconf 88' lang='lat' dir='ltr'>usque</span> 
     </span>
     <span class='ocr_line' id='line_1_34' title="bbox 305 2608 1806 2665; baseline -0.003 -13"><span class='ocrx_word' id='word_1_274' title='bbox 305 2611 533 2665; x_wconf 89' lang='lat' dir='ltr'>zelotypia</span> <span class='ocrx_word' id='word_1_275' title='bbox 547 2626 606 2652; x_wconf 86' lang='lat' dir='ltr'>ex</span> <span class='ocrx_word' id='word_1_276' title='bbox 624 2611 708 2652; x_wconf 88' lang='lat' dir='ltr'>zeli</span> <span class='ocrx_word' id='word_1_277' title='bbox 731 2618 859 2664; x_wconf 90' lang='lat' dir='ltr'>typo,</span> <span class='ocrx_word' id='word_1_278' title='bbox 875 2625 927 2652; x_wconf 91' lang='lat' dir='ltr'>ac</span> <span class='ocrx_word' id='word_1_279' title='bbox 947 2611 1081 2652; x_wconf 88' lang='lat' dir='ltr'>datur</span> <span class='ocrx_word' id='word_1_280' title='bbox 1099 2617 1234 2664; x_wconf 86' lang='lat' dir='ltr'>typus</span> <span class='ocrx_word' id='word_1_281' title='bbox 1256 2624 1335 2651; x_wconf 91' lang='lat' dir='ltr'>seu</span> <span class='ocrx_word' id='word_1_282' title='bbox 1353 2611 1506 2662; x_wconf 88' lang='lat' dir='ltr'>imago</span> <span class='ocrx_word' id='word_1_283' title='bbox 1524 2608 1608 2649; x_wconf 87' lang='lat' dir='ltr'>zeli</span> <span class='ocrx_word' id='word_1_284' title='bbox 1625 2608 1734 2661; x_wconf 89' lang='lat' dir='ltr'>justi</span> <span class='ocrx_word' id='word_1_285' title='bbox 1757 2614 1806 2649; x_wconf 90' lang='lat' dir='ltr'>et</span> 
     </span>
     <span class='ocr_line' id='line_1_35' title="bbox 305 2669 1805 2727; baseline -0.003 -12"><span class='ocrx_word' id='word_1_286' title='bbox 305 2673 388 2715; x_wconf 89' lang='lat' dir='ltr'>zeli</span> <span class='ocrx_word' id='word_1_287' title='bbox 414 2673 597 2727; x_wconf 87' lang='lat' dir='ltr'>injusti;</span> <span class='ocrx_word' id='word_1_288' title='bbox 634 2674 716 2715; x_wconf 89' lang='lat' dir='ltr'>sed</span> <span class='ocrx_word' id='word_1_289' title='bbox 743 2674 1003 2715; x_wconf 88' lang='lat' dir='ltr'>discrimina</span> <span class='ocrx_word' id='word_1_290' title='bbox 1028 2674 1105 2714; x_wconf 90' lang='lat' dir='ltr'>illa</span> <span class='ocrx_word' id='word_1_291' title='bbox 1136 2673 1183 2714; x_wconf 74' lang='lat' dir='ltr'>iri</span> <span class='ocrx_word' id='word_1_292' title='bbox 1213 2686 1331 2714; x_wconf 89' lang='lat' dir='ltr'>nunc</span> <span class='ocrx_word' id='word_1_293' title='bbox 1357 2672 1652 2727; x_wconf 87' lang='lat' dir='ltr'>sequentibus</span> <span class='ocrx_word' id='word_1_294' title='bbox 1678 2669 1805 2711; x_wconf 92' lang='lat' dir='ltr'>evol-</span> 
     </span>
     <span class='ocr_line' id='line_1_36' title="bbox 303 2737 1174 2792; baseline -0.001 -14"><span class='ocrx_word' id='word_1_295' title='bbox 303 2743 498 2790; x_wconf 86' lang='lat' dir='ltr'>ventur;</span> <span class='ocrx_word' id='word_1_296' title='bbox 529 2737 652 2792; x_wconf 91' lang='lat' dir='ltr'>quod</span> <span class='ocrx_word' id='word_1_297' title='bbox 678 2737 756 2780; x_wconf 89' lang='lat' dir='ltr'>fiet</span> <span class='ocrx_word' id='word_1_298' title='bbox 782 2738 827 2779; x_wconf 91' lang='lat' dir='ltr'>in</span> <span class='ocrx_word' id='word_1_299' title='bbox 853 2737 939 2779; x_wconf 88' lang='lat' dir='ltr'>hac</span> <span class='ocrx_word' id='word_1_300' title='bbox 966 2738 1080 2778; x_wconf 88' lang='lat' dir='ltr'>serie</span> <span class='ocrx_word' id='word_1_301' title='bbox 1103 2748 1174 2776; x_wconf 70' lang='grc'>3-</span> 
     </span>
    </p>

    <p class='ocr_par' dir='ltr' id='par_1_11' title="bbox 544 2820 1802 2919">
     <span class='ocr_line' id='line_1_37' title="bbox 544 2820 1802 2872; baseline -0.006 -10"><span class='ocrx_word' id='word_1_302' title='bbox 544 2826 600 2872; x_wconf 86' lang='lat' dir='ltr'>(i.)</span> <span class='ocrx_word' id='word_1_303' title='bbox 638 2826 751 2872; x_wconf 79' lang='lat' dir='ltr'>Quod</span> <span class='ocrx_word' id='word_1_304' title='bbox 764 2826 867 2861; x_wconf 69' lang='lat' dir='ltr'>zelus</span> <span class='ocrx_word' id='word_1_305' title='bbox 890 2827 934 2861; x_wconf 78' lang='lat' dir='ltr'>in</span> <span class='ocrx_word' id='word_1_306' title='bbox 966 2836 1005 2860; x_wconf 87' lang='lat' dir='ltr'>se</span> <span class='ocrx_word' id='word_1_307' title='bbox 1022 2822 1210 2871; x_wconf 69' lang='lat' dir='ltr'>spellatus</span> <span class='ocrx_word' id='word_1_308' title='bbox 1229 2826 1283 2860; x_wconf 78' lang='lat' dir='ltr'>sit</span> <span class='ocrx_word' id='word_1_309' title='bbox 1305 2825 1407 2859; x_wconf 77' lang='lat' dir='ltr'>sicut</span> <span class='ocrx_word' id='word_1_310' title='bbox 1427 2824 1533 2869; x_wconf 64' lang='lat' dir='ltr'>:gnis</span> <span class='ocrx_word' id='word_1_311' title='bbox 1556 2822 1704 2857; x_wconf 78' lang='lat' dir='ltr'>amoris</span> <span class='ocrx_word' id='word_1_312' title='bbox 1717 2820 1802 2866; x_wconf 87' lang='lat' dir='ltr'>fla—</span> 
     </span>
     <span class='ocr_line' id='line_1_38' title="bbox 721 2884 864 2919; baseline 0.007 -12"><span class='ocrx_word' id='word_1_313' title='bbox 721 2884 864 2919; x_wconf 80' lang='lat' dir='ltr'>grans.</span> 
     </span>
    </p>
   </div>
   <div class='ocr_carea' id='block_1_7' title="bbox 528 2915 1854 3013">
    <p class='ocr_par' dir='ltr' id='par_1_12' title="bbox 528 2915 1854 3013">
     <span class='ocr_line' id='line_1_39' title="bbox 528 2915 1854 2967; baseline -0.005 -12"><span class='ocrx_word' id='word_1_314' title='bbox 528 2919 600 2967; x_wconf 89' lang='lat' dir='ltr'>(ii.)</span> <span class='ocrx_word' id='word_1_315' title='bbox 635 2919 951 2967; x_wconf 76' lang='lat' dir='ltr'>Quodflagratz&#39;o</span> <span class='ocrx_word' id='word_1_316' title='bbox 962 2931 1027 2954; x_wconf 80' lang='lat' dir='ltr'>seu</span> <span class='ocrx_word' id='word_1_317' title='bbox 1036 2919 1207 2964; x_wconf 87' lang='lat' dir='ltr'>flamma</span> <span class='ocrx_word' id='word_1_318' title='bbox 1222 2918 1332 2953; x_wconf 79' lang='lat' dir='ltr'>illius</span> <span class='ocrx_word' id='word_1_319' title='bbox 1346 2918 1501 2955; x_wconf 78' lang='lat' dir='ltr'>amoris,</span> <span class='ocrx_word' id='word_1_320' title='bbox 1515 2926 1613 2960; x_wconf 88' lang='lat' dir='ltr'>quae</span> <span class='ocrx_word' id='word_1_321' title='bbox 1624 2918 1678 2949; x_wconf 82' lang='lat' dir='ltr'>est</span> <span class='ocrx_word' id='word_1_322' title='bbox 1689 2915 1800 2954; x_wconf 80' lang='lat' dir='ltr'>zelus,</span> <span class='ocrx_word' id='word_1_323' title='bbox 1852 2955 1854 2957; x_wconf 66' lang='lat'>‚</span> 
     </span>
     <span class='ocr_line' id='line_1_40' title="bbox 728 2962 1798 3013; baseline -0.004 -12"><span class='ocrx_word' id='word_1_324' title='bbox 728 2969 783 3001; x_wconf 83' lang='lat' dir='ltr'>sit</span> <span class='ocrx_word' id='word_1_325' title='bbox 804 2967 1004 3013; x_wconf 80' lang='lat' dir='ltr'>flagratio</span> <span class='ocrx_word' id='word_1_326' title='bbox 1027 2977 1093 3001; x_wconf 78' lang='lat' dir='ltr'>seu</span> <span class='ocrx_word' id='word_1_327' title='bbox 1108 2966 1277 3010; x_wconf 85' lang='lat' dir='ltr'>flamma</span> <span class='ocrx_word' id='word_1_328' title='bbox 1295 2964 1531 3010; x_wconf 75' lang='lat' dir='ltr'>spiritualis,</span> <span class='ocrx_word' id='word_1_329' title='bbox 1550 2962 1720 2997; x_wconf 78' lang='lat' dir='ltr'>oriunda</span> <span class='ocrx_word' id='word_1_330' title='bbox 1754 2973 1798 2997; x_wconf 64' lang='lat' dir='ltr'>ex</span> 
     </span>
    </p>
   </div>
   <div class='ocr_carea' id='block_1_8' title="bbox 730 3013 1517 3061">
    <p class='ocr_par' dir='ltr' id='par_1_13' title="bbox 730 3013 1517 3061">
     <span class='ocr_line' id='line_1_41' title="bbox 730 3013 1517 3061; baseline -0.006 -12"><span class='ocrx_word' id='word_1_331' title='bbox 730 3015 980 3061; x_wconf 76' lang='lat' dir='ltr'>infestatione</span> <span class='ocrx_word' id='word_1_332' title='bbox 996 3017 1033 3049; x_wconf 81' lang='lat' dir='ltr'>et</span> <span class='ocrx_word' id='word_1_333' title='bbox 1050 3014 1345 3059; x_wconf 77' lang='lat' dir='ltr'>impugnatione</span> <span class='ocrx_word' id='word_1_334' title='bbox 1360 3013 1517 3046; x_wconf 83' lang='lat' dir='ltr'>amoris.</span> 
     </span>
    </p>
   </div>
  </div>
 </body>
</html>
