2014 3386
503 354 571 386 DE
603 352 783 385 AMORE
814 352 1240 396 C‘ONJUGIAL1.—N.
1270 355 1363 397 323.
1599 355 1678 399 255

185 481 226 508 n.
254 466 371 522 216).
435 476 471 520 5.
504 466 579 508 Ex
605 466 676 509 his
697 473 745 508 et
771 466 859 508 illis
881 472 963 516 est,
987 466 1108 521 quod
1131 480 1222 508 non
1245 467 1438 521 amplius
1461 467 1550 509 duo
1572 469 1678 517 sint,

185 531 266 572 sed
292 544 404 572 unus
435 530 588 580 homo,
617 530 738 584 quod
770 537 855 580 est,
883 544 972 571 una
1003 544 1122 572 caro.
1182 530 1221 571 6.
1255 530 1390 584 Quod
1422 531 1517 572 tale
1543 533 1680 572 unum

185 607 277 634 non
318 594 463 647 possit
504 594 698 647 discerpi
737 608 816 647 per
856 600 1052 635 mortem
1090 593 1291 643 alterius,
1325 607 1478 635 coram
1511 595 1682 636 oculari

183 659 280 699 visu
295 657 490 711 spirituS,
507 658 746 699 manifeste
765 663 908 710 patet.
959 667 998 711 7.
1028 657 1113 699 His
1130 657 1365 711 adjicietur
1378 658 1465 699 hoc
1485 672 1651 699 novum
1669 673 1679 710 3

184 720 307 774 quod
339 720 428 761 duo
459 719 524 761 illi
551 734 643 774 ⁴per
674 727 869 762 mortem
909 721 1052 770 unius,
1088 735 1229 775 usque
1261 735 1352 762 non
1385 729 1679 775 separentur;

184 783 396 837 quoniam
423 782 622 824 defunffl
644 798 721 824 seu
744 783 981 825 defunctae
1003 785 1185 838 spiritus
1208 784 1445 826 cohabitat
1460 784 1556 839 jugi
1579 799 1680 826 cum

183 847 342 900 spiritu
382 847 584 891 nondum
626 846 825 888 defuncti
865 861 943 888 seu
983 846 1236 896 defunctae,
1271 854 1318 889 et
1357 849 1402 889 id
1443 863 1583 903 usque
1623 849 1681 890 ad

184 915 382 950 mortem
414 909 616 959 alterius,
645 911 828 964 quando
867 911 1028 951 iterum
1066 912 1342 952 conveniunt
1384 918 1431 953 et
1469 913 1681 954 reuniunt

182 986 247 1020 se,
281 986 334 1013 ac
376 974 576 1014 tenerius
616 987 752 1027 quam
793 975 913 1027 prius
954 987 1002 1015 se
1038 980 1212 1023 amant,
1246 975 1349 1028 quia
1383 976 1426 1016 in
1459 976 1682 1028 spirituali

185 1036 368 1077 mundo.
430 1036 505 1077 Ex
532 1037 601 1077 his
627 1037 761 1077 datur
786 1037 872 1078 hoc
897 1051 1182 1091 consequens
1208 1038 1531 1092 irrefragabile,
1556 1040 1679 1093 quod

182 1099 260 1148 illi,
289 1101 363 1154 qui
388 1100 432 1140 in
455 1113 609 1141 amore
634 1115 740 1141 vere
767 1100 1010 1154 conjugiali
1033 1101 1260 1151 vixerant,
1285 1102 1498 1143 iteratum
1523 1102 1680 1156 conju-

181 1163 306 1216 gium
345 1177 435 1204 non
472 1163 630 1205 velint.
703 1163 749 1205 Si
789 1171 942 1205 autem
984 1165 1265 1206 contrahunt
1308 1166 1490 1219 aliquod
1534 1167 1680 1208 simile

182 1226 381 1280 conjugii
421 1234 598 1281 postea,
637 1226 688 1268 fit
729 1234 915 1281 propter
951 1241 1111 1269 causas
1152 1235 1390 1282 separatas
1430 1231 1488 1270 ab
1524 1244 1680 1272 amore

183 1290 453 1344 conjugiali;
487 1297 534 1332 et
560 1291 647 1332 hae
674 1305 836 1332 causae
866 1298 970 1333 sunt
1003 1305 1162 1333 omnes
1189 1299 1439 1345 externae;
1473 1300 1522 1335 ut
1549 1295 1585 1335 si
1612 1295 1680 1335 in-

181 1354 332 1395 fantes
358 1355 401 1395 in
428 1355 566 1396 domo
593 1362 714 1404 sunt,
743 1362 789 1396 et
816 1355 995 1396 illorum
1023 1369 1156 1397 curae
1188 1357 1553 1410 prospiciendum
1581 1365 1677 1399 est:

182 1418 218 1458 si
245 1418 406 1458 domus
439 1424 509 1459 est
541 1418 708 1472 ampla,
737 1417 955 1460 instruc‘ta
986 1419 1217 1460 famulitiis
1249 1421 1481 1474 utriusque
1513 1435 1677 1462 sexus:

181 1481 218 1522 si
243 1481 665 1523 administrationes
691 1482 942 1523 forinsecae
967 1482 1241 1524 abstrahunt
1269 1490 1472 1525 mentem
1498 1498 1525 1525 a
1550 1484 1679 1526 fami-

183 1544 365 1585 liaribus
387 1545 574 1585 domus:
609 1546 645 1586 si
672 1552 830 1586 mutua
856 1545 1027 1586 auxilia
1058 1551 1104 1586 et
1129 1545 1277 1587 officia
1302 1553 1408 1588 sunt
1431 1549 1679 1589 necessita—

182 1614 282 1658 tes;
315 1614 362 1649 et
389 1608 551 1649 similia
577 1608 678 1650 alia.

260 1679 387 1722 322.
421 1669 503 1723 (ν.)
540 1669 670 1720 Quod
701 1670 822 1711 alius
850 1677 1000 1712 status
1035 1670 1235 1724 conjugii
1270 1671 1336 1712 sit
1356 1670 1546 1725 juvenis
1584 1685 1679 1712 cum

185 1733 380 1785 virgine,
411 1739 454 1773 et
481 1733 603 1774 alius
616 1733 806 1787 juvenis
835 1748 930 1774 cum
959 1734 1254 1775 vidua.—-Per
1283 1740 1434 1775 status
1464 1733 1677 1788 conjugii,

181 1797 503 1854 intelliguntur
527 1802 677 1837 status
702 1798 826 1838 vitae
851 1797 1100 1851 utriusque,
1124 1797 1276 1838 mariti
1300 1803 1347 1841 et
1373 1797 1545 1846 uxoris,
1572 1804 1678 1851 post

182 1859 380 1913 nuptias,
407 1859 472 1900 ita
498 1860 542 1900 in
568 1859 797 1913 conjugio,
824 1859 972 1914 qualis
997 1866 1107 1901 tunc
1139 1866 1211 1901 est
1242 1860 1545 1909 cohabitatio,
1570 1873 1676 1901 num

180 1924 362 1966 interna
387 1924 640 1966 animarum
665 1930 713 1965 et
739 1925 977 1974 mentium,
1001 1938 1118 1978 quae
1143 1925 1188 1965 in
1214 1924 1452 1978 principali
1478 1924 1581 1965 idea
1607 1930 1679 1965 est

181 1987 481 2036 cohabitatio,
508 1986 583 2027 vel
613 2000 720 2028 num
751 1988 899 2028 solum
926 1994 1123 2029 externa
1148 1989 1419 2037 animorum,
1446 2001 1676 2035 sensuum,

181 2056 228 2091 et
253 2050 470 2103 corporis.
534 2049 695 2091 Status
718 2049 915 2104 conjugii
936 2050 1115 2104 juvenis
1141 2064 1243 2092 cum
1268 2051 1461 2104 virgine,
1485 2057 1556 2092 est
1582 2051 1678 2104 ipse

181 2113 368 2154 initialis
389 2113 446 2154 ad
468 2114 717 2166 genuinum
739 2113 1016 2167 conjugium,
1035 2115 1156 2155 inter
1176 2114 1261 2155 hos
1284 2116 1404 2155 enim
1426 2115 1678 2167 procedere

182 2181 340 2229 potest
378 2188 507 2216 amor
544 2175 814 2229 conjugialis
853 2177 898 2217 in
937 2190 1019 2217 suo
1052 2176 1179 2229 justo
1220 2177 1395 2225 ordine,
1428 2177 1503 2231 qui
1542 2183 1613 2218 est
1653 2190 1678 2217 a

181 2239 327 2291 primo
349 2238 501 2279 calore
527 2239 585 2278 ad
611 2239 803 2292 primam
828 2239 989 2287 facem,
1013 2245 1060 2280 et
1085 2240 1252 2280 deinde
1277 2254 1303 2280 a
1333 2240 1480 2293 primo
1503 2240 1676 2280 semine

182 2302 303 2354 apud
320 2300 534 2354 juvenem
562 2302 793 2350 maritum,
817 2308 864 2343 et
890 2316 916 2343 a
942 2302 1050 2344 flore
1076 2303 1196 2356 apud
1218 2303 1443 2356 virginem
1467 2316 1675 2351 uxorem,

181 2371 229 2405 et
268 2365 331 2405 sic
370 2365 643 2417 germinare,
676 2378 898 2414 crescere,
931 2372 978 2407 et
1016 2365 1300 2415 fru6fificare,
1333 2380 1384 2407 ac
1424 2367 1468 2407 in
1507 2366 1586 2407 illa
1630 2380 1678 2406 se

183 2434 343 2469 mutuo
373 2429 692 2480 introducere;
737 2430 804 2470 sin
844 2429 994 2478 aliter,
1022 2429 1201 2483 juvenis
1238 2444 1328 2471 non
1365 2430 1448 2471 suit
1482 2429 1675 2483 juvenis,

182 2504 266 2532 nec
291 2491 423 2544 virgo
444 2491 525 2532 fuit
547 2492 691 2545 virgo,
711 2492 794 2533 nisi
816 2492 860 2532 in
882 2492 1028 2533 forma
1045 2499 1255 2534 externa.
1315 2494 1443 2534 Inter
1460 2492 1675 2546 juvenem

182 2560 338 2594 autem
364 2560 412 2595 et
436 2555 620 2595 viduam
646 2568 738 2595 non
764 2555 900 2596 datur
925 2555 1084 2596 similis
1110 2556 1308 2597 initiatio
1330 2570 1355 2597 a
1381 2557 1594 2610 primitiis
1619 2556 1675 2596 ad

182 2615 460 2670 conjugium,
500 2630 583 2658 nec
620 2617 780 2658 similis
813 2619 1075 2671 progressio
1113 2619 1158 2659 in
1197 2618 1427 2672 conjugio,
1460 2619 1676 2672 quoniam

181 2679 317 2720 vidua
339 2679 439 2732 plus
462 2680 528 2720 sui
550 2679 724 2721 arbitrii
742 2686 789 2721 et
806 2680 916 2733 juris
938 2687 1024 2729 est,
1045 2694 1181 2735 quam
1202 2682 1361 2735 virgo;
1393 2695 1532 2736 quare
1546 2681 1676 2734 juve·

183 2743 250 2783 nis
275 2742 367 2784 alio
388 2744 486 2784 visu
508 2743 805 2785 adblanditur
826 2745 958 2785 uxori
982 2745 1162 2793 viduae,
1185 2758 1320 2799 quam
1343 2745 1476 2786 uxori
1498 2744 1676 2796 virgini.

184 2805 274 2847 Sed
295 2806 340 2847 in
358 2806 426 2847 his
443 2806 580 2847 datur
596 2807 797 2848 varietas
818 2813 866 2849 et
888 2807 1132 2848 diversitas
1150 2807 1311 2858 multa,
1331 2821 1468 2862 quare
1486 2807 1530 2847 id
1549 2820 1675 2848 com·

183 2881 319 2909 mune
341 2869 489 2910 solum
516 2875 810 2911 memoratur.

261 2941 389 2985 323.
422 2931 521 2985 (vi.)
556 2931 685 2983 Quod
693 2933 831 2975 etiam
847 2933 967 2975 alius
984 2940 1132 2975 status
1148 2935 1345 2989 conjugii
1359 2934 1423 2975 sit
1438 2933 1571 2975 vidui
1581 2947 1676 2975 cum

184 2993 377 3047 virgine,
402 3001 445 3035 et
473 2994 593 3036 alius
623 2995 756 3037 vidui
781 3010 876 3038 cum
905 2997 1296 3039 vidua.—Viduus
1322 2998 1442 3038 enim
1468 2996 1673 3051 jamdum
