2014 3386
0 3286 19 3350 pff*
0 3199 13 3275 ‘'qua‘'
0 3156 12 3188 ι’*
0 3135 2 3139 ’
0 3094 15 3122 ’ἶ
0 3039 15 3066 ’,ᾖ

0 3353 11 3386 ,5-

619 342 686 375 DE
718 341 897 375 AMORE
929 313 1356 384 CONJUGIAL1.-—i³1.
1388 343 1424 385 3.
1739 344 1767 388 7

274 462 314 492 et
332 455 504 502 opipara,
523 465 570 491 ac
589 454 683 491 vina
700 466 894 501 generosa
914 461 955 490 et
976 455 1135 495 nobilia,
1155 460 1195 490 et
1221 461 1313 501 post
1331 454 1468 500 epulas
1493 453 1574 489 ludi
1602 465 1647 490 ac
1673 455 1769 490 cho-

275 520 363 544 reae
379 508 578 554 virginum
604 514 644 543 et
668 508 859 554 juvenum
879 508 1109 543 saltantium
1135 508 1186 543 ad
1213 508 1355 543 modos
1373 507 1702 554 symphoniarum
1729 514 1770 543 et

273 562 471 602 tibiarum,
487 559 705 607 interjectis
718 561 900 597 cantibus
912 561 1078 596 odarum
1093 561 1337 596 suavissimis
1350 561 1366 597 ?
1379 567 1419 596 et
1433 561 1594 596 demum
1612 561 1663 595 ad
1683 571 1769 596 ves-

274 625 408 660 peram
426 620 545 650 erunt
562 612 788 660 spectacula
805 625 855 649 ex
879 614 1123 660 personatis;
1153 620 1193 650 et
1219 621 1311 660 post
1330 614 1428 650 haec
1446 613 1590 649 iterum
1609 613 1769 660 epulae;

272 674 313 702 et
330 667 387 702 sic
404 667 546 713 quovis
565 666 629 702 die
647 666 687 701 in
705 667 944 702 aeternum.''

345 719 420 755 His
438 718 589 760 edictis,
609 718 761 766 Quarta
781 719 948 760 Cohors,
967 730 1069 766 quae
1090 725 1176 755 erat
1196 719 1374 755 secunda
1398 729 1420 755 e
1445 719 1564 766 plaga
1583 718 1769 755 occiden-

272 772 353 813 tali,
368 772 591 807 enuntiavit
608 783 720 808 suam
734 772 986 813 sententiam,
1001 772 1158 808 dicens:
1185 777 1205 791 ‘⁶
1219 772 1303 807 Nos
1320 772 1493 807 fovimus
1510 772 1643 818 plures
1661 771 1769 808 ideas

271 826 322 860 de
347 825 494 871 gaudio
520 826 692 866 caelesti,
719 832 760 861 et
785 826 835 862 de
861 826 1052 862 felicitate
1077 832 1248 867 aeterna,
1275 832 1317 861 et
1342 826 1635 871 exploravimus
1658 826 1769 861 varia

270 878 419 925 gaudia
438 885 479 914 et
496 878 738 914 contulimus
760 878 826 914 illa
848 878 951 914 inter
970 890 1022 923 se,
1041 886 1083 914 et
1100 879 1368 914 conclusimus
1384 879 1492 924 quod
1515 879 1661 925 gaudia
1681 890 1768 915 cae-

271 931 385 967 lestia
409 931 490 967 sint
509 931 656 978 gaudia
681 932 945 977 paradisiaca;
970 932 1067 979 quid
1093 932 1201 968 aliud
1228 932 1382 968 caelum
1403 943 1522 978 quam
1549 932 1765 978 paradisus,

270 985 386 1030 cujus
403 984 584 1020 extensio
602 991 662 1020 est
680 986 729 1019 ab
747 985 900 1020 oriente
923 985 962 1020 in
980 985 1242 1025 occidentem,
1261 992 1302 1020 et
1323 995 1346 1020 a
1365 985 1529 1020 meridie
1550 985 1590 1020 in
1609 992 1767 1031 septen-

270 1037 453 1078 trionem,
473 1043 513 1072 et
532 1037 571 1072 in
591 1037 658 1072 illo
675 1038 836 1073 arbores
856 1037 1058 1073 fruetuum
1079 1045 1121 1073 et
1144 1038 1262 1073 flores
1280 1037 1522 1079 deliciarum,
1541 1037 1580 1072 in
1599 1049 1766 1084 quarum

271 1090 404 1125 medio
425 1096 486 1125 est
507 1090 716 1136 magnifica
736 1091 854 1126 arbor
873 1091 991 1132 vitae,
1009 1091 1158 1126 circum
1179 1102 1300 1137 quam
1327 1091 1523 1126 sedebunt
1543 1091 1661 1132 beati,
1679 1102 1768 1126 ves-

270 1149 405 1178 centes
425 1141 618 1178 fruc‘tibus
638 1143 790 1188 saporis
811 1143 981 1184 delicati,
1003 1155 1049 1179 ac
1070 1144 1201 1178 ornati
1222 1143 1338 1179 sertis
1359 1144 1500 1179 florum
1523 1144 1658 1179 odoris
1679 1155 1767 1179 sua-

269 1195 445 1231 vissimi?
470 1202 511 1231 et
531 1196 640 1242 quod
668 1196 766 1231 haec
786 1196 987 1242 aspirante
1014 1203 1208 1242 perpetuo
1228 1208 1321 1232 vere
1348 1197 1477 1232 indies
1498 1208 1588 1233 cum
1611 1197 1766 1232 infinita

269 1248 461 1283 varietate
478 1255 716 1284 enascantur
728 1255 768 1284 et
787 1256 1062 1291 renascantur;
1089 1256 1129 1285 et
1147 1250 1255 1296 quod
1274 1261 1323 1285 ex
1341 1250 1484 1285 horum
1503 1257 1593 1285 ortu
1612 1257 1652 1285 et
1669 1250 1766 1285 flore

270 1307 474 1346 perpetuo,
493 1308 533 1336 et
554 1301 670 1336 simul
691 1313 740 1337 ex
761 1302 954 1348 temperie
977 1302 1127 1349 jugiter
1143 1314 1276 1343 verna,
1296 1303 1418 1338 animi
1439 1303 1629 1339 continue
1651 1311 1766 1338 reno-

269 1353 350 1388 vati
372 1364 452 1389 non
475 1354 629 1399 possint
649 1354 764 1390 aliter
784 1366 903 1400 quam
924 1355 1070 1401 gaudia
1092 1355 1219 1391 indies
1240 1367 1345 1391 nova
1365 1356 1565 1391 attrahere
1586 1362 1626 1391 et
1644 1356 1765 1402 respi-

269 1417 361 1447 rare,
378 1412 420 1441 et
437 1406 529 1442 inde
548 1407 587 1442 in
606 1407 814 1443 florentem
834 1414 1017 1448 aetatem,
1032 1414 1072 1443 et
1090 1419 1159 1454 per
1173 1409 1275 1444 hanc
1293 1409 1332 1443 in
1351 1409 1596 1455 primitivum
1615 1415 1763 1444 statum

269 1458 308 1493 in
321 1470 440 1505 quem
455 1459 636 1495 Adamus
653 1467 694 1495 et
712 1460 798 1506 ejus
815 1471 916 1495 uxor
928 1461 1050 1496 creati
1069 1455 1173 1501 sun't,
1188 1461 1335 1503 reduci,
1350 1468 1391 1497 et
1405 1461 1462 1497 sic
1479 1461 1519 1497 in
1538 1462 1763 1508 paradisum

269 1511 439 1552 illorum,
459 1523 480 1547 e
498 1519 603 1547 terra
619 1513 856 1548 translatum
876 1513 915 1548 in
934 1514 1099 1554 caelum,
1118 1513 1304 1550 remitti.''

339 1563 491 1611 Quinta
511 1564 678 1605 Cohors,
700 1576 802 1611 quae
823 1573 906 1601 erat
933 1566 1061 1612 prima
1082 1577 1130 1602 ex
1152 1566 1368 1613 ingeniosis
1389 1577 1411 1602 e
1436 1566 1552 1614 plaga
1577 1567 1763 1603 meridio-

267 1617 358 1657 nali,
376 1617 497 1652 effata
513 1624 575 1653 est
593 1618 692 1653 hoc:
718 1618 906 1654 “Gaudia
923 1619 1109 1654 caelestia
1126 1626 1167 1655 et
1185 1620 1353 1655 felicitas
1370 1626 1531 1655 aeterna
1550 1631 1630 1655 non
1653 1621 1759 1656 aliud

267 1676 370 1708 sunt,
385 1680 503 1715 quam
518 1671 854 1716 supereminentia
867 1672 1054 1713 dominia,
1070 1679 1111 1707 et
1124 1672 1451 1717 opulentissimae
1467 1684 1598 1719 gazae,
1611 1680 1651 1708 et
1670 1673 1762 1709 inde

267 1722 496 1768 supertegia
521 1721 816 1767 magnificentia
840 1733 886 1757 ac
906 1724 1190 1769 superillustris
1225 1726 1424 1771 splendor.
1476 1725 1594 1772 Quod
1615 1727 1762 1772 gaudia

265 1774 374 1814 caeli,
394 1781 434 1810 et
453 1775 595 1810 horum
618 1775 755 1812 fruitio
776 1777 978 1818 continua,
997 1788 1098 1823 quae
1119 1784 1179 1813 est
1201 1784 1363 1813 aeterna
1382 1778 1561 1819 felicitas,
1582 1779 1650 1814 illa
1670 1780 1760 1819 sint,

266 1827 538 1873 perspeximus
551 1839 599 1863 ex
618 1828 694 1864 illis
713 1829 751 1863 in
767 1830 919 1865 mundo
937 1830 1069 1876 priori,
1084 1830 1152 1876 qui
1171 1830 1289 1876 potiti
1307 1837 1400 1866 sunt
1418 1831 1516 1872 illis;
1542 1839 1583 1867 et
1601 1832 1762 1878 insuper

265 1890 313 1915 ex
334 1891 392 1921 eo,
414 1881 524 1926 quod
551 1880 685 1917 felices
711 1881 750 1917 in
777 1882 888 1918 caelo
912 1883 1111 1929 regnaturi
1138 1883 1218 1918 sint
1242 1895 1333 1918 cum
1361 1884 1546 1925 Domino,
1567 1895 1613 1920 ac
1638 1885 1760 1920 futuri

265 1942 376 1978 reges
393 1939 433 1968 et
451 1933 659 1979 principes,
674 1935 767 1980 quia
783 1941 877 1970 sunt
894 1935 964 1970 filii
986 1935 1123 1981 Ipsius,
1139 1936 1206 1982 qui
1225 1943 1286 1972 est
1306 1937 1392 1972 Rex
1409 1948 1547 1983 regum
1566 1944 1606 1973 et
1622 1937 1760 1973 Domi-

265 1995 339 2020 nus
361 1985 626 2027 dominorum,
645 1993 685 2022 et
706 1988 813 2033 quod
841 1988 984 2023 sessuri
1006 1989 1085 2023 sint
1106 1999 1224 2034 super
1245 1989 1410 2030 thronis,
1433 1997 1474 2025 et
1495 1991 1603 2036 quod
1629 1991 1759 2037 angeli

265 2037 342 2073 illis
367 2038 626 2074 ministraturi
653 2040 744 2076 sint.
807 2040 1145 2087 Magnificentiam
1172 2042 1270 2077 caeli
1297 2043 1571 2088 perspeximus
1596 2054 1645 2079 ex
1671 2044 1758 2084 hoc,

263 2091 371 2136 quod
391 2090 507 2127 Nova
526 2091 816 2139 Hierosolyma,
831 2104 901 2138 per
913 2105 1034 2140 quam
1053 2094 1290 2130 describitur
1305 2096 1434 2142 gloria
1451 2096 1559 2137 caeli,
1574 2096 1759 2132 habitura

263 2143 314 2178 sit
331 2150 477 2189 portas,
491 2155 658 2190 quarum
678 2146 924 2191 unaquaevis
942 2146 1017 2182 erit
1036 2158 1115 2182 una
1129 2148 1351 2194 margarita,
1366 2155 1407 2183 et
1425 2149 1575 2194 plateas
1593 2160 1641 2184 ex
1659 2160 1758 2195 puro

263 2206 371 2236 auro,
390 2203 431 2232 et
452 2208 608 2232 murum
635 2197 847 2233 fundatum
874 2210 993 2244 super
1013 2199 1212 2245 lapidibus
1238 2201 1442 2245 pretiosis;
1468 2209 1759 2247 consequenter

262 2249 370 2294 quod
387 2249 513 2285 cuivis
531 2249 570 2284 in
588 2251 741 2285 caelum
761 2258 922 2297 recepto
940 2251 991 2287 sit
1009 2263 1080 2287 sua
1097 2252 1186 2287 aula
1204 2264 1252 2287 ex
1269 2264 1368 2289 auro
1385 2260 1426 2289 et
1444 2255 1758 2299 pretiositatibus

263 2300 484 2346 splendens¹
499 2313 545 2337 ac
563 2303 784 2338 dominium
804 2304 944 2339 ordine
962 2305 1011 2339 ab
1025 2316 1106 2340 uno
1126 2305 1164 2340 in
1183 2306 1350 2341 alterum
1370 2317 1655 2343 successurum.
1708 2307 1758 2343 Et

262 2354 355 2399 quia
371 2354 566 2395 novimus,
585 2356 692 2401 quod
715 2356 861 2392 talibus
883 2356 1019 2392 innata
1036 2358 1115 2392 sint
1136 2358 1294 2404 gaudia,
1313 2370 1358 2394 ac
1380 2359 1499 2394 insita
1516 2359 1693 2401 felicitas,
1716 2368 1756 2396 et

261 2407 368 2451 quod
391 2406 470 2442 sint
490 2408 725 2453 sponsiones
752 2408 825 2444 Dei
854 2409 1150 2456 irrefragabiles,
1170 2422 1249 2446 non
1272 2412 1476 2458 potuimus
1496 2413 1656 2449 aliunde
1678 2419 1756 2448 sta·

261 2464 346 2493 tum
365 2459 635 2495 felicissimum
652 2461 758 2496 vitae
777 2462 958 2498 caelestis
976 2463 1208 2499 deducere.”

334 2511 430 2547 Post
448 2512 560 2553 hanc,
581 2513 702 2549 Sexta
719 2514 885 2555 Cohors,
904 2526 1005 2560 quae
1023 2522 1108 2551 erat
1126 2517 1302 2552 secunda
1319 2527 1340 2552 e
1359 2517 1476 2564 plaga
1494 2518 1754 2558 meridionali,

260 2564 403 2599 extulit
415 2575 565 2606 vocem,
581 2573 621 2601 et
635 2566 758 2602 dixit:
783 2567 1014 2602 “Gaudium
1030 2569 1126 2603 caeli
1146 2575 1186 2604 et
1204 2569 1289 2615 ejus
1306 2577 1467 2605 aeterna
1482 2570 1658 2611 felicitas,
1673 2582 1753 2606 non

261 2616 366 2651 aliud
385 2624 445 2652 est
459 2628 577 2663 quam
596 2626 788 2665 perpetua
805 2620 1043 2665 glorificatio
1063 2620 1147 2661 Dei,
1163 2621 1310 2656 festum
1330 2634 1552 2668 perennans
1571 2623 1609 2657 in
1628 2630 1754 2659 aeter-

267 2679 367 2709 ·ium,
386 2679 431 2705 ac
452 2670 703 2707 beatissimus
723 2672 853 2707 cultus
874 2683 964 2708 curn
986 2673 1168 2709 cantibus
1190 2681 1230 2709 et
1250 2675 1406 2720 jubilis:
1433 2682 1472 2710 et
1491 2676 1546 2711 sic
1567 2683 1753 2711 constans

270 2721 432 2757 elevatio
449 2723 581 2758 cordis
598 2724 647 2758 ad
670 2723 809 2764 Deum,
824 2735 914 2760 eum
933 2726 1050 2771 plena
1068 2725 1213 2761 fiducia
1230 2728 1515 2773 acceptationis
1534 2739 1693 2773 precum
1712 2735 1753 2763 et

271 2771 421 2808 laudum
439 2782 600 2821 propter
616 2776 801 2812 Divinam
816 2777 1128 2813 munificentiam
1150 2779 1410 2815 beatitudinis
1426 2781 1618 2816 illorum.''
1669 2781 1752 2816 Ali-

271 2825 328 2869 qui
349 2837 398 2860 ex
419 2826 494 2862 hac
513 2828 679 2864 cohorte
697 2830 941 2875 adJecerunt,
960 2831 1066 2876 quod
1089 2831 1327 2877 glorificatio
1349 2833 1414 2868 illa
1435 2833 1570 2868 futura
1587 2833 1638 2868 sit
1659 2843 1749 2868 cum

273 2878 481 2923 mignificis
506 2879 778 2921 luminaribus,
807 2893 978 2928 cumque
1004 2883 1201 2919 suffitibus
1230 2884 1561 2931 fragrantissimis,
1589 2892 1629 2920 et
1658 2896 1747 2920 cum

272 2930 577 2973 processionibus
602 2943 782 2979 pompae,
810 2935 997 2980 pontifice
1024 2937 1197 2971 maximo
1224 2945 1440 2982 praeeunte
1466 2949 1556 2972 cum
1583 2938 1749 2973 buccina

272 2990 414 3028 magna,
432 2985 687 3030 sequentibus
706 2986 814 3021 illum
834 2987 1067 3033 primatibus
1084 2995 1125 3024 et
1142 2989 1358 3035 clavigeris,
1378 2990 1531 3036 magnis
1548 2996 1588 3025 et
1606 2991 1744 3036 parvis,
