2014 3386
325 348 376 390 16
782 354 1024 389 DELICIAE
1056 354 1360 388 SAPIENTIAE

318 476 360 506 at
381 468 522 516 angeli,
542 479 605 504 me
625 467 724 509 viso,
746 467 998 515 aufugerunt,
1015 474 1056 504 et
1079 468 1182 504 inter
1202 479 1244 504 se
1265 467 1462 510 dixerunt,
1481 466 1606 516 ‘Quid
1629 468 1707 505 hoc
1725 479 1814 515 por-

317 522 501 558 tentum?
527 522 732 568 quomodo
746 521 824 557 huc
837 521 948 557 venit
961 521 1045 557 avis
1059 520 1187 557 noftis
1197 521 1225 557 ?'
1276 521 1326 557 Et
1343 521 1550 557 adtualiter
1562 522 1667 558 sensi
1686 529 1815 558 muta-

317 576 470 611 tionem
505 576 555 610 ab
581 575 757 614 homine,
778 574 939 610 tametsi
966 585 1047 610 non
1078 581 1256 610 mutatus
1282 585 1391 615 sum:
1428 575 1506 610 hoc
1532 575 1629 610 mihi
1655 582 1740 611 erat
1766 586 1816 611 ex

317 627 556 664 attractione
573 627 757 663 caelestis
775 627 1090 673 atmosphaerae.
1139 627 1195 662 At
1213 638 1307 663 mox
1323 627 1493 663 accurrit
1513 638 1616 663 unus
1637 639 1686 663 ex
1706 628 1816 664 curia

317 692 408 717 cum
431 681 632 721 mandato,
651 687 696 716 ut
717 681 798 716 duo
819 680 956 715 famuli
977 680 1193 716 educerent
1215 691 1288 721 me,
1307 687 1349 716 et
1371 681 1607 716 reducerent
1625 692 1696 727 per
1707 681 1813 716 viam

317 745 516 775 ascensus,
535 745 662 780 usque
680 734 729 769 ad
749 734 912 769 domum
932 744 1083 775 meam;
1109 740 1150 769 et
1167 744 1258 768 cum
1277 733 1387 768 domi
1406 744 1524 774 eram,
1542 733 1708 780 apparui
1725 733 1814 770 aliis

317 794 359 823 et
377 786 474 821 mihi
489 787 592 822 sicut
611 786 768 822 homo.’'

389 839 548 875 Tertius
570 839 682 880 dixit,
701 839 832 874 “Idea
851 838 949 874 caeli
970 844 1159 874 constans
1181 838 1278 873 mihi
1299 837 1375 874 fuit
1399 849 1448 874 ex
1472 838 1574 879 loco,
1595 845 1636 874 et
1662 849 1743 875 non
1765 849 1814 875 ex

316 902 474 933 amore:
499 903 621 938 quare
642 903 732 927 cum
756 892 795 926 in
818 892 925 927 hunc
946 892 1138 926 mundum
1157 891 1261 932 veni,
1280 891 1412 937 cupivi
1431 891 1650 937 cupiditate
1669 902 1815 938 magna

316 946 489 986 caelum:
515 952 556 981 et
576 945 658 980 vidi
679 945 952 986 ascendentes,
972 951 1013 980 et
1037 951 1198 980 secutus
1219 955 1306 980 sum
1330 944 1429 984 illos,
1451 951 1493 980 et
1513 944 1720 986 admissus,
1742 945 1812 981 sed

317 1008 398 1034 non
417 998 521 1033 ultra
533 998 688 1044 aliquot
706 1007 867 1043 passus:
892 1004 934 1032 at
951 1008 1039 1033 cum
1060 997 1169 1032 volui
1187 996 1400 1032 laetificare
1418 996 1594 1032 animum
1613 1008 1746 1033 meum
1764 1008 1813 1033 ex

317 1050 406 1086 idea
423 1051 661 1098 gaudiorum
680 1057 721 1086 et
738 1050 1032 1086 beatitudinum
1052 1050 1116 1091 ibi,
1131 1061 1180 1085 ex
1198 1050 1286 1085 luce
1304 1050 1414 1090 caeli,
1427 1061 1528 1096 quae
1542 1057 1627 1085 erat
1640 1050 1812 1086 candida

316 1103 419 1139 sicut
433 1103 510 1144 nix,
526 1104 639 1150 cujus
657 1103 831 1139 essentia
848 1103 997 1138 dicitur
1006 1114 1092 1139 esse
1110 1102 1316 1149 sapientia,
1331 1103 1477 1138 invasit
1491 1109 1666 1138 mentem
1681 1113 1811 1139 meam

316 1163 467 1202 stupor,
490 1163 530 1192 et
557 1156 649 1191 inde
675 1157 813 1192 oculos
840 1167 950 1191 meos
975 1156 1114 1203 caligo,
1136 1163 1177 1192 et
1202 1155 1316 1201 coepi
1345 1155 1535 1196 insanire:
1569 1162 1611 1191 et
1636 1167 1730 1191 mox
1762 1166 1812 1192 ex

315 1210 448 1245 calore
468 1209 579 1250 caeli,
602 1209 669 1255 qui
691 1209 1031 1255 correspondebat
1051 1209 1215 1244 candori
1237 1209 1336 1245 lucis
1359 1208 1483 1249 istius,
1502 1208 1617 1254 cujus
1639 1209 1814 1245 essentia

316 1262 463 1298 dicitur
479 1273 566 1298 esse
584 1273 706 1302 amor,
726 1261 902 1308 palpavit
920 1261 1018 1296 mihi
1044 1273 1122 1303 cor,
1141 1262 1352 1308 occupavit
1370 1272 1433 1297 me
1450 1261 1640 1303 anxietas,
1659 1268 1700 1297 et
1723 1272 1813 1297 cru-

315 1315 449 1351 ciabar
465 1316 604 1351 dolore
624 1315 812 1355 interiori,
831 1321 872 1350 et
893 1314 1043 1361 projeci
1065 1326 1129 1350 me
1147 1315 1332 1360 supinum
1351 1325 1470 1361 super
1487 1314 1653 1349 humum
1673 1314 1746 1356 ibi;
1771 1320 1814 1351 et

315 1379 404 1404 curn
427 1368 544 1415 jacui,
567 1367 678 1403 venit
699 1367 860 1403 satelles
881 1378 902 1403 e
927 1367 1038 1404 curia
1058 1378 1148 1403 curn
1171 1368 1373 1408 mandato,
1392 1374 1437 1403 ut
1459 1379 1522 1403 me
1543 1378 1634 1403 cum
1656 1367 1812 1404 lentore

319 1422 580 1467 deportarent
599 1421 637 1455 in
653 1432 782 1456 meam
796 1421 925 1456 lucem
944 1426 986 1456 et
1004 1420 1043 1455 in
1064 1431 1196 1456 meum
1211 1421 1404 1463 calorem;
1431 1420 1471 1456 in
1486 1431 1588 1468 quae
1602 1431 1693 1456 cum
1707 1419 1811 1463 veni,

315 1474 435 1510 rediit
454 1474 551 1508 mihi
569 1473 731 1520 spiritus
750 1484 862 1509 meus
879 1479 920 1508 et
937 1484 1006 1508 cor
1023 1473 1192 1509 meum.''

387 1526 562 1574 Quartus
581 1527 692 1567 dixit,
707 1526 815 1573 quod
834 1526 954 1562 etiam
970 1526 1054 1572 ipse
1075 1526 1113 1561 in
1130 1526 1219 1562 idea
1237 1526 1326 1567 loci,
1343 1532 1385 1562 et
1403 1537 1482 1562 non
1502 1526 1541 1562 in
1562 1527 1651 1562 idea
1663 1526 1812 1563 amoris

315 1580 366 1615 de
386 1580 497 1615 caelo
519 1579 659 1620 fuerit:
685 1586 725 1615 et
745 1579 854 1626 quod
874 1584 951 1614 “ut
971 1580 1143 1626 primum
1167 1579 1207 1614 in
1229 1579 1421 1614 mundum
1441 1580 1688 1626 spiritualem
1706 1579 1810 1620 veni.

315 1633 580 1679 quaesiverim
602 1632 815 1679 sapientes,
838 1643 933 1667 num
960 1632 999 1667 in
1025 1633 1177 1668 caelum
1204 1632 1322 1668 liceat
1347 1633 1582 1674 ascendere:
1616 1633 1684 1679 qui
1711 1632 1810 1668 mihi

315 1686 512 1727 dixerunt,
527 1686 635 1732 quod
654 1685 780 1721 cuivis
798 1686 926 1726 liceat,
942 1685 1011 1721 sed
1030 1691 1075 1720 ut
1093 1685 1167 1721 sibi
1185 1692 1363 1726 caveant,
1376 1697 1426 1721 ne
1444 1686 1694 1732 dejiciantur.
1744 1685 1808 1721 Ad

315 1738 413 1774 haec
432 1739 508 1779 risi,
529 1746 569 1774 et
586 1739 759 1780 ascendi,
778 1739 945 1774 credens
963 1749 1039 1784 ego
1057 1738 1162 1774 sicut
1178 1738 1255 1779 alii,
1278 1739 1385 1784 quod
1404 1749 1544 1774 omnes
1563 1738 1603 1774 in
1622 1738 1810 1774 universo

317 1792 469 1827 mundo
495 1792 745 1838 receptibiles
771 1798 905 1828 essent
929 1791 1167 1838 gaudiorum
1195 1791 1247 1826 ibi
1275 1791 1313 1826 in
1339 1802 1410 1827 sua
1436 1789 1706 1837 plenitudine:
1738 1791 1808 1827 sed

314 1855 409 1880 sane
435 1856 525 1880 cum
549 1845 654 1880 intus
676 1856 795 1886 eram,
815 1855 940 1891 paene
961 1844 1209 1880 exanimatus
1231 1855 1330 1884 sum,
1349 1850 1390 1879 et
1415 1855 1464 1879 ex
1489 1844 1628 1880 dolore
1649 1850 1690 1880 et
1715 1844 1809 1880 inde

315 1897 492 1933 cruciatu
516 1897 555 1932 in
573 1898 703 1944 capite
724 1905 766 1934 et
787 1898 826 1933 in
844 1908 1020 1944 corpore,
1039 1897 1235 1943 prostravi
1258 1908 1320 1933 me
1339 1897 1460 1937 humi,
1479 1903 1520 1932 et
1540 1897 1726 1932 convolvi
1745 1908 1808 1933 me

314 1950 417 1986 sicut
434 1962 596 1996 serpens
614 1951 801 1987 admotus
821 1951 911 1997 igni,
930 1957 971 1986 et
989 1950 1092 1997 repsi
1110 1961 1234 1996 usque
1251 1950 1300 1985 ad
1321 1949 1606 1996 praecipitium,
1621 1956 1661 1985 et
1680 1960 1751 1996 per
1769 1950 1807 1985 id

315 2014 379 2038 me
394 2003 521 2049 dejeci
536 2016 543 2044 ς
569 2010 610 2039 et
630 2011 769 2049 postea
782 2004 961 2040 sublatus
978 2015 1066 2039 sum
1084 2003 1133 2038 ab
1146 2003 1396 2039 adstantibus
1411 2002 1523 2044 infra,
1538 2009 1579 2038 et
1592 2003 1749 2039 delatus
1768 2002 1808 2039 in

314 2056 587 2097 diversorium,
606 2057 673 2092 ubi
692 2057 810 2093 rediit
827 2057 975 2093 sanitas
993 2056 1126 2092 mihi.”

389 2109 546 2155 Reliqui
568 2110 745 2156 quinque
766 2111 887 2146 etiam
906 2115 1164 2146 narraverunt
1181 2108 1375 2144 mirabilia
1399 2109 1449 2144 de
1475 2108 1557 2144 suis
1577 2108 1808 2146 ascensibus

315 2161 355 2197 in
369 2162 521 2197 eaelum
536 2174 543 2202 ;
565 2170 605 2198 et
619 2164 902 2209 comparabant
916 2162 1158 2198 mutationes
1171 2169 1346 2198 statuum
1359 2173 1453 2198 suae
1466 2162 1583 2203 vitae,
1595 2173 1686 2197 cum
1700 2168 1807 2198 statu

315 2214 483 2260 piscium
511 2215 605 2250 dum
627 2216 835 2252 elevantur
858 2217 907 2252 ab
933 2216 1045 2263 aquis
1065 2215 1111 2251 -in
1137 2226 1280 2255 aerem,
1302 2221 1343 2250 et
1367 2226 1457 2250 cum
1479 2221 1584 2250 statu
1606 2215 1739 2250 avium
1766 2214 1807 2250 in

313 2267 475 2303 aethere
489 2280 496 2309 ;
522 2275 562 2303 et
581 2268 776 2310 dixerunt,
791 2269 899 2316 quod
919 2276 1009 2316 post
1023 2269 1140 2304 duras
1159 2268 1244 2303 illas
1258 2274 1396 2309 sortes,
1411 2279 1491 2303 non
1505 2267 1809 2313 concupiverint

314 2320 484 2366 amplius
502 2321 666 2361 caelum,
686 2322 756 2357 sed
783 2322 905 2357 modo
922 2328 1148 2358 consortem
1166 2321 1290 2357 vitam
1311 2332 1400 2356 cum
1423 2321 1483 2356 sui
1510 2320 1703 2356 similibus
1721 2320 1807 2356 ubi-

313 2383 472 2419 cunque
501 2380 615 2414 sunt:
652 2380 693 2409 et
722 2375 830 2421 quod
857 2374 996 2415 sciant,
1014 2374 1122 2421 quod
1153 2374 1191 2410 in
1221 2374 1372 2409 mundo
1396 2373 1617 2420 spirituum,
1639 2372 1706 2408 ubi
1733 2384 1807 2410 nos

313 2436 462 2466 sumus,
481 2436 620 2461 omnes
640 2427 748 2473 prius
766 2434 1060 2474 praeparentur.
1080 2428 1174 2463 boni
1192 2427 1241 2462 ad
1260 2427 1423 2467 caelum,
1442 2433 1483 2462 et
1503 2426 1594 2461 mali
1617 2426 1666 2460 ad
1691 2425 1807 2461 infer-

314 2489 409 2513 num
424 2489 431 2519 ;
458 2485 498 2514 et
516 2479 623 2525 quod
643 2490 733 2514 cum
749 2481 968 2526 praeparati
983 2486 1088 2520 sunt,
1103 2480 1265 2516 videant
1275 2479 1358 2515 vias
1372 2479 1446 2515 sibi
1463 2485 1619 2524 apertas
1637 2479 1687 2513 ad
1706 2478 1827 2514 soci-¹

313 2537 442 2567 etates
460 2531 520 2566 sui
540 2532 740 2573 similium,
759 2544 848 2568 cum
867 2533 1012 2579 quibus
1032 2533 1071 2569 in
1089 2539 1295 2569 aeternum
1315 2531 1486 2567 mansuri
1501 2538 1614 2572 sunt:
1640 2538 1680 2566 et
1698 2531 1806 2577 quod

314 2584 386 2619 has
403 2584 487 2619 vias
506 2590 601 2619 tunc
620 2585 770 2621 intrent
787 2597 877 2621 cum
894 2586 1083 2632 jucundo,
1103 2586 1195 2632 quia
1212 2592 1305 2621 sunt
1321 2586 1409 2620 viae
1425 2584 1571 2620 amoris
1590 2584 1758 2620 illorum.

386 2635 538 2672 Omnes
563 2648 611 2672 ex
638 2638 764 2683 prima
781 2639 1071 2675 convocatione
1089 2639 1297 2674 audientes
1318 2638 1426 2678 haec,
1444 2637 1564 2673 etiam
1587 2636 1678 2672 fassi
1701 2644 1806 2677 sunt,

314 2689 423 2735 quod
443 2700 516 2724 nec
535 2689 609 2724 illis
628 2690 705 2725 alia
724 2690 811 2726 idea
828 2691 878 2727 de
896 2692 1007 2727 caelo
1025 2691 1143 2727 fuerit
1159 2702 1278 2738 quam
1297 2690 1400 2726 sicut
1416 2690 1465 2726 de
1483 2690 1582 2730 loco,
1601 2689 1669 2725 ubi
1688 2690 1808 2736 pleno

314 2752 382 2778 ore
401 2742 630 2777 circumflua
646 2744 792 2789 gaudia
810 2743 848 2778 in
868 2751 1071 2780 aeternum
1091 2745 1306 2780 sorberent.

388 2794 485 2830 Post
511 2794 608 2830 haec
630 2796 795 2841 angelus
816 2798 936 2832 tubae
958 2797 1058 2832 dixit
1085 2797 1172 2837 illis,
1195 2796 1381 2832 “Videtis
1407 2806 1512 2831 nunc
1533 2795 1640 2841 quod
1662 2795 1808 2842 gaudia

313 2847 411 2883 caeli
442 2854 482 2883 et
516 2847 684 2884 felicitas
705 2856 866 2885 aeterna
891 2861 970 2885 non
997 2850 1078 2886 sint
1102 2850 1191 2890 loci,
1209 2849 1279 2885 sed
1312 2848 1420 2895 quod
1447 2849 1527 2884 sint
1552 2855 1680 2884 status
1701 2849 1808 2885 vitae

314 2900 509 2941 hominis;
536 2911 581 2936 ac
600 2907 727 2936 status
745 2902 851 2937 vitae
868 2903 1050 2946 caelestis
1067 2909 1128 2938 est
1145 2914 1194 2939 ex
1211 2913 1346 2938 amore
1364 2908 1404 2937 et
1422 2901 1634 2947 sapientia;
1655 2907 1697 2937 et
1714 2902 1809 2948 quia

314 2964 408 2988 usus
426 2960 487 2988 est
506 2953 675 2988 duorum
695 2954 851 2989 illorum
870 2956 1092 2996 continens,
1107 2963 1168 2992 est
1185 2962 1312 2991 status
1325 2955 1430 2990 vitae
1447 2954 1628 2989 caelestis
1646 2965 1695 2990 ex
1711 2964 1809 2990 con-

312 3004 519 3052 juncftione
551 3006 707 3043 illorum
738 3007 777 3042 in
809 3019 905 3044 usu:
942 3009 1046 3044 idem
1077 3015 1148 3051 est,
1178 3009 1211 3044 si
1245 3008 1400 3044 dicatur
1424 3006 1607 3048 charitas,
1634 3007 1733 3043 fides
1766 3012 1809 3043 et
