2014 3386
312 353 395 394 208
773 359 1017 393 DELICIAE
1048 359 1352 393 SAPIENTIAE

309 474 479 510 alterum
499 473 706 510 sedentem
724 485 844 520 super
860 473 974 510 asino
1000 473 1138 520 ignito,
1156 473 1207 509 ad
1233 473 1346 520 cujus
1367 473 1492 509 latera
1514 473 1706 520 repebant
1726 484 1807 510 ser-

310 535 452 574 pentes
482 527 600 568 rubri,
631 527 837 563 elevantes
863 527 968 563 colla
996 533 1037 563 et
1066 526 1208 573 capita,
1238 533 1280 562 et
1308 534 1521 573 sequentes
1548 527 1807 573 equitantem.

312 580 472 616 Dictum
494 588 555 616 est
577 580 676 615 mihi
697 580 806 626 quod
828 586 963 616 essent
989 591 1127 626 papae,
1145 579 1214 626 qui
1232 580 1413 616 dominio
1430 580 1716 616 abdicaverunt
1733 579 1807 614 im-

310 641 525 680 peratores,
539 644 585 669 ac
603 633 706 669 male
723 633 847 669 locuti
865 640 907 669 et
921 633 1023 668 male
1041 639 1210 679 egerunt
1229 629 1319 668 cu'm
1339 632 1416 668 illis
1436 633 1599 672 Rornae.
1612 643 1694 679 quo
1711 643 1807 678 sup-

310 688 504 733 plicantes
521 693 563 722 et
580 686 795 722 adorantes
810 686 899 722 illos
913 692 1132 721 venerunt:
1156 692 1198 721 at
1211 686 1319 732 quod
1337 685 1566 726 canistrum,
1583 686 1622 721 in
1636 696 1718 732 quo
1730 685 1805 721 visi

308 747 403 777 sunt
420 746 638 786 serpentes,
653 746 694 775 et
707 740 815 785 quod
833 739 969 775 asinus
988 739 1138 785 ignitus
1155 749 1245 774 cum
1263 739 1437 775 colubris
1454 739 1504 774 ad
1523 739 1658 779 latera,
1672 745 1808 775 essent

308 793 694 839 repraesentationes
716 793 874 828 illorum
898 791 1045 827 amoris
1063 791 1296 827 dominandi
1318 802 1367 827 ex
1388 803 1524 828 amore
1545 792 1616 832 sui.
1635 798 1677 827 et
1694 792 1803 838 quod

307 846 453 882 similia
482 857 563 882 non
593 852 812 892 appareant
841 845 929 881 aliis
954 856 1072 891 quam
1099 844 1165 891 qui
1194 855 1216 880 e
1241 844 1463 891 longinquo
1491 845 1584 880 illuc
1609 843 1805 891 spectant.

311 900 434 935 Erant
459 899 581 946 aliqui
607 898 787 934 canonici
814 906 1054 944 praesentes,
1076 909 1177 944 quos
1203 897 1456 943 interrogavi,
1479 909 1573 933 num
1601 898 1720 934 iidem
1749 897 1804 933 illi

308 964 433 999 papae
459 959 614 994 essent3
644 951 842 992 dicebant,
863 952 971 998 quod
998 957 1243 998 cognoscant
1269 951 1368 991 illos,
1395 958 1436 986 et
1460 951 1588 987 sciant
1612 951 1721 998 quod
1747 950 1803 986 illi

308 1007 400 1042 sint.

378 1059 505 1097 266.
541 1058 763 1104 Postquam
790 1057 890 1093 haec
913 1057 1045 1093 tristia
1061 1064 1103 1093 et
1119 1057 1271 1093 atrocia
1295 1056 1392 1092 mihi
1410 1056 1496 1092 visa
1513 1063 1617 1097 sunt.
1636 1056 1805 1092 circum-

306 1113 428 1159 spexi,
444 1119 485 1148 et
502 1112 584 1148 vidi
603 1112 705 1148 duos
723 1112 889 1158 angelos
904 1122 985 1146 non
1005 1110 1143 1157 procul
1161 1121 1184 1146 a
1202 1121 1265 1146 me
1283 1117 1437 1146 stantes
1451 1116 1492 1146 et
1509 1110 1805 1156 colloquentes:

307 1177 411 1202 unus
429 1164 598 1201 amic'tus
612 1171 697 1201 erat
713 1171 810 1211 toga
822 1165 937 1199 lanea
953 1164 1136 1210 fulgentev
1149 1175 1198 1199 ex
1214 1163 1401 1198 flammea
1418 1173 1600 1209 purpura,
1615 1169 1656 1198 et
1669 1162 1807 1198 tunica

307 1231 356 1255 ex
374 1219 611 1265 splendente
629 1219 747 1264 bysso
765 1218 839 1253 sub
859 1217 924 1253 illa
939 1229 947 1258 ς
973 1218 1074 1253 alter
1093 1217 1289 1253 similibus
1308 1228 1356 1252 ex
1377 1216 1542 1252 coccino
1560 1227 1651 1251 cum
1669 1215 1804 1255 cidari.

306 1272 370 1308 cui
389 1272 511 1318 aliqui
531 1271 670 1318 pyropi
689 1282 712 1306 a
729 1272 871 1306 dextro
893 1271 1016 1306 latere
1038 1270 1174 1306 inserti
1197 1276 1330 1310 erant:
1355 1270 1405 1305 ad
1425 1269 1498 1305 hos
1516 1268 1677 1309 accessi,
1695 1275 1736 1304 et
1756 1279 1806 1304 ex

308 1337 404 1372 pace
422 1325 611 1366 salutavi;
637 1331 678 1360 et
697 1330 925 1360 reverenter
942 1323 1131 1370 quaesivi,
1152 1322 1264 1359 “Cur
1280 1334 1352 1358 vos
1370 1322 1436 1358 hic
1453 1321 1556 1357 infra
1573 1322 1668 1358 estis
1678 1321 1719 1358 ?''

381 1379 431 1414 Et
448 1378 756 1424 respondebant,
776 1377 1052 1413 '‘Demisimus
1070 1387 1143 1412 nos
1170 1376 1248 1411 huc
1266 1387 1287 1411 e
1308 1376 1419 1411 caelo
1440 1387 1487 1411 ex
1510 1376 1701 1411 mandato
1723 1373 1806 1411 Do·

308 1432 405 1467 mini
424 1433 472 1467 ad
489 1431 735 1478 loquendum
753 1438 887 1466 tecum
907 1430 956 1466 de
974 1430 1092 1465 beata
1110 1437 1217 1465 sorte
1239 1429 1408 1478 illorum,
1428 1429 1495 1475 qui
1517 1429 1659 1464 volunt
1677 1428 1805 1464 domi·

309 1486 391 1521 nari
410 1496 458 1521 ex
478 1495 614 1520 amore
635 1495 791 1519 usuum.
843 1483 927 1519 Nos
953 1494 1090 1518 sumus
1111 1483 1284 1518 cultores
1314 1482 1498 1523 Domini3
1524 1493 1600 1529 ego
1622 1481 1806 1528 princeps

308 1538 522 1578 societatis,
541 1538 643 1573 alter
659 1548 839 1573 summus
857 1537 1044 1572 sacerdos
1063 1536 1153 1572 ibi.''

383 1592 432 1627 Et
447 1591 547 1626 dixit
562 1591 746 1637 princeps
759 1590 867 1636 quod
882 1596 989 1625 esset
1003 1600 1140 1625 servus
1154 1600 1248 1624 suae
1262 1588 1476 1628 societatis,
1490 1587 1583 1634 quia
1597 1587 1807 1623 inserviret

309 1645 364 1680 illi
386 1644 570 1680 faciendo
589 1655 708 1684 usus:
734 1650 775 1679 et
796 1644 900 1678 alter
925 1642 1026 1678 dixit
1051 1642 1159 1689 quod
1186 1649 1291 1677 esset
1316 1641 1498 1676 minister
1522 1640 1714 1676 ecclesiae
1739 1639 1805 1680 ibi,

307 1698 401 1744 quia
420 1697 675 1733 inserviendo
694 1696 770 1732 illis
790 1696 1034 1731 ministraret
1051 1694 1188 1731 saneta
1204 1695 1253 1730 ad
1272 1706 1367 1730 usus
1385 1692 1606 1729 animarum
1626 1693 1806 1729 illorum:

308 1759 348 1787 et
366 1751 474 1797 quod
495 1751 613 1786 ambo
632 1750 671 1784 in
694 1750 897 1795 perpetuis
917 1748 1072 1795 gaudiis
1094 1748 1174 1784 sint
1192 1759 1240 1783 ex
1258 1747 1448 1783 felicitate
1466 1754 1638 1787 aeterna,
1656 1757 1757 1793 quae
1782 1756 1807 1782 a

310 1804 485 1840 Domino
505 1803 544 1838 in
568 1803 643 1838 illis
662 1809 744 1843 est;
770 1809 810 1838 et
828 1802 936 1848 quod
963 1802 1098 1837 omnia
1125 1801 1163 1836 in
1186 1800 1377 1836 societate
1405 1800 1470 1835 illa
1495 1800 1575 1836 sint
1595 1799 1806 1845 splendida

308 1864 348 1893 et
367 1856 587 1903 magnifica,
606 1855 817 1902 splendida
838 1866 885 1890 ex
903 1866 1001 1890 auro
1027 1861 1067 1890 et
1093 1854 1292 1900 lapidibus
1318 1853 1512 1900 pretiosis,
1532 1859 1573 1887 et
1594 1851 1806 1898 magnifica

308 1922 355 1946 ex
371 1910 527 1956 palatiis
542 1916 583 1945 et
597 1908 811 1955 paradisis;
838 1913 987 1943 “causa
1003 1914 1074 1947 est,
1090 1907 1183 1953 quia
1200 1917 1313 1942 amor
1326 1913 1462 1942 noster
1475 1905 1707 1941 dominandi
1723 1915 1804 1940 non

308 1970 369 1999 est
390 1974 439 1998 ex
459 1973 594 1998 amore
615 1962 687 2001 sui,
710 1961 778 1997 sed
805 1972 855 1996 ex
879 1971 1014 1996 amore
1040 1971 1197 2000 usuum,
1219 1966 1260 1995 et
1280 1959 1373 2005 quia
1398 1969 1511 1994 amor
1530 1969 1673 1993 usuum
1695 1966 1756 1993 est
1781 1969 1806 1993 a

311 2017 497 2056 Domino,
525 2016 616 2051 ideo
641 2026 781 2051 omnes
806 2026 902 2050 usus
927 2014 1022 2049 boni
1049 2014 1088 2049 in
1114 2013 1232 2049 caelis
1258 2013 1472 2058 splendent
1497 2018 1538 2047 et
1564 2011 1739 2058 fulgent:
1764 2018 1806 2047 et

308 2070 401 2117 quia
414 2080 554 2105 omnes
569 2069 608 2104 in
622 2075 760 2104 nostra
771 2068 962 2103 societate
974 2067 1012 2102 in
1025 2067 1103 2102 hoc
1114 2077 1248 2102 amore
1260 2077 1407 2106 sumus,
1421 2065 1511 2100 ideo
1525 2065 1806 2110 atmosphaera

310 2124 363 2159 ibi
381 2129 546 2169 apparet
566 2132 694 2162 aurea,
714 2133 763 2157 ex
788 2122 876 2156 luce
903 2121 955 2155 ibi
974 2131 1075 2166 quae
1096 2119 1219 2155 trahit
1237 2130 1286 2155 ex
1303 2119 1488 2154 flammeo
1507 2118 1612 2158 solis,
1631 2129 1677 2153 ac
1695 2117 1805 2153 flam-

310 2187 441 2212 meum
461 2175 556 2212 solis
573 2175 861 2220 correspondet
880 2174 944 2209 isti
962 2172 1124 2209 amori.”

384 2229 458 2265 His
485 2227 603 2264 distis
628 2228 813 2274 apparuit
837 2227 958 2262 etiam
986 2226 1083 2261 mihi
1111 2225 1250 2261 similis
1276 2224 1445 2270 sphaera
1470 2223 1618 2259 circum
1646 2223 1745 2263 illos.
1763 2229 1805 2259 et

305 2281 533 2318 1¹1sentitum
549 2289 610 2317 est
622 2280 885 2317 aromaticum
898 2291 947 2315 ex
973 2279 1048 2318 illa.
1070 2278 1177 2324 quod
1209 2278 1329 2313 etiam
1356 2277 1437 2312 dixi
1465 2277 1550 2317 illis,
1570 2283 1612 2312 et
1636 2276 1732 2322 petii
1759 2282 1806 2311 ut

308 2334 460 2381 aliquid
475 2334 564 2380 plus
578 2333 770 2380 adjiciant
784 2332 901 2368 dictis
913 2333 962 2368 de
976 2342 1111 2367 amore
1125 2342 1219 2366 usus
1233 2341 1241 2365 τ
1262 2337 1303 2366 et
1316 2330 1607 2366 continuabant
1620 2329 1804 2369 dicendo,

311 2394 331 2406 ‘⁶
346 2387 584 2435 Dignitates‚
603 2387 642 2422 in
661 2387 805 2432 quibus
823 2396 971 2426 sumus,
989 2384 1151 2431 quidem
1174 2383 1423 2423 ambivimus,
1443 2383 1513 2418 sed
1536 2389 1699 2428 propter
1716 2382 1804 2417 nul-

310 2441 391 2476 lum
415 2441 534 2476 aliurn
563 2440 694 2480 finem,
713 2450 832 2485 quam
853 2445 899 2473 ut
924 2447 1133 2485 possemus
1159 2436 1315 2482 plenius
1342 2435 1470 2471 facere
1496 2447 1602 2476 usus,
1619 2442 1661 2470 et
1685 2434 1806 2470 latius

309 2494 526 2529 extendere
549 2493 659 2528 illos:
685 2499 726 2528 et
747 2502 907 2538 quoque
927 2489 1282 2526 circumfundimur
1307 2488 1471 2529 honore,
1490 2495 1531 2524 et
1552 2494 1805 2534 acceptamus

311 2547 434 2586 illum,
462 2557 541 2581 non
573 2552 737 2592 propter
761 2556 846 2585 nos,
873 2544 941 2580 sed
969 2549 1133 2590 propter
1158 2543 1307 2578 bonum
1334 2541 1559 2582 societatis:
1585 2540 1805 2577 confratres

310 2599 417 2636 enim
437 2606 477 2635 et
495 2598 683 2638 consocii,
703 2598 770 2644 qui
789 2609 837 2633 ex
855 2597 977 2643 vulgo
996 2596 1049 2632 ibi
1067 2602 1170 2636 sunt,
1189 2595 1255 2630 vix
1274 2594 1404 2630 sciunt
1422 2594 1540 2630 aliter
1556 2605 1675 2641 quam
1695 2593 1804 2639 quod

311 2653 485 2688 honores
499 2651 739 2698 dignitatum
759 2658 983 2686 nostrarum
1002 2648 1084 2685 sint
1102 2648 1141 2683 in
1160 2648 1287 2688 nobis,
1302 2654 1342 2683 et
1361 2648 1453 2683 inde
1467 2647 1576 2694 quod
1596 2657 1690 2682 usus
1704 2656 1806 2692 quos

310 2705 488 2745 facimus,
503 2704 584 2740 sint
598 2715 620 2739 e
638 2703 754 2739 nobis
767 2715 775 2744 ;
801 2703 871 2739 sed
886 2714 959 2738 nos
973 2701 1088 2738 aliter
1100 2701 1293 2737 sentimus
1307 2713 1315 2742 ;
1341 2700 1536 2736 sentimus
1550 2699 1657 2746 quod
1677 2699 1805 2734 hono·

311 2770 373 2794 res
391 2757 633 2804 dignitatum
653 2757 734 2792 sint
751 2763 864 2792 extra
885 2767 969 2797 nos,
988 2761 1028 2791 et
1045 2754 1152 2801 quod
1175 2754 1255 2789 sint
1275 2754 1378 2789 sicut
1399 2752 1568 2788 amicius
1585 2752 1728 2798 quibus
1746 2751 1806 2786 in-

310 2811 524 2852 vestimur;
549 2810 619 2846 sed
640 2810 748 2856 quod
775 2820 880 2850 usus,
903 2819 1003 2855 quos
1028 2813 1285 2853 praestamus,
1308 2806 1389 2842 sint
1413 2817 1462 2842 ex
1487 2816 1621 2841 amore
1647 2804 1803 2841 illorum

313 2864 417 2900 intra
434 2875 507 2900 nos
524 2874 548 2899 a
567 2863 751 2903 Domino,
767 2869 806 2897 et
825 2862 889 2897 hic
907 2872 1019 2897 amor
1031 2859 1319 2896 beatitudinem
1339 2870 1451 2895 suam
1470 2858 1614 2904 accipit
1631 2868 1680 2893 ex
1696 2867 1805 2893 eom-

313 2917 584 2953 municatione
611 2926 682 2962 per
707 2926 802 2951 usus
829 2926 919 2951 cum
950 2913 1056 2954 aliis:
1090 2920 1131 2949 et
1159 2913 1209 2947 ab
1238 2911 1484 2958 experientia
1512 2911 1669 2951 scimus,
1695 2910 1803 2956 quod

312 2978 506 3017 quantum
525 2969 691 3005 facimus
708 2979 803 3004 usus
821 2979 869 3003 ex
884 2978 1018 3003 amore
1033 2966 1201 3006 illorum,
1215 2971 1371 3000 tantum
1392 2965 1585 3000 increscat
1602 2973 1715 2999 amor
1728 2962 1804 3002 ille,

312 3030 354 3060 et
372 3034 461 3060 cum
482 3034 617 3059 amore
636 3021 841 3068 sapientia,
856 3032 904 3057 ex
918 3031 996 3067 qua
1013 3019 1058 3055 fit
1075 3018 1406 3059 communicatio;
1430 3024 1472 3053 at
1485 3017 1593 3063 quod
1611 3021 1802 3063 quantum
