2014 3386
559 351 621 383 DE
653 349 833 383 AMORE
864 349 1291 392 CONJUGIAL1.—-N.
1320 352 1414 393 232.
1650 342 1726 395 185

233 469 326 500 rent
341 470 383 500 et
401 463 648 499 inverterent
663 462 813 509 judicia
831 462 871 498 in
888 461 1142 509 apparentias
1159 462 1349 508 justitiae,
1369 468 1411 498 et
1429 462 1507 498 hoc
1524 473 1573 498 eo
1591 474 1729 509 usque,

231 524 277 552 ut
295 517 369 563 ipsi
387 528 468 552 non
478 516 661 552 viderent
676 516 869 562 injustum
881 516 997 551 aliter
1007 526 1126 562 quam
1143 516 1309 562 justum,
1323 527 1369 551 ac
1384 516 1559 551 vicissim
1577 516 1729 562 justum

231 569 509 616 ut·injustum;
534 569 812 615 persuasiones
830 570 880 604 de
902 569 978 604 illis
995 569 1095 605 tales
1113 569 1356 614 apparebant
1377 580 1426 604 ex
1446 568 1623 617 faciebus
1642 569 1730 605 illo—

232 633 332 663 rum,
352 629 393 658 et
409 622 676 658 audiebantur
692 633 741 657 ex
762 622 932 668 loquelis
951 621 1121 657 illorum,
1173 622 1278 657 Data
1295 621 1394 656 mihi
1410 628 1509 657 tunc
1527 621 1604 657 fuit
1622 622 1731 658 illus-

231 676 353 711 tratio
371 687 393 711 e
410 675 532 715 caelo,
551 686 601 710 ex
618 686 698 721 qua
714 675 870 721 singula
884 686 979 710 num
996 674 1094 721 juris
1107 675 1170 710 vel
1185 686 1266 710 non
1282 675 1381 721 juris
1393 681 1536 716 essent,
1549 676 1707 721 percepi
1722 687 1730 717 ;

229 735 271 764 et
289 728 374 764 vidi
394 739 513 774 quam
536 728 730 764 industrie
751 728 982 764 obvelarent
1000 727 1206 774 injustum,
1225 734 1265 763 et
1292 728 1527 764 inducerent
1548 728 1584 763 ei
1612 728 1730 764 visio-

231 792 323 816 nem
340 781 458 827 justi;
483 787 524 816 et
542 792 591 816 ex
609 781 764 827 legibus
784 781 979 827 eligerent
1000 780 1212 821 faventem,
1230 787 1272 816 et
1292 781 1464 826 reliquas
1485 792 1556 827 per
1572 781 1730 816 ratioci-

230 834 297 870 nia
313 834 500 869 solertiae
517 834 725 869 traherent
743 834 784 869 in
804 842 970 880 partem.
1022 834 1120 869 Post
1136 834 1296 879 judicia,
1310 835 1533 870 sententiae
1546 841 1730 880 exporta-

228 887 375 922 bantur
396 888 446 922 ad
473 887 641 922 clientes
659 887 810 922 amicos
831 894 872 922 et
897 887 1085 928 fautores,
1108 894 1148 922 et
1182 887 1223 922 hi
1249 888 1299 922 ad
1328 888 1630 923 retribuendum
1654 888 1730 923 illis

229 939 418 980 favorem,
433 951 503 986 per
521 941 681 986 longam
695 940 801 975 viam
815 941 1052 981 clamabant,
1067 945 1088 959 ‘⁴
1099 940 1135 976 O
1150 952 1271 986 quam
1288 941 1398 987 justi,
1414 940 1450 976 O
1465 952 1582 987 quam
1596 941 1730 987 justi.”

235 1013 238 1015 >
300 992 399 1028 Post
419 993 518 1028 haec
538 994 697 1028 locutus
718 1005 806 1028 sum
829 994 879 1029 de
901 994 978 1028 illis
998 1004 1090 1029 curn
1109 993 1261 1039 angelis
1279 994 1388 1034 caeli,
1408 1000 1449 1029 et
1471 994 1627 1029 narravi
1650 994 1727 1029 illis

226 1041 361 1092 aliqua
377 1046 428 1081 de
445 1046 540 1081 visis
559 1053 600 1081 et
617 1046 777 1082 auditis.
830 1046 880 1082 Et
897 1047 1029 1092 angeli
1049 1047 1146 1081 mihi
1166 1047 1362 1087 dicebant,
1378 1047 1487 1093 quod
1504 1047 1607 1082 tales
1623 1047 1730 1093 judi-

227 1109 293 1134 ces
319 1106 538 1144 appareant
567 1100 654 1134 aliis
679 1099 783 1135 sicut
810 1100 1042 1135 acutissima
1071 1100 1156 1135 acie
1182 1099 1407 1136 intelleftus
1435 1100 1615 1146 praediti,
1637 1111 1728 1135 cum

227 1158 362 1187 tamen
377 1163 426 1187 ne
440 1152 565 1187 hilum
579 1152 676 1198 justi
691 1159 731 1188 et
742 1152 857 1199 aequi
869 1153 1051 1194 videant;
1071 1153 1133 1188 “si
1148 1153 1256 1188 tollis
1270 1153 1486 1188 amicitiam
1498 1164 1571 1199 pro
1583 1153 1728 1199 aliquo,

228 1205 371 1240 sedent
389 1205 428 1239 in
446 1205 606 1251 judiciis
626 1205 725 1240 muti
742 1205 846 1241 sicut
863 1212 1031 1247 statuae,
1050 1212 1095 1242 et>
1108 1207 1230 1241 modo
1248 1207 1398 1247 dicunt,
1418 1211 1426 1225 ⁶
1439 1207 1614 1247 Accedo,
1632 1217 1729 1242 con-

227 1257 358 1293 formo
376 1269 439 1293 me
459 1259 508 1293 ad
533 1258 642 1293 illum
661 1259 725 1294 vel
744 1259 853 1293 illum
868 1258 887 1299 ;’
913 1269 1033 1294 causa
1049 1265 1120 1300 est,
1140 1259 1234 1305 quia
1250 1260 1385 1295 omnia
1400 1259 1551 1306 judicia
1569 1260 1727 1295 illorum

226 1317 322 1346 sunt
347 1311 601 1357 praejudicia,
623 1322 669 1347 ac
695 1312 982 1358 praejudicium
1009 1323 1100 1347 cum
1126 1312 1262 1348 favore
1287 1313 1468 1359 sequitur
1484 1324 1644 1348 causam
1678 1314 1728 1348 ab

228 1363 346 1398 initio
367 1364 418 1399 ad
440 1363 559 1399 finem
579 1365 686 1411 ejus;
713 1364 805 1400 inde
827 1365 927 1400 nihil
949 1365 1057 1400 aliud
1078 1365 1218 1401 vident
1239 1377 1358 1411 quam
1377 1366 1485 1412 quod
1507 1366 1624 1402 amici
1646 1373 1728 1407 est;

227 1426 347 1452 omne
366 1417 405 1451 id
424 1418 532 1463 quod
552 1424 693 1453 contra
707 1418 815 1452 illum
829 1425 900 1459 est,
915 1425 1122 1454 removent
1140 1419 1191 1453 ad
1210 1419 1333 1460 latus:
1355 1425 1396 1454 et
1413 1420 1446 1454 si
1464 1426 1727 1460 reassumunt,

227 1469 439 1505 involvunt
466 1471 504 1505 id
532 1470 761 1512 ratiociniis,
783 1471 887 1506 sicut
912 1482 1056 1507 aranea
1077 1478 1261 1517 capturas
1288 1472 1374 1512 filis,
1396 1478 1437 1508 et
1462 1479 1727 1514 consumunt:

226 1522 320 1558 inde
345 1529 418 1564 est,
445 1524 554 1569 quod
580 1523 612 1558 si
639 1535 720 1559 non
746 1531 970 1570 sequuntur
994 1525 1116 1559 telam
1142 1525 1203 1560 sui
1237 1525 1470 1571 praejudicii
1497 1525 1596 1560 nihil
1627 1526 1727 1572 juris

225 1575 411 1611 videant:
437 1577 631 1622 explorati
653 1583 757 1618 sunt,
779 1588 876 1611 num
899 1578 1054 1623 possint
1075 1578 1221 1618 videre,
1243 1589 1290 1613 ac
1316 1578 1468 1613 inventi
1489 1579 1598 1624 quod
1625 1589 1727 1614 non:

225 1629 334 1674 quod
354 1628 409 1664 ita
426 1629 489 1670 sit,
509 1629 759 1664 mirabuntur
777 1630 930 1665 incolae
951 1631 1010 1665 tui
1033 1631 1194 1672 mundi;
1229 1631 1299 1666 sed
1327 1631 1391 1666 dic
1414 1631 1499 1672 illis,
1519 1632 1626 1677 quod
1650 1632 1728 1667 hoc

224 1681 277 1716 sit
289 1681 436 1717 veritas
453 1683 502 1717 ab
516 1682 668 1729 angelis
681 1683 780 1718 caeli
794 1684 1011 1729 explorata.
1063 1683 1263 1730 Quoniam
1280 1684 1335 1719 illi
1350 1684 1449 1719 nihil
1462 1685 1560 1730 justi
1575 1685 1725 1726 vident,

225 1734 264 1769 in
279 1735 390 1770 caelo
403 1735 723 1780 contemplamur
736 1735 824 1771 illos
837 1747 917 1771 non
933 1743 977 1771 ut
996 1736 1188 1777 homines,
1201 1737 1270 1772 sed
1285 1744 1329 1772 ut
1351 1744 1540 1778 monstra,
1555 1749 1725 1783 quorum

224 1787 357 1833 capita
374 1787 527 1823 faciunt
549 1788 615 1823 illa
635 1799 737 1834 quae
755 1788 953 1824 amicitiae
974 1796 1078 1830 sunt,
1098 1789 1261 1835 pectora
1281 1790 1349 1825 illa
1369 1802 1470 1836 quae
1493 1791 1724 1836 injustitiae,

223 1846 266 1875 et
283 1840 404 1886 pedes
423 1841 490 1876 illa
506 1852 609 1887 quae
629 1841 957 1883 confirmationis,
973 1854 1020 1878 ac
1038 1843 1195 1888 plantas
1214 1843 1281 1878 illa
1302 1854 1404 1889 quae
1417 1843 1607 1889 justitiae,
1623 1855 1726 1890 quae

224 1892 258 1928 si
292 1904 373 1928 non
406 1892 543 1929 favent
576 1894 716 1935 amico,
751 1895 1013 1940 supplantant
1046 1902 1087 1931 et
1120 1897 1364 1941 proculcant.
1415 1896 1562 1943 Quales
1588 1904 1723 1932 autern

223 1953 418 1992 apparent
437 1947 554 1982 nobis
571 1958 593 1982 e
610 1948 731 1988 caelo,
749 1947 916 1990 videbis,
936 1948 1058 1984 instat
1076 1950 1181 1984 enim
1201 1949 1291 1985 finis
1309 1950 1504 1997 illorum?

297 1999 347 2034 Et
367 2010 459 2035 ecce
479 2006 577 2035 tunc
597 2001 730 2036 subito
751 2001 887 2036 hiabat
904 2002 1047 2043 solum,
1065 2013 1112 2038 ac
1133 2013 1293 2038 mensae
1311 2014 1430 2048 super
1447 2014 1605 2039 mensas
1623 2003 1725 2039 ceci-

226 2051 384 2093 derunt,
406 2059 447 2088 et
468 2063 548 2088 una
567 2064 657 2088 cum
680 2060 770 2090 toto
790 2054 1086 2101 amphitheatro
1104 2056 1282 2102 absorpti
1301 2062 1406 2097 sunt,
1429 2063 1470 2092 et
1490 2056 1661 2103 conjecti
1683 2056 1723 2092 in

222 2115 423 2146 cavernas,
442 2112 483 2141 et
502 2106 744 2143 incarcerati.

298 2157 348 2194 Et
373 2165 470 2194 tunc
496 2158 646 2194 dictum
672 2166 735 2195 est
760 2160 869 2200 mihi,
892 2160 996 2196 “Vis
1017 2161 1153 2196 videre
1181 2161 1269 2197 illos
1296 2161 1402 2197 ibi?”
1454 2161 1504 2197 Et
1529 2173 1621 2198 ecce
1647 2162 1721 2198 visi

223 2217 320 2246 sunt
340 2212 473 2257 quoad
495 2211 637 2247 faciem
659 2213 763 2248 sicut
784 2225 831 2248 ex
853 2213 981 2259 polito
1003 2214 1178 2261 chalybe,
1201 2215 1334 2260 quoad
1355 2226 1502 2260 corpus
1523 2226 1546 2250 a
1567 2216 1723 2251 cervice

223 2264 274 2299 ad
301 2264 460 2300 lumbos
485 2265 589 2300 sicut
614 2266 815 2311 sculptilia
844 2277 866 2302 e
892 2278 989 2302 saxo
1014 2268 1159 2302 vestita
1186 2268 1352 2313 pellibus
1380 2268 1503 2313 pardi,
1522 2275 1562 2303 et
1588 2269 1722 2314 quoad

223 2317 344 2362 pedes
362 2317 466 2352 sicut
482 2318 632 2353 colubri
647 2329 655 2354 :
681 2326 722 2354 et
738 2319 822 2354 vidi
841 2319 963 2355 libros
981 2320 1090 2366 legis,
1106 2332 1207 2366 quos
1225 2332 1343 2366 super
1358 2322 1504 2356 mensis
1524 2321 1722 2367 repositos

224 2370 455 2412 habuerant,
469 2383 606 2407 versos
626 2372 665 2407 in
683 2372 841 2408 chartas
855 2374 1042 2415 lusorias:
1068 2381 1109 2410 et
1128 2385 1234 2410 nunc
1251 2375 1341 2410 loco
1360 2376 1467 2421 quod
1485 2376 1721 2421 judicarent,

223 2423 360 2458 datum
379 2431 440 2460 est
458 2424 534 2460 illis
553 2436 707 2466 munus,
727 2433 772 2461 ut
789 2433 974 2472 pararent
992 2427 1115 2462 minia
1135 2427 1174 2462 in
1193 2427 1316 2467 fucos,
1335 2428 1479 2473 quibus
1497 2428 1722 2464 oblinerent

223 2475 345 2512 facies
363 2477 628 2519 meretricum,
647 2485 688 2513 et
706 2479 792 2514 illas
810 2479 868 2514 sic
884 2486 1087 2515 verterent
1106 2480 1144 2515 in
1163 2481 1493 2526 pulchritudines.

296 2528 516 2575 Postquam
543 2530 642 2566 haec
666 2531 752 2567 visa
772 2538 877 2572 sunt,
895 2532 1004 2568 volui
1029 2533 1138 2569 abire
1163 2534 1212 2568 ad
1240 2534 1342 2569 duos
1369 2534 1543 2579 reliquos
1569 2540 1721 2575 coetus,

221 2581 271 2616 ad
286 2592 409 2617 unum
424 2583 491 2618 ubi
506 2590 620 2618 erant
634 2595 742 2620 mere
755 2585 1068 2625 ratiocinatores,
1083 2593 1123 2621 et
1141 2587 1190 2621 ad
1208 2586 1390 2626 alterum,
1405 2587 1471 2622 ubi
1487 2594 1600 2622 erant
1615 2597 1721 2622 mere

221 2634 544 2677 confirmatores:
570 2643 611 2672 et
624 2643 722 2672 tunc
735 2636 887 2673 dictum
901 2645 963 2674 est
977 2638 1086 2679 mihi,
1102 2638 1303 2686 “Quiesce
1318 2640 1497 2685 paulum;
1520 2641 1722 2675 dabuntur

221 2686 295 2722 tibi
313 2688 480 2723 comites
498 2689 628 2735 angeli
646 2701 694 2725 ex
712 2690 905 2726 societate
925 2691 1105 2737 proxima
1118 2692 1362 2738 suprai110s;
1388 2703 1458 2739 per
1472 2693 1545 2728 hos
1560 2692 1721 2728 dabitur

221 2739 295 2774 tibi
313 2740 383 2776 lux
399 2751 424 2776 a
442 2741 629 2784 Domino,
647 2749 689 2778 et
705 2743 860 2780 videbis
879 2744 1108 2781 mirabilia.''

221 2829 348 2875 232.
378 2821 637 2866 Secundum
659 2824 1035 2868 Memorabile:—

295 2900 393 2937 Post
418 2902 581 2948 aliquod
606 2909 767 2949 tempus
787 2905 921 2941 audivi
949 2905 1092 2941 iterum
1119 2916 1168 2941 ex
1194 2905 1319 2941 infera
1343 2913 1458 2946 terra,
1479 2916 1598 2941 voces
1619 2917 1718 2951 quas

222 2953 351 2999 prius:
386 2955 454 2994 “O
483 2966 602 3001 quam
632 2957 813 2998 eruditi,'’
843 2965 884 2993 et
913 2963 932 2977 “
946 2958 1018 2994 [110
1049 2970 1168 3004 quam
1199 2959 1401 3004 sapientes
1415 2959 1446 2994 :''
1480 2966 1520 2994 et
1549 2959 1717 2994 circum-

222 3006 344 3052 spexi,
379 3007 541 3054 quinam
574 3010 705 3057 angeli
741 3016 839 3046 tunc
871 3011 1078 3052 adessent;
1114 3018 1155 3047 et
1192 3023 1284 3047 ecce
1321 3019 1434 3047 erant
1472 3011 1538 3052 illi,
1569 3012 1637 3058 qui
1675 3012 1715 3047 in
