2014 3386
340 359 424 412 246
801 369 1042 401 DELICIAE
1075 369 1381 402 SAPIENTIAE

339 489 451 518 vates
465 481 695 517 divinarunt
707 493 715 523 ;
736 481 897 528 quidam
910 482 1017 527 quod
1037 481 1087 516 sit
1103 481 1141 516 in
1157 492 1279 527 parvo
1292 482 1500 518 tuberculo
1514 482 1619 518 inter
1630 483 1834 519 cerebrum

338 542 380 571 et
409 534 660 575 cerebellum,
686 535 795 580 quod
824 542 991 570 vocatur
1019 535 1210 580 glandula
1240 535 1427 581 pinealis:
1464 536 1503 570 in
1533 535 1607 571 hac
1636 536 1836 572 finxerunt

338 588 475 624 sedem
494 587 661 627 animae,
680 598 729 623 ex
746 598 874 627 causa,
893 587 986 633 quia
1002 584 1112 622 totus
1134 587 1257 623 homo
1278 588 1428 634 regitur
1444 599 1493 624 ex
1511 589 1613 624 binis
1634 589 1710 624 illis
1725 581 1835 625 cere-

337 641 429 681 bris,
449 647 490 676 et
507 639 605 675 illud
624 640 874 675 tuberculum
894 640 1071 685 disponit
1091 640 1178 681 illa;
1207 652 1327 686 quare
1346 641 1454 687 quod
1477 642 1654 687 disponit
1674 640 1835 677 cerebra

334 694 388 729 ad
407 700 559 734 nutum,
574 693 652 728 hoc
669 692 788 728 etiam
809 693 988 738 disponit
1005 700 1137 728 totum
1157 693 1360 728 hominem
1379 705 1402 729 a
1419 694 1548 740 capite
1568 695 1618 730 ad
1637 695 1785 730 calcem
1799 695 1834 730 :''

337 753 379 782 et
399 746 511 786 dixit,
534 750 556 764 ⁴⁴
570 745 662 781 Hoc
688 745 780 781 inde
806 746 908 781 sicut
929 756 1064 781 verum
1088 752 1157 781 aut
1178 746 1404 782 verosimile
1430 747 1613 793 apparuit
1634 747 1771 783 multis
1792 748 1832 783 in

338 799 500 840 mundo,
519 799 590 834 sed
609 804 700 844 post
717 799 918 834 saeculum
938 798 1016 834 hoc
1034 805 1078 833 ut
1097 798 1330 844 figmentum
1350 806 1410 834 est
1429 799 1670 845 rejefflmff*

410 851 628 898 Postquam
655 851 753 886 haec
781 851 945 892 dixerat,
968 851 1078 886 exuit
1103 858 1251 898 togam,
1277 852 1452 887 tunicam
1478 859 1519 888 et
1546 853 1705 898 pileum,
1731 864 1833 899 quae

337 904 535 940 secundus
550 915 598 940 ex
611 903 746 939 electis
761 904 985 950 assumpsit,
1000 914 1046 939 ac
1061 904 1223 939 intravit
1237 905 1478 941 cathedram.
1523 905 1656 952 Hujus
1673 906 1832 941 enunti-

337 964 447 992 atum
469 957 519 992 de
539 957 671 992 anima
690 963 785 998 erat,
804 957 912 1003 quod
935 957 974 991 in
995 957 1181 992 universo
1202 958 1312 992 caelo
1337 964 1378 993 et
1403 958 1443 992 in
1469 958 1655 994 universo
1681 959 1832 995 mundo

337 1010 536 1045 nesciatur
549 1010 645 1056 quid
664 1010 796 1045 anima
812 1016 854 1045 et
871 1010 999 1056 qualis
1018 1010 1102 1051 illa;
1127 1015 1146 1028 ‘⁴
1158 1010 1234 1045 hoc
1252 1010 1385 1050 scitur,
1400 1011 1507 1056 quod
1526 1011 1589 1052 sit,
1607 1019 1648 1046 et
1665 1012 1772 1057 quod
1792 1012 1830 1046 in

336 1062 500 1098 homine
521 1063 583 1103 sit,
605 1063 675 1098 sed
697 1063 775 1103 ubi,
797 1063 1018 1104 divinatur:
1044 1063 1122 1098 hoc
1147 1069 1300 1098 certum
1323 1070 1393 1103 est,
1416 1064 1523 1109 quod
1545 1064 1598 1099 sit
1624 1065 1663 1099 in
1690 1065 1831 1110 capite,

336 1115 525 1161 quoniam
540 1114 765 1151 intellectus
781 1115 833 1150 ibi
848 1115 1010 1161 cogitat,
1025 1122 1066 1150 et
1078 1116 1266 1151 voluntas
1281 1116 1334 1151 ibi
1353 1116 1537 1157 intendit,
1552 1123 1593 1152 et
1605 1123 1829 1152 antrorsum

337 1168 376 1202 in
395 1167 537 1214 capitis
554 1168 653 1203 facie
671 1175 765 1203 sunt
782 1168 958 1214 quinque
977 1168 1151 1204 hominis
1169 1169 1366 1210 sensoria;
1393 1169 1454 1205 his
1471 1176 1512 1205 et
1530 1170 1606 1205 illis
1623 1180 1704 1205 non
1722 1170 1828 1205 aliud

335 1221 406 1256 dat
422 1221 545 1256 vitam
565 1231 684 1267 quam
702 1221 835 1256 anima
852 1232 952 1267 quae
972 1221 1079 1256 intus
1102 1221 1141 1256 in
1160 1221 1289 1267 capite
1311 1222 1476 1263 residet;
1502 1228 1543 1257 at
1561 1222 1723 1258 ubinam
1744 1222 1831 1268 ejus

334 1273 445 1309 curia
461 1280 523 1309 est
541 1274 606 1313 ibi,
626 1284 706 1309 non
725 1274 851 1309 ausim
870 1274 992 1314 effari,
1010 1274 1081 1309 sed
1103 1275 1287 1310 consensi
1305 1286 1395 1310 cum
1418 1275 1495 1310 illis
1511 1275 1579 1321 qui
1601 1275 1636 1310 ei
1654 1275 1829 1322 assigna·-

335 1333 429 1361 runt
446 1327 582 1362 sedem
602 1327 641 1362 in
658 1326 786 1362 tribus
799 1327 1032 1362 ventriculis
1047 1327 1206 1368 cerebri,
1222 1338 1327 1362 nunc
1344 1338 1435 1362 cum
1455 1327 1532 1363 illis
1544 1328 1611 1374 qui
1631 1328 1670 1363 in
1689 1339 1830 1374 corpo-

334 1379 442 1414 ribus
457 1379 604 1415 striatis
619 1379 682 1420 ibi,
698 1390 806 1414 nunc
819 1391 909 1415 cum
929 1380 1006 1415 illis
1019 1379 1086 1426 qui
1106 1379 1146 1414 in
1164 1380 1386 1415 substantia
1399 1381 1607 1416 medullari
1623 1381 1829 1428 utriusque

335 1433 496 1473 cerebri,
516 1443 622 1467 nunc
639 1443 729 1468 cum
749 1432 826 1468 illis
843 1432 910 1479 qui
930 1432 969 1467 in
988 1433 1211 1468 substantia
1228 1433 1416 1474 corticali,
1436 1445 1541 1469 nunc
1559 1445 1649 1468 curn
1669 1434 1744 1470 illis
1760 1434 1828 1480 qui

336 1485 375 1519 in
397 1485 496 1520 dura
515 1484 663 1526 matre';
690 1496 771 1520 non
792 1485 898 1520 enim
922 1485 1136 1521 defuerunt
1161 1486 1302 1521 calculi
1325 1486 1427 1521 sicut
1447 1486 1525 1521 albi
1552 1497 1601 1522 ex
1621 1486 1829 1522 confirma-

333 1538 509 1573 tionibus
527 1549 600 1584 pro
620 1538 839 1584 unaquavis
856 1539 963 1574 sede.
1014 1538 1164 1574 Calculi
1185 1550 1255 1584 pro
1273 1539 1399 1574 tribus
1416 1538 1647 1575 ventriculis
1665 1539 1704 1574 in
1722 1550 1829 1575 cere-

332 1592 405 1626 bro
423 1590 595 1632 fuerunt,
614 1592 722 1637 quod
741 1591 798 1626 illi
816 1591 897 1626 sint
915 1591 1165 1636 receptacula
1185 1591 1395 1637 spirituum
1413 1592 1642 1627 animalium
1666 1598 1707 1627 et
1728 1592 1827 1639 lym-

332 1644 498 1689 pharum
513 1644 693 1679 omnium
705 1644 854 1679 cerebri
869 1654 877 1679 ε
895 1644 1034 1679 calculi
1050 1655 1120 1690 pro
1134 1646 1364 1690 corporibus
1374 1645 1522 1680 striatis
1536 1644 1706 1686 fuerunt,
1719 1645 1825 1691 quod

331 1697 431 1732 haec
442 1696 590 1732 faciant
605 1697 819 1732 medullam
834 1708 1031 1743 perquam
1046 1704 1194 1732 exeunt
1208 1697 1330 1737 nervi,
1345 1705 1385 1732 et
1399 1708 1470 1743 per
1482 1709 1600 1744 quam
1613 1704 1826 1745 utrumque

330 1749 536 1784 cerebrum
554 1749 813 1784 continuatur
830 1749 870 1783 in
889 1749 1055 1794 spinam,
1075 1756 1115 1784 et
1133 1760 1181 1784 ex
1199 1749 1273 1784 hac
1290 1756 1332 1784 et
1348 1760 1397 1784 ex
1416 1749 1483 1784 illa
1499 1756 1687 1784 emanant
1704 1749 1825 1786 fibrae

330 1812 380 1836 ex
397 1801 543 1847 quibus
568 1808 701 1837 totum
719 1813 864 1847 corpus
881 1809 1115 1837 contextum
1133 1809 1216 1837 est:
1241 1802 1382 1836 calculi
1409 1813 1481 1847 pro
1506 1802 1727 1838 substantia
1744 1813 1825 1838 me-

331 1854 474 1889 dullari
492 1855 700 1900 utriusque
718 1855 869 1890 cerebri
888 1854 1059 1894 fuerunt,
1079 1855 1186 1900 quod
1206 1854 1272 1889 illa
1289 1855 1340 1889 sit
1359 1854 1542 1890 collec‘tio
1560 1862 1600 1890 et
1617 1854 1824 1901 congeries

330 1907 510 1942 omnium
525 1907 722 1948 fibrarum,
736 1919 837 1953 quae
855 1914 949 1943 sunt
967 1907 1218 1942 initiamenta
1231 1907 1355 1942 totius
1374 1907 1569 1942 hominis:
1593 1907 1734 1943 calculi
1753 1919 1824 1954 pro

272 1952 277 1959 ¹
330 1960 553 1996 substantia
577 1960 755 1996 corticali
782 1960 953 2000 fuerunt,
974 1960 1082 2006 quod
1109 1960 1162 1994 ibi
1189 1960 1270 1994 sint
1295 1959 1394 1994 fines
1416 1960 1531 2005 primi
1556 1966 1598 1994 et
1623 1960 1765 2001 ultimi,
1783 1968 1824 1996 et

331 2013 423 2047 inde
442 2013 635 2058 principia
647 2013 827 2048 omnium
843 2012 1040 2052 fibrarum,
1056 2019 1096 2047 et
1113 2012 1170 2047 sic
1186 2023 1376 2047 sensuum
1394 2019 1434 2047 et
1453 2019 1658 2048 motuum:
1683 2013 1822 2048 calculi

330 2076 403 2111 pro
424 2066 525 2101 dura
550 2072 676 2101 matre
702 2065 872 2105 fuerunt,
891 2065 998 2110 quod
1028 2065 1095 2100 illa
1118 2065 1170 2100 sit
1194 2072 1472 2111 tegumentum
1495 2075 1706 2101 commune
1727 2066 1824 2101 utri-

331 2129 458 2164 usque
479 2118 639 2159 cerebri,
661 2124 702 2153 et
724 2118 816 2153 inde
842 2129 912 2164 per
931 2118 1133 2163 quoddam
1159 2117 1395 2152 continuum
1422 2118 1612 2153 extendat
1637 2129 1680 2153 se
1704 2129 1824 2164 super

329 2183 399 2207 cor
418 2178 459 2207 et
484 2181 603 2217 super
621 2171 773 2206 viscera
798 2171 987 2216 corporis.
1037 2169 1156 2216 Quod
1182 2181 1245 2205 me
1266 2170 1421 2210 attinet,
1444 2181 1523 2205 non
1545 2171 1715 2206 arbitror
1734 2171 1823 2217 plus

329 2226 379 2260 de
397 2235 477 2260 uno
495 2235 615 2271 quam
634 2225 684 2259 de
702 2224 849 2259 altero:
873 2234 956 2264 vos,
975 2233 1135 2269 quaeso,
1154 2223 1401 2258 arbitramini
1422 2229 1463 2259 et
1481 2223 1615 2269 eligite
1633 2223 1730 2270 quid
1751 2234 1822 2270 po·

329 2277 446 2313 tius.''

331 2329 334 2333 ”
402 2330 477 2366 His
496 2328 612 2365 dictis
630 2340 652 2365 e
665 2329 856 2365 cathedra
869 2329 1084 2369 descendit,
1100 2334 1140 2363 et
1157 2328 1323 2363 tradidit
1338 2329 1458 2364 tertio
1472 2328 1659 2369 tunicam,
1673 2335 1821 2375 togam,

328 2390 369 2419 et
391 2383 549 2429 pileum,
571 2383 637 2428 qui
664 2383 859 2418 scandens
885 2382 1115 2417 cathedram
1142 2381 1299 2416 locutus
1325 2388 1385 2416 est
1412 2381 1531 2430 haec:
1557 2381 1697 2428 “Quid
1724 2381 1821 2416 mihi

327 2436 462 2482 J‘uveni
480 2446 570 2471 cum
585 2442 666 2470 tam
686 2435 844 2471 sublimi
862 2433 1136 2470 theoremate?
1188 2433 1368 2469 Provoco
1382 2435 1431 2469 ad
1446 2434 1624 2470 eruditos
1637 2435 1822 2470 sedentes

330 2489 394 2524 hic
415 2489 465 2523 ad
484 2489 618 2528 latera,
639 2499 812 2533 provoco
830 2488 879 2523 ad
898 2487 1097 2533 sapientes
1114 2497 1187 2522 vos
1213 2486 1252 2521 in
1274 2487 1487 2526 orchestra.
1508 2487 1629 2522 immo
1647 2498 1822 2533 provoco

329 2542 379 2576 ad
399 2541 572 2586 supremi
590 2541 688 2576 caeli
707 2541 880 2587 angelos,
897 2551 990 2575 num
1006 2540 1215 2586 quisquam
1234 2551 1283 2574 ex
1301 2551 1372 2574 sua
1386 2540 1568 2575 rationali
1587 2540 1674 2575 luce
1688 2546 1821 2586 potest

329 2594 502 2639 aliquam
530 2594 579 2628 de
605 2594 737 2628 anima
767 2594 895 2628 ideam
922 2592 995 2628 sibi
1022 2602 1197 2628 sumere:
1222 2599 1263 2627 at
1289 2593 1338 2627 de
1360 2593 1454 2628 sede
1480 2593 1566 2638 ejus
1593 2592 1632 2627 in
1659 2593 1821 2628 homine

330 2657 493 2692 possum
515 2657 591 2691 ego
612 2646 714 2681 sicut
734 2646 801 2681 alii
821 2645 1048 2686 vaticinari:
1081 2652 1121 2680 et
1141 2645 1337 2680 vaticinor
1358 2646 1464 2691 quod
1492 2645 1544 2680 sit
1574 2645 1613 2680 in
1634 2646 1755 2680 corde
1780 2653 1821 2680 et

330 2700 423 2734 inde
442 2699 480 2733 in
495 2699 707 2745 sanguine;
733 2705 773 2734 et
790 2699 867 2734 hoc
882 2709 1012 2733 meum
1026 2698 1255 2733 vaticinium
1272 2705 1342 2737 est,
1355 2698 1448 2743 quia
1461 2709 1530 2733 cor
1542 2697 1733 2744 sanguine
1747 2709 1821 2734 suo

329 2752 432 2798 regit
452 2758 493 2787 et
513 2762 656 2796 corpus
677 2758 718 2786 et
738 2758 880 2797 caput:
905 2750 1054 2786 emittit
1074 2750 1179 2786 enirn
1202 2761 1388 2796 magnum
1412 2761 1482 2787 vas
1502 2758 1615 2786 aorta
1634 2757 1819 2786 vocatum

330 2806 369 2840 in
388 2805 616 2839 universum
634 2815 788 2850 corpus,
807 2815 853 2839 ac
869 2803 1018 2839 emittit
1034 2814 1129 2838 vasa
1149 2804 1347 2838 carotides
1367 2810 1510 2839 vocata
1530 2803 1569 2838 in
1590 2803 1819 2838 universum

329 2864 469 2903 caput:
496 2857 588 2892 inde
605 2857 838 2892 universalis
855 2867 1071 2892 consensus
1089 2862 1160 2896 est,
1175 2856 1282 2901 quod
1299 2856 1432 2892 anima
1448 2867 1497 2891 ex
1514 2856 1634 2891 corde
1648 2866 1718 2901 per
1730 2866 1820 2891 san·-

329 2912 490 2957 guinem
509 2916 718 2951 sustentet,
734 2910 894 2958 nutriat,
908 2909 1082 2945 vivificet
1099 2909 1326 2944 universum
1342 2916 1514 2956 systema
1529 2909 1759 2955 organicum
1778 2915 1820 2944 et

329 2963 506 3009 corporis
520 2970 561 2998 et
573 2963 734 3008 capitis:
758 2963 807 2997 ad
827 2963 945 2998 fidem
959 2962 1077 3008 hujus
1090 2962 1319 2997 assertionis
1332 2962 1495 3003 accedit,
1510 2962 1618 3008 quod
1633 2961 1672 2997 in
1687 2961 1818 3008 Scrip-

330 3023 416 3052 tura
438 3015 556 3052 Sacra
572 3015 693 3051 toties
711 3015 866 3050 dicatur
883 3015 1048 3050 ‘Anima
1065 3021 1106 3050 et
1124 3014 1233 3055 C0r3'
1254 3021 1299 3050 ut
