2014 3386
606 331 674 364 DE
706 328 885 363 AMORE
916 313 1343 371 CONJUGIAL1.—N.
1372 329 1437 371 29.
1721 328 1777 372 29

275 447 349 491 Ac
375 437 556 502 insuper
576 446 716 488 homo
741 445 890 500 quoad
917 444 1082 486 mentis
1105 457 1210 484 suae
1233 441 1496 484 affeffiones
1522 447 1569 484 et
1595 441 1775 495 cogita-

275 513 425 555 tiones
457 517 528 553 est
564 511 609 551 in
642 510 792 551 medio
823 508 1091 562 angelorum
1133 513 1179 548 et
1221 507 1472 560 spirituum,
1500 519 1552 547 ac
1586 505 1681 546 «illis
1712 506 1778 547 ita

275 575 578 623 consociatus,
605 580 655 615 ut
694 586 786 614 non
827 573 971 626 possit
1011 570 1167 612 divelli
1207 570 1264 612 ab
1304 569 1392 611 illis
1424 569 1508 610 nisi
1541 569 1774 610 moriatur.

275 639 340 681 Et
370 638 517 680 adhuc
549 636 795 678 mirabilius
827 642 912 685 est,
940 634 1062 689 quod
1093 633 1180 675 hoc
1213 634 1455 682 nesciatur,
1485 645 1587 674 cum
1619 638 1775 673 tamen

275 703 423 744 omnis
454 701 608 749 homo,
636 700 711 754 qui
742 713 769 740 a
800 699 944 752 prima
971 698 1201 740 creatione
1233 697 1423 745 obierat,
1451 702 1557 750 post
1599 696 1774 737 obitum

275 765 333 807 ad
355 778 460 806 suos
481 770 669 805 venerat
692 776 745 804 ac
767 763 907 810 venit,
933 776 1012 802 seu
1033 768 1083 802 ut
1106 762 1150 802 in
1173 760 1332 802 Verbo
1354 760 1532 808 dicitur,
1553 757 1778 800 collectus

276 835 347 870 est
373 834 420 869 et
446 827 702 881 colligitur:
742 832 789 868 et
821 832 1057 879 praeterea
1082 824 1255 865 homini
1281 830 1352 865 est
1385 823 1639 864 communis
1671 835 1774 875 per-

276 892 444 945 ceptio,
487 904 601 944 quae
641 890 803 931 eadem
844 895 914 930 est
955 901 1058 930 cum
1098 887 1271 928 influxu
1313 886 1427 927 caeli
1471 887 1516 927 in
1560 886 1778 927 interiora

277 955 446 996 mentis
468 953 576 1007 ejus,
600 968 659 995 ex
684 967 772 1007 quo
795 953 917 993 intus
939 952 983 992 in
1010 965 1058 992 se
1080 951 1272 1005 percipit
1294 963 1416 998 vera,
1441 955 1487 990 et
1510 949 1626 990 sicut
1649 949 1776 989 videt

276 1017 369 1066 illa,
397 1024 444 1059 et
475 1018 694 1071 imprimis
725 1015 812 1057 hoc
844 1027 1015 1063 verum,
1044 1013 1165 1068 quod
1192 1014 1315 1054 vivat
1346 1012 1486 1054 homo
1518 1018 1623 1065 post
1655 1024 1777 1052 mor·

276 1087 387 1130 tem,
414 1080 524 1121 felix
551 1081 587 1121 si
612 1080 729 1121 bene
756 1079 887 1128 vixit,
915 1084 962 1119 et
988 1077 1146 1118 infelix
1174 1077 1210 1117 si
1238 1075 1382 1117 male:
1417 1076 1514 1130 quis
1539 1075 1660 1116 enim
1686 1075 1773 1116 hoc

278 1158 370 1186 non
403 1145 597 1197 cogitat,
625 1143 732 1184 dum
765 1155 923 1196 parum
955 1141 1107 1182 elevat
1138 1146 1341 1181 mentem
1374 1153 1400 1180 a
1432 1152 1636 1192 corpore,
1670 1145 1717 1179 et
1750 1151 1776 1179 a

278 1208 561 1261 cogitatione
593 1206 802 1260 proxima
833 1205 926 1259 ejus
958 1205 1178 1253 sensibus,
1212 1203 1333 1258 quod
1365 1202 1416 1244 fit
1448 1203 1556 1243 dum
1587 1202 1775 1243 interius

279 1271 324 1313 in
356 1270 482 1313 cultu
508 1270 675 1311 Divino
700 1276 786 1319 est,
815 1275 863 1310 et
894 1268 1000 1309 dum
1023 1267 1146 1321 jacet
1177 1268 1222 1308 in
1255 1265 1376 1308 lecto
1402 1265 1698 1307 moribundus
1730 1271 1776 1306 et

279 1333 522 1388 exspectat
549 1332 838 1375 extremum?
870 1332 1075 1373 similiter
1101 1332 1207 1372 dum
1234 1331 1359 1372 audit
1386 1330 1442 1371 de
1469 1327 1706 1378 defunctis,
1731 1334 1777 1370 et

281 1398 338 1439 de
361 1398 541 1439 illorum
564 1397 718 1439 sorte?
777 1396 968 1437 Narravi
991 1394 1132 1436 millia
1158 1395 1214 1435 de
1240 1394 1341 1443 illis,
1365 1400 1415 1435 ut
1441 1394 1485 1434 in
1512 1392 1632 1447 quali
1654 1399 1777 1434 sorte

280 1468 436 1503 essent
462 1461 745 1515 quorundam
776 1459 950 1508 fratres,
979 1457 1209 1511 conjuges,
1237 1463 1284 1498 et
1316 1457 1477 1507 amici;
1520 1462 1567 1497 et
1599 1469 1777 1510 quoque

280 1525 438 1578 scripsi
478 1525 535 1565 de
577 1530 700 1565 sorte
732 1522 1006 1576 Anglorum,
1043 1521 1393 1568 Hollandorum,
1422 1518 1775 1566 Pontificiorum,

278 1587 567 1641 Judaeorum,
597 1586 828 1635 Gentium,
857 1592 903 1627 et
930 1598 1109 1639 quoque
1135 1584 1192 1625 de
1219 1590 1343 1625 sorte
1370 1582 1575 1631 Lutheri,
1601 1581 1776 1623 Calvini

280 1657 327 1692 et
350 1649 717 1701 Melan&honis;
750 1656 796 1690 et
819 1648 965 1690 adhuc
990 1659 1211 1701 nusquam
1235 1646 1384 1687 audivi
1405 1645 1601 1699 aliquem
1624 1644 1778 1685 dicen-

280 1720 391 1763 tem,
435 1712 679 1767 Quomodo
718 1718 874 1767 potest
915 1711 1020 1752 talis
1060 1724 1156 1751 sors
1197 1709 1284 1750 illis
1324 1722 1437 1758 esse,
1477 1721 1578 1749 cum
1623 1714 1778 1748 tamen

280 1777 484 1819 nondum
515 1791 540 1818 e
571 1775 789 1829 sepulcris
821 1775 911 1816 suis
942 1779 1301 1821 resurrexerunt,
1330 1772 1531 1813 nondum
1563 1772 1681 1812 enim
1709 1778 1779 1812 est

279 1840 506 1883 Ultimum
531 1840 755 1894 Judicium
788 1836 1052 1892 peractum?
1094 1843 1262 1877 suntne
1293 1836 1358 1877 illi
1389 1836 1563 1876 interea
1594 1835 1774 1883 animae

281 1918 396 1959 quae
427 1911 533 1945 sunt
565 1909 825 1957 pneumata,
859 1908 906 1943 et
948 1902 991 1942 in
1034 1901 1231 1955 quodam
1264 1912 1322 1953 pu
1365 1913 1445 1940 seu
1486 1898 1589 1939 ubi?
1649 1897 1780 1938 Talia

281 1967 428 2008 adhuc
461 1982 487 2008 a
527 1967 707 2007 nemine
738 1966 890 2007 audivi
921 1962 1067 2014 di&a;
1113 1978 1173 2004 ex
1215 1976 1302 2017 quo
1333 1962 1462 2016 potui
1493 1961 1778 2010 concludere,

282 2032 404 2086 quod
435 2031 739 2084 unusquisque
770 2029 814 2070 in
846 2042 894 2069 se
926 2028 1160 2081 percipiat,
1194 2026 1315 2080 quod
1347 2026 1473 2067 vivat
1504 2026 1643 2066 homo
1674 2031 1780 2078 post

283 2102 494 2136 mortem.
555 2093 667 2146 Quis
692 2093 759 2134 vir
789 2092 863 2146 qui
889 2092 1059 2132 amavit
1086 2089 1340 2143 conjugem,
1368 2102 1420 2130 ac
1453 2102 1558 2129 suos
1584 2088 1780 2129 infantes

283 2164 331 2200 et
371 2157 552 2206 liberos,
587 2156 692 2197 dum
729 2155 981 2196 moriuntur
1021 2159 1099 2194 aut
1140 2153 1306 2194 mortui
1347 2158 1468 2200 sunt,
1503 2165 1594 2192 non
1625 2164 1780 2192 secum

282 2221 420 2270 dicat,
455 2220 491 2260 si
535 2221 579 2260 in
625 2218 907 2272 cogitatione
949 2216 1130 2258 elevata
1161 2228 1293 2268 supra
1324 2214 1549 2255 sensualia
1581 2215 1780 2267 corporis

283 2290 368 2333 est,
393 2283 513 2337 quod
540 2283 630 2323 sint
656 2282 700 2322 in
726 2294 862 2322 manu
889 2280 989 2329 Dei,
1016 2279 1227 2333 quodque
1254 2278 1356 2319 illos
1379 2284 1483 2331 post
1510 2291 1636 2318 suam
1660 2291 1779 2319 mor-

283 2354 379 2389 tem
405 2348 568 2388 iterum
591 2346 764 2386 visurus
791 2345 864 2394 sit,
888 2357 940 2385 ac
968 2343 1109 2384 vitam
1132 2342 1296 2383 amoris
1322 2347 1369 2382 et
1395 2341 1546 2394 gaudii
1568 2354 1669 2382 cum
1695 2341 1781 2382 illis

285 2411 446 2452 iterum
473 2406 822 2461 conjuncturus?

370 2482 463 2525 29.
505 2471 617 2525 Quis
643 2484 734 2512 non
760 2484 819 2511 ex
846 2469 1021 2511 ratione
1046 2468 1201 2510 videre
1228 2473 1397 2521 potest,
1426 2467 1462 2507 si
1487 2466 1586 2508 vult
1611 2467 1778 2516 videre,

286 2536 407 2590 quod
433 2535 571 2576 homo
598 2539 702 2587 post
730 2539 926 2574 mortem
949 2545 1039 2573 non
1065 2532 1122 2572 sit
1147 2544 1355 2585 pneuma,
1379 2530 1436 2571 de
1462 2544 1551 2584 quo
1577 2543 1668 2571 non
1695 2531 1783 2571 alia

285 2600 388 2640 idea
409 2605 493 2647 est,
512 2610 646 2651 quam
666 2598 781 2638 sicut
803 2596 860 2637 de
881 2595 1026 2637 halitu
1043 2595 1182 2643 venti,
1203 2600 1282 2635 aut
1304 2594 1361 2634 de
1383 2607 1486 2634 aere
1510 2599 1556 2634 et
1579 2592 1779 2640 aethere,

288 2668 336 2703 et
357 2661 478 2715 quod
495 2660 604 2701 illud
623 2665 700 2701 aut
720 2660 764 2702 in
787 2659 867 2700 illo
884 2660 942 2700 sit
960 2659 1110 2699 anima
1126 2657 1335 2706 hominis,
1356 2670 1470 2710 quae
1489 2655 1717 2696 desiderat
1736 2661 1782 2696 et

289 2722 532 2777 exspectat
565 2721 930 2776 conjunctionem
963 2734 1066 2762 cum
1096 2735 1177 2762 suo
1209 2733 1412 2773 corpore,
1441 2726 1489 2760 ut
1521 2719 1665 2772 possit
1697 2717 1780 2758 frui

289 2787 513 2836 sensibus,
546 2792 593 2828 et
624 2786 785 2827 horum
812 2783 1178 2834 oblectamenti&
1207 2784 1323 2824 sicut
1356 2783 1476 2836 prius
1507 2783 1551 2822 in
1584 2781 1783 2822 mundo?

292 2847 405 2902 Quis
430 2862 522 2891 non
547 2855 703 2902 potest
723 2848 892 2898 videre,
915 2848 1035 2902 quod
1061 2848 1097 2888 si
1123 2848 1186 2889 ita
1211 2847 1326 2888 foret
1348 2859 1449 2887 cum
1472 2844 1654 2885 homine
1678 2850 1783 2896 post

292 2917 503 2961 mortem,
545 2918 693 2953 status
733 2911 826 2965 ejus
866 2911 996 2952 vilior
1034 2911 1164 2959 soret,
1207 2922 1342 2963 quam
1383 2915 1531 2949 status
1572 2907 1778 2959 piscium,

292 2974 442 3016 avium
466 2981 512 3017 et
537 2974 797 3017 animalium
823 2980 984 3024 terrae,
1010 2986 1197 3028 quorum
1221 2973 1396 3014 animae
1424 2984 1515 3012 non
1538 2971 1710 3020 vivunt,
1735 2976 1781 3011 et
