2014 3386
266 327 327 372 74
731 323 979 359 DELICIAE
1009 322 1313 357 SAPIENTIAE

341 439 417 477 His
435 438 553 476 dietis
570 445 730 475 secutus
749 450 837 475 sum
856 438 977 480 illum,
996 444 1037 474 et
1055 438 1095 473 in
1111 437 1178 474 via
1194 437 1330 474 retulit
1348 437 1445 472 mihi
1463 436 1582 473 haec:
1607 441 1629 456 “
1643 435 1768 472 Habi-

266 499 357 529 tant
378 493 433 528 illi
455 493 496 528 in
516 492 693 529 confinio
714 492 819 527 inter
838 491 1044 527 meridiem
1066 497 1107 527 et
1131 491 1392 532 occidentem,
1411 490 1481 527 sed
1502 490 1553 526 ad
1580 500 1765 536 magnam

267 545 501 582 distantiam
522 551 615 591 post
636 545 725 581 illos
750 544 819 592 qui
847 545 887 580 in
912 551 1085 592 quatuor
1105 544 1301 591 prioribus
1322 543 1492 580 saeculis
1512 543 1704 584 vixerant,
1725 548 1767 578 et

267 610 430 647 quoque
447 598 721 645 profundius.”

341 652 391 688 Et
405 651 650 698 perreximus
665 662 735 697 per
746 650 951 686 meridiem
965 650 1015 686 ad
1030 649 1231 696 regionem
1245 648 1533 685 conterminam
1545 647 1767 688 occidenti:

266 712 308 742 et
321 705 578 741 transivimus
592 704 884 740 formidabilem
899 703 1040 738 silvam
1055 715 1063 744 ;
1088 709 1203 738 erant
1216 702 1322 738 enim
1338 702 1391 737 ibi
1410 708 1561 748 stagna,
1580 712 1602 736 e
1619 700 1766 746 quibus

267 758 456 794 crocodili
478 758 717 793 attollebant
737 756 881 802 capita,
902 763 944 792 et
969 756 1050 791 suis
1071 755 1163 791 latis
1183 762 1223 791 et
1244 755 1419 791 dentatis
1440 754 1605 790 rictibus
1628 754 1669 789 in
1690 763 1766 788 nos

267 811 453 852 hiabant;
478 817 519 846 et
541 811 645 846 inter
665 817 807 856 stagna
826 815 939 845 erant
959 809 1155 844 terribiles
1171 819 1301 849 canes,
1319 818 1489 854 quorum
1507 806 1631 852 aliqui
1652 811 1766 842 erant

266 864 462 910 tricipites
482 864 586 899 sicut
607 863 779 904 Cerberi,
799 862 920 909 aliqui
941 862 1136 908 bicipites,
1155 872 1295 897 omnes
1316 860 1496 896 horribili
1519 859 1704 906 ingluvie,
1725 865 1767 894 et

266 918 445 953 trucibus
459 916 585 953 oculis
603 927 676 952 nos
691 922 989 962 praetereuntes
1002 913 1272 960 aspectabant.
1323 913 1565 949 Intravimus
1579 912 1767 948 occiden-

266 971 387 1006 talem
407 970 526 1017 hujus
543 969 717 1016 regionis
733 967 918 1009 tractum,
933 975 974 1004 et
991 968 1166 1003 vidimus
1184 967 1377 1002 dracones
1394 973 1436 1002 et
1453 966 1609 1013 pardos,
1627 965 1766 1012 quales

267 1023 549 1059 describuntur
563 1024 681 1068 Apoc.
698 1033 783 1067 cap.
801 1021 867 1057 xii.
887 1032 919 1066 3,
937 1031 1021 1067 cap.
1039 1020 1120 1056 xiii.
1139 1029 1173 1056 2.

342 1076 393 1112 Et
413 1076 515 1111 dixit
533 1075 630 1111 mihi
648 1075 823 1121 angelus,
843 1079 863 1093 ‘⁴
877 1074 1028 1110 Omnes
1047 1074 1136 1109 illae
1150 1072 1267 1113 ferae,
1284 1082 1385 1118 quas
1401 1071 1550 1112 vidisti,
1569 1082 1650 1107 non
1671 1077 1767 1106 sunt

267 1129 385 1170 ferae,
403 1129 474 1165 sed
492 1127 869 1174 correspondentiae
886 1133 928 1162 et
945 1126 1002 1162 sic
1020 1126 1171 1162 formae
1189 1124 1550 1171 repraesentativae
1568 1124 1766 1170 cupidita·

266 1190 365 1224 tum,
388 1182 428 1218 in
459 1182 604 1228 quibus
633 1187 727 1217 sunt
757 1180 921 1220 incolae,
948 1190 1049 1225 quos
1077 1179 1349 1219 visitabimus;
1387 1177 1496 1224 ipsae
1527 1177 1767 1223 cupiditates

267 1241 615 1282 repraesentantur
635 1245 706 1280 per
729 1233 939 1268 horribiles
966 1232 1054 1268 illos
1079 1242 1208 1272 canes,
1232 1231 1390 1266 illorum
1417 1230 1499 1266 doli
1526 1236 1568 1266 et
1592 1229 1767 1266 astutiae

266 1300 339 1335 per
354 1288 589 1328 crocodilos,
604 1287 762 1322 illorum
780 1285 983 1326 falsitates,
999 1292 1039 1320 et
1057 1295 1201 1330 pravae
1216 1283 1494 1319 inclinationes
1511 1283 1561 1318 ad
1582 1282 1648 1318 illa
1665 1293 1767 1329 quae

266 1342 398 1378 cultus
424 1347 528 1381 sunt,
556 1351 627 1386 per
651 1340 845 1375 dracones
870 1345 911 1374 et
937 1338 1099 1384 pardos:
1132 1348 1271 1373 verum
1299 1336 1453 1372 incolae
1479 1334 1765 1382 repraesentati

266 1406 347 1431 non
366 1394 549 1430 habitant
563 1393 741 1439 proxime
756 1399 848 1438 post
865 1392 1018 1431 silvam,
1030 1391 1100 1426 sed
1115 1397 1206 1436 post
1221 1401 1408 1436 magnum
1424 1389 1638 1429 desertum,
1653 1387 1764 1435 quod

267 1447 548 1484 intermedium
564 1452 635 1486 est,
654 1452 701 1481 ut
721 1446 838 1492 plene
858 1444 1126 1480 distineantur
1142 1450 1183 1479 et
1200 1449 1435 1489 separentur
1451 1442 1501 1477 ab
1523 1441 1663 1477 incolis
1680 1452 1766 1477 sae-

266 1501 450 1537 culorum
466 1499 811 1539 antecedentium:
836 1504 931 1533 sunt
948 1497 1068 1533 etiam
1089 1507 1251 1542 prorsus
1265 1495 1511 1542 alienigenae
1529 1506 1598 1530 seu
1618 1494 1765 1530 diversi

266 1556 316 1590 ab
332 1554 428 1589 illis:
448 1553 597 1588 habent
608 1552 770 1598 quidem
782 1551 913 1596 capita
922 1561 1041 1596 supra
1052 1548 1224 1596 pefiora,
1236 1559 1283 1584 ac
1297 1547 1457 1595 pectora
1468 1558 1587 1593 supra
1597 1547 1767 1588 lumbos,

266 1615 308 1644 et
325 1607 484 1642 lumbos
498 1617 617 1652 supra
631 1605 764 1652 pedes,
778 1604 881 1640 sicut
895 1602 1084 1650 primaevi
1099 1602 1302 1643 homines:
1328 1601 1398 1637 sed
1418 1602 1456 1636 in
1471 1600 1669 1646 capitibus
1682 1611 1764 1636 non

266 1667 328 1697 est
345 1659 496 1707 aliquid
514 1658 612 1700 auri,
630 1669 711 1694 non
730 1657 769 1692 in
788 1656 1014 1703 pectoribus
1031 1655 1181 1702 aliquid
1200 1654 1366 1701 argenti,
1385 1665 1459 1689 nec
1477 1654 1516 1689 in
1534 1653 1679 1689 lumbis
1695 1653 1767 1688 ali-

266 1713 363 1760 quid
376 1713 489 1754 aeris,
504 1713 628 1747 immo
640 1711 764 1746 necin
777 1710 944 1756 pedibus
955 1709 1104 1755 aliquid
1120 1708 1206 1754 puri
1219 1707 1330 1749 ferri;
1352 1708 1422 1743 sed
1437 1707 1477 1742 in
1490 1707 1647 1742 illorum
1660 1705 1768 1752 capi·

266 1767 375 1802 tibus
392 1772 454 1802 est
471 1765 620 1801 ferrum
638 1764 809 1799 mixtum
827 1763 976 1809 argilla,
992 1761 1032 1797 in
1051 1760 1278 1808 pectoribus
1291 1766 1352 1796 est
1365 1766 1579 1806 utrumque
1593 1758 1764 1794 mixtum

266 1830 368 1861 aere,
384 1819 424 1853 in
442 1818 589 1853 lumbis
606 1824 668 1853 est
685 1827 847 1863 quoque
864 1822 1081 1861 utrumque
1099 1814 1268 1849 mixtum
1286 1819 1463 1860 argento,
1478 1819 1519 1848 et
1537 1812 1576 1847 in
1595 1811 1766 1858 pedibus

267 1879 362 1908 sunt
388 1872 455 1907 illa
474 1871 600 1906 mixta
620 1880 741 1906 auro:
771 1880 842 1915 per
862 1869 969 1904 illam
993 1867 1259 1903 inversionem
1280 1866 1426 1901 mutati
1447 1871 1542 1901 sunt
1561 1865 1612 1900 ab
1632 1864 1765 1900 homi-

267 1925 385 1961 nibus
412 1925 451 1959 in
473 1924 698 1969 sculpturas
715 1922 936 1962 hominum,
957 1921 996 1956 in
1018 1920 1162 1966 quibus
1184 1920 1292 1955 intus
1313 1919 1413 1954 nihil
1433 1918 1644 1959 cohaeret:
1669 1928 1768 1953 nam

267 1978 376 2025 quod
394 1988 624 2023 supremum
637 1976 723 2016 fuit,
738 1974 886 2010 saelum
905 1981 966 2010 est
984 1974 1179 2014 infimum,
1194 1973 1251 2008 ita
1266 1972 1375 2019 quod
1393 1971 1470 2007 fuit
1482 1978 1603 2017 caput
1617 1970 1767 2006 factum

267 2038 330 2068 est
346 2031 588 2070 calcaneum,
607 2035 648 2064 et
665 2029 752 2064 vice
769 2038 903 2068 versa:
931 2027 986 2062 illi
1006 2027 1122 2062 nobis
1139 2038 1160 2062 e
1178 2026 1289 2062 caelo
1306 2032 1500 2071 apparent
1517 2024 1666 2060 similes
1684 2023 1768 2060 his-

267 2084 476 2124 trionibus,
499 2083 567 2129 qui
594 2082 754 2117 inverso
774 2091 941 2126 corpore
961 2080 1095 2126 jacent
1120 2090 1240 2125 super
1259 2078 1416 2119 cubitis,
1438 2084 1478 2114 et
1504 2077 1766 2124 progrediun-

266 2145 354 2179 tur;
388 2143 457 2172 aut
482 2136 586 2172 sicut
611 2134 763 2171 bestiae
788 2145 890 2180 quae
916 2133 1125 2178 resupinae
1151 2132 1388 2167 incumbunt
1409 2131 1550 2172 dorsis,
1572 2141 1619 2166 ac
1644 2130 1767 2176 pedes

268 2191 467 2227 extollunt
484 2200 653 2230 sursum,
672 2194 713 2224 et
733 2198 783 2223 ex
803 2186 945 2233 capite,
964 2186 1073 2232 quod
1092 2185 1295 2221 infodiunt
1316 2191 1455 2226 terrae,
1473 2182 1658 2231 spectant
1675 2193 1764 2219 cae-

269 2243 389 2280 lum.''
1262 2246 1266 2249 ’

340 2295 614 2332 Transivimus
628 2294 779 2334 silvam,
795 2298 835 2328 et
853 2291 1018 2338 ingressi
1033 2302 1171 2326 sumus
1185 2291 1399 2330 desertum,
1414 2289 1521 2336 quod
1537 2299 1618 2324 non
1637 2287 1768 2324 minus

269 2350 445 2386 terribile
471 2349 565 2389 fuit;
595 2347 805 2383 constabat
830 2357 878 2380 ex
904 2344 1079 2380 struibus
1100 2343 1289 2389 lapidum,
1311 2350 1352 2378 et
1379 2343 1482 2378 inter
1507 2342 1593 2376 illas
1618 2340 1767 2376 scrobi-

268 2404 355 2443 bus,
373 2413 395 2438 e
416 2402 560 2448 quibus
578 2401 864 2445 subrepserunt
881 2398 1028 2444 hydrae
1046 2403 1087 2432 et
1104 2396 1309 2436 echidnae,
1328 2402 1369 2431 et
1386 2395 1599 2430 evolabant
1617 2399 1768 2439 preste-

270 2467 344 2492 res.
394 2456 542 2490 Totum
565 2454 643 2489 hoc
663 2453 864 2488 desertum
885 2450 1075 2486 continue
1095 2449 1331 2488 declinabat,
1354 2455 1394 2483 et
1415 2459 1489 2483 nos
1511 2458 1581 2492 per
1601 2447 1766 2493 longum

269 2508 423 2544 declive
441 2507 732 2546 descendimus,
751 2512 792 2540 et
809 2504 972 2539 tandem
990 2502 1174 2539 venimus
1192 2501 1232 2536 in
1249 2501 1393 2536 vallem
1411 2501 1461 2536 ab
1483 2500 1623 2535 incolis
1639 2499 1767 2546 regio·

270 2562 332 2597 nis
349 2571 395 2596 ac
411 2560 554 2596 aetatis
573 2560 680 2594 illius
699 2557 932 2593 habitatam.

343 2614 465 2649 Erant
484 2613 549 2647 hic
566 2619 607 2647 et
626 2612 678 2647 ibi
698 2610 876 2657 mapalia,
891 2620 992 2655 quae
1005 2608 1090 2644 visa
1107 2613 1200 2643 sunt
1213 2606 1375 2642 tandem
1392 2605 1498 2641 coire
1516 2611 1557 2641 et
1574 2603 1766 2651 conjungi

270 2667 310 2703 in
329 2666 496 2702 formam
516 2665 635 2701 urbis.
680 2664 796 2699 Hanc
815 2662 1060 2702 intravimus,
1074 2667 1115 2696 et
1132 2670 1225 2696 ecce
1239 2659 1383 2694 domus
1401 2665 1514 2694 erant
1528 2657 1701 2693 struetae
1719 2668 1768 2693 ex

271 2720 390 2757 ramis
420 2720 606 2755 arborum
624 2717 886 2757 circumustis,
917 2722 958 2752 et
987 2716 1073 2751 luto
1102 2712 1390 2759 conglutinatis
1405 2724 1414 2753 ς
1448 2711 1578 2747 tectae
1609 2712 1767 2747 laminis

271 2773 413 2819 nigris:
443 2773 596 2818 plateae
618 2777 731 2806 erant
753 2770 997 2815 irregulares,
1019 2778 1159 2803 omnes
1186 2767 1225 2801 in
1247 2765 1452 2811 principiis
1471 2771 1675 2811 angustae,
1697 2765 1768 2800 sed

271 2826 310 2861 in
330 2836 539 2872 progressu
557 2824 757 2864 dilatatae,
775 2830 816 2858 et
831 2823 870 2858 in
889 2822 967 2858 fine
985 2820 1194 2867 spatiosae,
1213 2819 1280 2854 ubi
1299 2818 1405 2859 fora;
1446 2818 1554 2853 unde
1567 2824 1668 2864 quot
1686 2817 1769 2865 pla·

271 2886 358 2915 teae
375 2886 439 2914 tot
457 2877 553 2913 fora.

343 2931 450 2966 Dum
469 2929 703 2965 intravimus
721 2929 871 2968 urbem,
890 2926 1017 2963 factae
1035 2931 1128 2962 sunt
1147 2924 1346 2963 tenebrae,
1366 2922 1459 2970 quia
1481 2933 1561 2958 non
1583 2922 1769 2969 apparuit

271 2984 446 3025 caelum;
476 2993 598 3030 quare
625 2981 885 3028 suspeximus,
907 2987 948 3016 et
977 2980 1071 3015 data
1098 2978 1213 3014 nobis
1243 2983 1304 3013 est
1330 2977 1408 3017 lux,
1430 2982 1472 3012 et
1500 2976 1695 3018 vidimus;
1729 2982 1770 3012 et
