2014 3386
580 344 647 377 DE
680 342 859 376 AMORE
891 313 1325 386 CONJUGIALL——Ns
1352 343 1440 386 107.
1698 343 1751 386 93

259 457 476 506 perientiae
498 456 655 492 indiciis
675 455 938 502 contemplati
959 466 1119 496 sumus;
1144 461 1190 490 ut
1210 465 1258 490 ex
1282 453 1440 500 populis
1461 453 1535 489 sub
1555 453 1660 489 linea
1685 464 1756 489 εει]

257 512 409 548 circulo
433 509 726 557 aequinoctiali,
752 509 821 544 ubi
846 509 954 545 calor
979 509 1145 556 diurnus
1171 508 1274 544 sicut
1299 508 1429 548 ardet;
1458 513 1499 542 et
1525 507 1758 552 ex-populis

258 565 440 612 proprius
457 565 507 600 ad
527 564 638 599 illum
657 564 860 604 circulum,
875 570 916 599 et
934 574 983 598 ex
1001 562 1158 608 populis
1176 561 1367 597 remotius
1385 561 1435 596 ab
1455 561 1522 596 illo
1540 560 1757 595 habitanti-

257 619 332 654 bus
344 630 352 659 ;
378 625 419 653 et
432 628 594 664 quoque
608 628 658 653 ex
670 616 954 663 cooperatione
968 615 1110 651 caloris
1123 614 1262 650 solaris
1275 625 1365 649 cum
1381 614 1511 649 calore
1525 613 1635 648 vitali
1650 614 1755 659 apud

257 671 444 707 animalia
455 677 584 706 terrae
598 677 638 705 et
651 681 745 706 aves
758 670 856 706 caeli
871 676 1053 715 tempore
1066 668 1170 704 veris
1183 679 1274 703 cum
1288 665 1532 713 prolificant:
1554 673 1758 712 praeterea

256 724 352 771 quid
371 734 485 759 amor
501 723 739 770 conjugialis
760 723 835 758 nisi
856 722 974 763 calor,
993 721 1056 757 cui
1078 721 1110 756 si
1131 721 1286 756 accedit
1308 721 1417 756 calor
1436 719 1756 755 succenturiatus

256 788 280 813 a
296 777 390 817 sole,
405 777 451 812 fit
462 777 590 812 virtus
608 787 677 812 seu
692 776 874 822 potentia
887 775 926 811 ?”
979 774 1054 811 His
1067 774 1291 820 subscripta
1304 780 1365 809 est
1382 773 1516 809 littera
1529 778 1549 791 ‘¹
1562 772 1640 814 H,”
1654 784 1756 819 quae

256 836 341 866 erat
359 829 523 865 initialis
540 829 664 876 regni,
683 840 704 865 e
722 840 803 875 quo
821 835 945 864 erant.

327 890 448 929 105.
484 882 583 918 Post
601 883 689 923 hoc,
706 883 865 917 secundo
882 881 1048 917 immisit
1065 891 1228 916 manum
1251 880 1290 915 in
1309 891 1460 920 urnam,
1479 886 1520 915 et
1535 878 1757 924 desumpsit

256 935 349 972 inde
370 936 561 976 chartam,
579 947 629 971 ex
646 946 726 982 qua
746 935 843 982 legit
862 935 982 970 haec:
1020 939 1039 953 ‘⁴
1051 934 1136 970 Nos
1154 934 1364 980 populares
1391 933 1430 967 in
1453 939 1592 968 nostro
1613 938 1755 967 contu-

254 989 395 1024 bernio
415 989 688 1029 convenimus,
710 988 820 1035 quod
846 988 960 1034 origo
985 987 1132 1023 amoris
1156 986 1394 1033 conjugialis
1419 986 1470 1021 sit
1497 986 1636 1021 eadem
1663 996 1755 1020 cum

255 1043 409 1090 origine
437 1043 727 1089 conjugiorum,
756 1053 858 1088 quae
885 1052 956 1088 per
982 1041 1090 1088 leges
1117 1040 1268 1076 sancita
1295 1046 1389 1075 sunt
1418 1040 1468 1075 ad
1499 1039 1756 1075 refrenandas

255 1096 599 1142 concupiscentias
617 1095 846 1131 hominibus
863 1101 1058 1130 connatas
1078 1094 1129 1129 ad
1155 1093 1361 1134 adulteria,
1375 1104 1477 1139 quae
1496 1092 1755 1138 pessumdant

254 1150 418 1191 animas,
437 1150 650 1196 inquinant
667 1149 842 1185 rationes
862 1149 1019 1189 mentis,
1038 1154 1305 1194 conspurcant
1327 1158 1467 1187 mores,
1482 1158 1528 1182 ac
1548 1147 1641 1181 tabe
1658 1157 1754 1181 con-

254 1203 396 1238 ficiunt
423 1213 608 1248 corpora;
635 1209 728 1238 sunt
753 1202 858 1238 enim
884 1201 1082 1237 adulteria
1106 1212 1188 1237 non
1215 1201 1392 1235 humana
1416 1200 1485 1235 sed
1514 1199 1650 1240 ferina,
1673 1210 1753 1234 non

255 1256 466 1292 rationalia
478 1256 547 1291 sed
566 1257 692 1297 bruta,
707 1262 747 1291 et
761 1256 817 1291 sic
831 1266 991 1301 prorsus
1005 1266 1086 1290 non
1101 1254 1328 1290 Christiana
1342 1254 1411 1289 sed
1431 1253 1618 1288 barbara:
1636 1263 1754 1299 prop-

254 1315 317 1345 ter
341 1309 641 1344 damnationem
669 1309 824 1350 talium,
851 1315 912 1344 est
938 1315 1051 1344 ortus
1078 1308 1372 1354 conjugiorum,
1395 1313 1436 1342 et
1462 1306 1580 1342 simul
1606 1306 1754 1341 amoris

254 1362 502 1409 conjugialis.
554 1362 690 1398 Simile
703 1369 763 1397 est
777 1373 867 1397 cum
887 1362 1006 1408 hujus
1020 1361 1167 1397 amoris
1180 1361 1328 1396 virtute
1347 1371 1418 1396 seu
1437 1359 1629 1406 potentia,
1644 1359 1752 1405 quod

254 1415 353 1451 haec
367 1416 540 1462 pendeat
557 1426 580 1450 a
597 1415 793 1456 castitate,
808 1426 910 1461 quae
931 1421 993 1450 est
1005 1414 1250 1450 abstinentia
1263 1425 1286 1449 a
1298 1413 1409 1460 vagis
1423 1412 1732 1448 scortationibus
1747 1422 1755 1447 :

253 1479 373 1504 causa
391 1475 462 1509 est,
480 1468 574 1514 quia
590 1468 717 1503 virtus
738 1479 807 1503 seu
829 1467 1011 1514 potentia
1031 1467 1137 1513 apud
1161 1467 1282 1507 illum,
1302 1466 1370 1512 qui
1391 1466 1518 1502 solam
1539 1465 1752 1511 conjugem

253 1528 372 1562 amat,
394 1528 456 1557 est
477 1527 677 1556 reservata
697 1521 777 1562 uni,
796 1527 837 1556 et
857 1521 914 1556 sic
934 1520 1103 1556 collecta
1123 1527 1164 1555 et
1181 1520 1284 1555 sicut
1305 1525 1573 1558 concentrata‚
1594 1525 1634 1553 et
1655 1525 1753 1553 tunc

253 1574 299 1610 fit
321 1574 387 1609 illa
413 1574 558 1609 nobilis
583 1574 686 1609 sicut
707 1574 848 1620 quinta
873 1574 1047 1609 essentia
1071 1572 1280 1609 abstraciis
1306 1571 1628 1618 inquinamentis,
1650 1582 1753 1617 quae

253 1627 402 1673 alioqui
430 1627 725 1673 dispergeretur
750 1634 791 1663 et
821 1637 1139 1673 quaquaversum
1171 1626 1444 1672 projiceretur.
1505 1625 1621 1660 Unus
1650 1624 1754 1659 inter

253 1679 326 1716 nos
346 1680 533 1726 quinque,
551 1680 619 1726 qui
640 1680 836 1720 sacerdos,
855 1680 1003 1726 adjecit
1023 1680 1143 1715 etiam
1166 1678 1572 1725 praedestinationem
1595 1684 1639 1712 ut
1660 1688 1752 1712 cau-

251 1743 336 1768 sam
359 1733 463 1768 illius
483 1733 643 1768 virtutis
663 1744 733 1769 seu
755 1733 971 1779 potentiae,
993 1732 1140 1773 dicens,
1160 1737 1168 1750 ‘
1182 1732 1336 1768 Suntne
1357 1730 1547 1777 conjugia
1567 1730 1751 1777 praedes-

251 1785 409 1821 tinata?
446 1792 488 1821 et
517 1797 607 1821 cum
638 1786 747 1827 haec,
778 1786 899 1821 etiam
930 1792 1024 1821 sunt
1054 1785 1147 1821 inde
1176 1784 1498 1831 prolificationes,
1529 1790 1569 1819 et
1598 1784 1648 1819 ad
1679 1783 1751 1818 has

251 1838 459 1879 efficaciae,
470 1839 789 1884 praedestinatae
803 1839 822 1874 :’
842 1839 988 1874 institit
1001 1838 1039 1874 in
1052 1849 1222 1879 causam,
1234 1838 1327 1884 quia
1339 1838 1541 1884 juraverat
1554 1836 1593 1872 in
1607 1836 1752 1877 illam.’'

254 1891 329 1927 His
347 1892 568 1938 subscripta
586 1899 646 1928 est
663 1892 797 1927 littera
814 1897 833 1910 “
847 1892 914 1928 Β.”

325 1945 400 1981 Ηίε
425 1945 573 1981 auditis
595 1945 756 1991 quidam
778 1956 877 1981 voce
898 1945 1130 1980 subridente
1152 1945 1264 1985 dixit,
1285 1949 1304 1962 ‘¹
1319 1943 1649 1984 praedestinatio,
1671 1942 1749 1978 heu

251 2009 371 2044 quam
391 1999 555 2044 pulchra
575 1999 762 2045 apologia
779 1997 958 2034 defectus
976 2009 1045 2034 seu
1065 1997 1362 2044 impotentiae.’¹

322 2052 447 2089 106.
482 2052 578 2087 Mox
592 2054 708 2087 tertio
720 2051 968 2098 exprompsit
981 2051 1159 2087 chartam
1174 2062 1222 2086 ex
1237 2062 1345 2091 urna,
1361 2061 1410 2086 ex
1424 2061 1504 2096 qua
1518 2049 1615 2096 legit
1629 2048 1728 2085 haec
1743 2060 1750 2084 :

251 2103 368 2139 “Nos
394 2105 605 2150 populares
632 2104 671 2140 in
698 2111 836 2140 nostra
859 2105 960 2140 cella
979 2105 1226 2158 versavstrrus
1252 2115 1391 2139 causas
1412 2102 1577 2150 originis
1603 2102 1750 2138 amoris

250 2157 497 2204 conjugialis,
516 2164 557 2193 et
573 2157 747 2193 vidimus
766 2158 919 2193 illarum
939 2157 1042 2193 hanc
1060 2157 1276 2197 dominam,
1296 2157 1404 2203 quod
1425 2156 1477 2192 sit
1498 2156 1638 2191 eadem
1657 2167 1748 2191 cum

250 2210 406 2256 origine
426 2210 615 2257 conjugii,
637 2210 731 2256 quia
750 2222 864 2246 amor
884 2211 950 2246 ille
971 2222 1052 2246 non
1075 2211 1182 2257 prius
1204 2210 1380 2251 exstitit3
1406 2217 1446 2245 et
1468 2209 1633 2249 exstitit,
1656 2209 1750 2255 quia

250 2274 341 2298 cum
360 2263 502 2309 aliquis
523 2263 661 2310 [¹1petit
682 2275 751 2300 seu
774 2264 928 2310 perdite
949 2270 1057 2299 amat
1077 2263 1285 2309 virginem,
1305 2263 1438 2298 anima
1458 2270 1499 2298 et
1520 2262 1641 2298 corde
1662 2263 1749 2297 vult

250 2316 455 2362 possidere
482 2317 588 2351 illam
610 2323 655 2352 ut
675 2317 960 2363 proprietatem
982 2327 1102 2363 supra
1123 2317 1259 2352 omnia
1276 2316 1510 2357 amabilem
1536 2326 1582 2351 ac
1603 2322 1649 2350 ut
1670 2315 1748 2361 pri-

251 2380 359 2404 mum
380 2370 446 2404 illa
459 2370 632 2415 spondet
650 2381 702 2410 se,
718 2369 872 2416 spectat
887 2370 993 2405 illam
1008 2370 1111 2405 sicut
1130 2369 1333 2415 proprium
1349 2368 1503 2415 spectat
1521 2368 1724 2415 proprium
1741 2379 1748 2403 :

249 2422 358 2468 quod
377 2422 454 2458 hoc
471 2423 523 2458 sit
540 2423 654 2469 origo
671 2423 819 2459 amoris
837 2423 1084 2469 conjugialis,
1100 2429 1210 2468 patet
1228 2423 1332 2458 clare
1351 2434 1399 2458 ex
1416 2422 1593 2468 cujusvis
1615 2421 1748 2456 furore

249 2481 390 2510 contra
406 2475 560 2516 rivales.
579 2483 620 2511 et
637 2487 686 2511 ex
703 2476 900 2523 zelotypia
916 2483 1057 2511 contra
1069 2476 1297 2511 violatores.
1332 2475 1589 2510 Versavimus
1608 2481 1749 2520 postea

249 2526 445 2574 originem
472 2528 634 2564 virtutis
660 2540 730 2564 seu
761 2529 966 2575 potentiae
996 2529 1100 2564 illius
1127 2529 1283 2568 amoris,
1306 2535 1347 2564 et
1372 2535 1454 2564 tres
1479 2534 1621 2563 contra
1646 2528 1747 2562 duos

250 2581 566 2625 praevaluerunt,
585 2582 693 2628 quod
710 2582 836 2618 virtus
862 2593 932 2617 seu
959 2582 1141 2628 potentia
1157 2593 1247 2617 cum
1270 2581 1440 2628 conjuge
1467 2581 1520 2616 sit
1541 2592 1590 2616 ex
1616 2581 1749 2626 aliqua

249 2632 411 2668 licentia
431 2644 521 2669 cum
543 2645 664 2676 sexu:
689 2635 888 2676 dixerunt,
910 2635 1018 2681 quod
1044 2636 1094 2670 ab
1115 2635 1361 2681 experientia
1381 2635 1520 2674 sciant,
1542 2634 1649 2679 quod
1677 2645 1748 2679 po-

250 2685 377 2720 tentia
397 2687 544 2722 amoris
569 2698 686 2723 sexus
707 2688 932 2734 praevaleat
954 2688 1157 2735 potentiae
1179 2688 1325 2724 amoris
1346 2687 1619 2734 conjugialis.''
1671 2686 1746 2721 His

250 2738 472 2784 subscripta
489 2747 550 2775 est
568 2740 700 2776 littera
718 2746 737 2759 ‘⁴
752 2740 805 2777 I.”

323 2789 398 2827 His
423 2792 572 2828 auditis
596 2793 869 2829 clamaverunt
893 2804 915 2830 e
941 2789 1100 2835 mensis,
1119 2798 1140 2812 “
1157 2793 1336 2830 Remove
1363 2792 1466 2828 hanc
1492 2792 1682 2832 chartam,
1705 2797 1747 2827 et

251 2843 414 2879 extrahe
431 2845 548 2880 aliam
567 2857 616 2882 ex
633 2847 768 2882 urna.”

323 2905 438 2945 107.
473 2899 523 2934 Et
550 2907 756 2936 momento
784 2901 956 2937 extraxit
980 2905 1176 2946 quartam,
1199 2911 1221 2936 e
1251 2911 1329 2946 qua
1356 2899 1453 2946 legit
1480 2898 1602 2933 haec:
1627 2896 1745 2932 “Nos

252 2955 462 3003 populares
479 2956 552 2991 sub
571 2962 707 2991 nostra
723 2955 897 2991 fenestra
911 2954 1169 2994 decrevimus,
1185 2954 1292 2999 quod
1311 2953 1424 2999 origo
1441 2951 1588 2986 amoris
1605 2949 1745 2995 conju-

251 3010 365 3058 gialis
385 3015 427 3045 et
446 3008 593 3046 amoris
618 3019 734 3045 sexus
760 3008 812 3045 sit
837 3008 988 3050 eadem,
1006 3007 1100 3054 quia
1120 3017 1169 3044 ex
1195 3007 1272 3043 hoe
1299 3006 1363 3042 ille
1385 3012 1466 3047 est;
1493 3005 1614 3041 modo
1635 3002 1743 3052 quod
