2014 3386
545 354 612 386 DE
645 352 824 386 AMORE
855 353 1282 396 CONJUGIAL1.—N.
1311 355 1404 396 233.
1635 345 1711 397 187

289 467 340 504 Et
360 478 462 503 unus
477 467 592 508 dixit,
610 467 718 513 quod
738 478 818 502 non
838 467 964 513 possit
983 467 1086 502 intra
1103 472 1264 502 centum
1282 476 1421 502 annos.

288 521 339 557 Et
357 520 449 561 dixi,
469 526 489 540 ‘⁴
504 520 661 556 Interea
678 521 775 556 estis
793 521 943 566 absque
961 519 1188 566 religione.”

289 573 339 609 Et
357 573 574 619 respondit,
597 573 778 608 “Annon
800 573 1141 608 demonstrabitur
1161 572 1345 618 primum,
1367 581 1462 606 num
1485 571 1625 618 religio
1651 571 1714 612 sit,

215 632 257 662 et
277 637 380 673 quae
398 627 454 662 ita
469 633 647 667 vocatur,
667 637 762 661 num
781 626 833 661 sit
851 626 1029 672 aliquid?
1080 625 1121 661 Si
1140 633 1211 666 est,
1227 626 1302 661 erit
1324 625 1446 660 etiarn
1467 635 1539 670 pro
1558 625 1714 670 sapien-

216 680 344 721 tibus;
378 679 411 715 si
439 690 519 715 non
545 686 618 720 est,
640 679 715 715 erit
745 680 874 714 solum
901 690 974 726 pro
1002 679 1146 725 vulgo:
1176 685 1315 714 notum
1346 685 1418 718 est,
1445 678 1553 724 quod
1575 677 1715 723 religio

216 733 374 769 dicatur
393 732 618 774 vineu1um;
645 733 715 768 sed
738 733 942 779 quaeritur
961 743 1033 778 pro
1054 731 1228 778 quibus?
1278 731 1320 767 Si
1343 732 1465 767 modo
1487 742 1560 777 pro
1580 731 1713 777 vulgo,

216 785 256 821 in
274 797 316 822 se
335 796 415 821 non
434 792 495 821 est
513 786 683 831 aliquid:
709 786 742 821 si
760 786 879 821 etiam
899 796 970 831 pro
991 785 1250 831 sapientibus,
1269 784 1365 820 est.''

287 838 364 874 His
385 839 532 874 auditis
553 839 634 874 dixi
657 838 745 879 illis,
764 844 785 857 ⁸⁴
799 838 909 874 Nihil
931 838 1063 874 minus
1084 849 1202 884 quam
1222 837 1369 873 eruditi
1392 837 1499 877 estis,
1518 837 1611 883 quia
1633 847 1713 872 non

215 892 384 937 potestis
404 892 511 927 aliud
533 892 720 939 cogitare,
743 903 863 938 quam
886 903 981 927 num
1004 892 1066 932 sit,
1089 899 1130 926 et
1156 891 1233 926 hoc
1253 902 1411 926 versare
1437 891 1476 925 in
1503 898 1715 935 utramque

214 952 390 991 partem:
416 945 504 991 quis
519 952 654 991 potest
667 945 847 980 eruditus
862 945 956 986 fieri,
973 945 1048 980 nisi
1064 945 1214 990 aliquid
1233 955 1305 990 pro
1316 950 1427 979 certo
1441 944 1551 984 sciat,
1566 950 1607 979 et
1626 954 1716 988 pro-

213 999 419 1045 grediatur
440 998 479 1033 in
503 998 611 1038 illud,
633 998 737 1034 sicut
758 998 881 1034 homo
903 998 1159 1045 progreditur
1182 1009 1204 1033 e
1224 997 1397 1044 vestigio
1424 997 1463 1031 in
1489 997 1715 1043 vestigium,

214 1058 255 1087 et
276 1052 333 1087 sic
354 1052 575 1087 successive
597 1051 636 1086 in
658 1051 926 1097 sapientiam?
976 1051 1140 1097 Alioqui
1158 1051 1349 1086 veritates
1372 1061 1421 1085 ne
1443 1050 1604 1096 quidem
1627 1056 1716 1084 tan-

214 1104 308 1152 gitis
329 1115 472 1151 ungue,
495 1105 565 1140 sed
588 1105 676 1151 plus
696 1110 737 1139 et
763 1105 852 1150 plus
878 1115 899 1140 e
925 1103 1143 1150 conspectu
1166 1104 1384 1140 removetis
1407 1104 1505 1139 illas.
1556 1103 1716 1138 Numne

215 1157 440 1193 ratiocinari
467 1158 596 1193 solum
623 1168 718 1192 num
752 1157 814 1198 sit,
841 1163 902 1193 est
935 1157 1162 1193 ratiocinari
1196 1169 1245 1193 ex
1282 1157 1399 1203 pileo,
1418 1156 1485 1202 qui
1520 1166 1715 1202 nusquam

216 1211 445 1256 imponitur,
461 1218 529 1245 aut
547 1221 595 1245 ex
613 1211 747 1246 calceo
765 1210 833 1257 qui
853 1221 933 1246 non
954 1210 1159 1246 induitur?
1210 1209 1315 1257 Quid
1337 1210 1428 1245 inde
1448 1209 1618 1255 profluit,
1639 1209 1715 1244 nisi

215 1264 322 1310 quod
343 1275 422 1299 non
441 1264 586 1304 sciatis,
605 1275 699 1298 num
715 1264 833 1299 detur
849 1264 1010 1310 aliquid,
1030 1264 1153 1299 immo
1172 1275 1267 1298 num
1286 1264 1405 1298 detur
1422 1262 1600 1303 salvatio,
1619 1273 1714 1297 num

216 1317 300 1352 vita
317 1324 478 1353 aeterna
495 1324 586 1363 post
605 1323 787 1357 mortem,
802 1328 897 1352 num
917 1328 996 1352 una
1015 1317 1154 1363 religio
1174 1317 1261 1363 plus
1278 1316 1424 1352 efficiat
1443 1326 1562 1362 quam
1581 1316 1715 1356 altera,

217 1381 311 1405 num
331 1371 483 1406 caelum
502 1377 542 1405 et
561 1370 757 1405 infernum
772 1369 880 1406 sint?
932 1370 991 1405 De
1011 1370 1073 1405 his
1086 1381 1166 1405 non
1181 1370 1357 1416 cogitare
1371 1369 1520 1414 aliquid
1537 1368 1716 1414 potestis,

215 1423 409 1470 quamdiu
437 1423 609 1458 haeretis
643 1423 682 1457 in
709 1423 838 1469 primo
866 1434 995 1469 passu,
1022 1429 1063 1458 et
1090 1423 1255 1469 pulsatis
1281 1433 1439 1457 arenam
1468 1421 1534 1462 ibi,
1552 1423 1601 1457 'et
1635 1432 1715 1456 non

218 1476 384 1511 ferendo
403 1475 514 1511 fertis
533 1477 674 1522 pedem
694 1476 800 1511 ultra
818 1477 972 1522 pedem,
988 1482 1029 1512 et
1047 1476 1352 1522 progredimini:
1374 1482 1513 1510 cavete
1524 1475 1651 1515 vobis,
1666 1485 1716 1509 ne

217 1536 372 1565 mentes
393 1536 559 1568 vestrae,
582 1529 677 1564 dum
706 1529 761 1564 ita
793 1529 890 1564 foris
915 1536 1028 1564 extra
1047 1529 1239 1575 judicium
1262 1535 1380 1568 stant,
1405 1529 1512 1563 intus
1538 1528 1718 1562 indures-

215 1590 319 1622 cant,
339 1589 380 1618 et
398 1582 495 1617 fiant
512 1589 666 1617 statuae
685 1582 789 1622 salis,
808 1589 849 1617 et
866 1593 939 1617 vos
960 1582 1078 1617 amici
1098 1583 1233 1617 uxoris
1253 1581 1408 1617 Lothi.”

290 1635 366 1671 His
386 1634 503 1670 dictis
525 1635 641 1675 abivi,
660 1642 700 1670 et
727 1635 782 1670 illi
804 1646 853 1670 ex
875 1635 1150 1682 indignatione
1172 1635 1430 1680 conjecerunt
1452 1633 1604 1679 lapides
1625 1639 1718 1679 post

217 1700 300 1730 me3
326 1696 366 1724 et
379 1695 476 1724 ωηο
490 1688 587 1723 mihi
601 1688 676 1724 visi
691 1695 785 1724 sunt
798 1689 902 1724 sicut
913 1688 1116 1735 sculptilia
1133 1699 1182 1723 ex
1199 1699 1306 1728 saxo,
1322 1688 1467 1734 quibus
1483 1687 1581 1721 nihil
1597 1686 1718 1721 ratio-

218 1742 280 1778 nis
298 1742 496 1778 humanae
519 1742 633 1777 inest.

290 1795 342 1831 Et
359 1795 535 1842 quaesivi
554 1794 719 1840 angelos
735 1794 785 1829 de
803 1800 910 1829 sorte
930 1794 1106 1834 illorum:
1133 1797 1174 1829 et
1195 1793 1391 1833 dixerunt,
1411 1797 1432 1811 “
1445 1792 1539 1828 Sors
1559 1791 1716 1827 illorum

217 1855 289 1889 est,
303 1849 410 1895 quod
426 1848 690 1894 demittantur
703 1847 742 1881 in
757 1847 1000 1893 profundum
1016 1859 1023 1888 ;
1045 1854 1086 1882 et
1101 1847 1153 1882 ibi
1170 1847 1208 1881 in
1224 1847 1438 1886 desertum,
1454 1853 1493 1881 et
1507 1846 1719 1892 adigantur

216 1902 266 1939 ad
290 1902 529 1948 portandum
552 1900 745 1940 sarcinas:
778 1906 819 1935 et
843 1907 940 1935 tunc
961 1900 1054 1946 quia
1076 1911 1155 1935 non
1179 1906 1348 1945 possunt
1369 1899 1519 1945 aliquid
1542 1898 1717 1944 proferre

218 1966 267 1992 ex
288 1955 454 1995 ratione,
475 1954 653 2001 garriunt
673 1960 714 1988 et
734 1953 954 1999 loquuntur
973 1963 1085 1994 vana,
1103 1960 1145 1989 et
1167 1953 1219 1988 ibi
1240 1963 1262 1988 e
1283 1952 1505 2000 longinquo
1525 1957 1719 1999 apparent

218 2008 323 2045 sicut
339 2007 439 2044 asini
458 2013 664 2054 portantes
681 2006 839 2042 onera.''

220 2103 349 2148 233.
379 2093 585 2135 Tertium
611 2090 911 2134 Memorabile
928 2106 997 2136 :—

294 2173 393 2208 Post
418 2173 516 2208 haec
541 2172 643 2207 dixit
667 2182 771 2207 unus
797 2183 846 2207 ex
871 2172 1035 2219 angelis,
1063 2171 1272 2218 “Sequere
1299 2182 1362 2207 me
1395 2171 1444 2207 ad
1480 2171 1626 2212 locum,
1653 2171 1720 2207 ubi

220 2225 502 2266 vociferantur,
528 2230 536 2244 ‘
547 2225 583 2261 Ο
595 2236 713 2271 quam
726 2225 948 2271 sapientes.'
958 2224 978 2237 ”
998 2223 1047 2260 Et
1059 2225 1171 2265 dixit,
1184 2230 1205 2244 ‘⁸
1217 2225 1383 2260 Videbis
1395 2231 1581 2271 portenta
1592 2224 1722 2260 horni-

221 2290 339 2319 num:
368 2279 522 2314 videbis
543 2278 663 2314 facies
688 2285 728 2314 et
753 2288 932 2324 corpora,
954 2289 1056 2325 quae
1082 2284 1176 2314 sunt
1202 2278 1388 2319 hominis,
1410 2285 1451 2314 et
1476 2285 1610 2314 tamen
1639 2288 1719 2313 non

222 2339 316 2368 sunt
334 2331 553 2367 homines.''

296 2385 347 2420 Et
365 2385 457 2425 dixi,
477 2390 497 2403 ‘⁴
511 2384 665 2420 Suntne
685 2390 784 2419 tunc
804 2383 955 2420 bestiae
967 2383 1008 2420 ?''

296 2438 533 2484 Respondit,
556 2442 576 2456 ‘¹
590 2437 681 2472 Non
704 2443 797 2472 sunt
817 2437 979 2478 bestiae,
997 2437 1067 2472 sed
1094 2436 1245 2472 bestiae
1271 2436 1476 2477 homines;
1501 2443 1594 2472 sunt
1615 2436 1720 2471 enim

219 2491 291 2538 ,qui
318 2502 478 2538 prorsus
500 2501 581 2526 non
603 2491 738 2526 videre
760 2497 938 2536 possunt,
962 2501 1055 2525 num
1078 2501 1216 2525 verum
1238 2490 1289 2525 sit
1309 2501 1458 2529 verum,
1480 2490 1542 2524 vel
1570 2500 1660 2529 non,
1682 2495 1723 2524 et

218 2539 358 2579 'tamen
378 2550 545 2590 possunt
563 2543 690 2579 facere
709 2537 754 2578 fit
772 2543 824 2578 sit
842 2554 990 2584 verum,
1009 2543 1198 2590 quicquid
1216 2543 1378 2583 volunt;
1403 2542 1503 2577 tales
1521 2542 1625 2587 apud
1649 2552 1722 2577 nos

224 2603 419 2632 vocantur
436 2595 773 2632 confirmatores.''

298 2649 348 2685 Et
369 2649 495 2685 secuti
517 2660 654 2685 sumus
675 2647 1014 2688 vociferationem,
1034 2655 1075 2684 et
1094 2648 1278 2684 venimus
1299 2648 1348 2683 ad
1376 2648 1508 2683 locum
1526 2658 1533 2687 ;
1568 2653 1609 2682 et
1630 2657 1722 2682 ecce

226 2709 367 2738 coetus
383 2702 573 2743 virorum,
593 2709 634 2737 et
651 2702 799 2738 circum
818 2709 978 2737 coetum
997 2702 1123 2741 turba,
1142 2708 1182 2736 et
1201 2701 1240 2736 in
1259 2701 1376 2736 turba
1393 2700 1514 2746 aliqui
1533 2711 1580 2735 ex
1599 2699 1722 2734 nobili

226 2761 450 2795 stemmate,
469 2755 537 2802 qui
556 2755 650 2790 dum
671 2755 908 2790 audiverunt
926 2754 1034 2800 quod
1053 2753 1335 2789 confirmarent
1354 2754 1488 2788 omnia
1502 2763 1601 2798 quae
1617 2752 1723 2786 dice-

225 2807 334 2848 bant,
356 2814 397 2844 et
421 2808 495 2843 sibi
521 2814 603 2843 tam
626 2807 840 2843 manifesto
861 2818 1058 2843 consensu
1080 2807 1270 2848 faverent,
1297 2817 1339 2842 se
1365 2811 1660 2844 converterunt,
1682 2809 1723 2839 et

227 2860 425 2901 dixerunt,
445 2866 464 2880 ‘⁴
479 2860 515 2897 O
533 2871 652 2907 quani
671 2859 907 2906 sapientes.”

301 2912 379 2949 Sed
399 2913 499 2948 dixit
518 2913 614 2948 mihi
629 2913 803 2959 angelus,
817 2918 837 2932 “
849 2912 909 2948 Ne
927 2913 1116 2948 adeamus
1132 2911 1231 2952 illos,
1246 2912 1315 2948 sed
1335 2921 1547 2946 evocemus
1565 2920 1586 2944 e
1604 2915 1723 2944 coetu

228 2975 352 3000 unum
365 2965 398 3001 :⁹¹
423 2973 463 3001 et
475 2966 740 3006 evocavimus,
755 2973 795 3001 et
809 2976 898 3001 cum
912 2966 981 3000 illo
995 2966 1241 3004 secessimus,
1256 2972 1296 3000 et
1310 2964 1432 2999 locuti
1448 2973 1583 2998 sumus
1597 2963 1723 3003 varia:

229 3026 271 3054 et
289 3019 353 3054 ille
371 3018 630 3054 confirmabat
647 3018 815 3065 singula,
834 3029 959 3064 usque
977 3025 1021 3053 ut
1039 3029 1199 3064 prorsus
1217 3024 1450 3063 apparerent
1468 3015 1570 3051 sicut
1587 3025 1692 3052 vera.
