2014 3386
303 335 385 379 116
760 346 1005 379 DELICIAE
1037 346 1345 379 SAPIENTIAE

298 466 340 495 et
365 458 523 506 juvenis
553 469 643 495 cum
669 459 904 495 consociant
929 470 972 495 se
997 459 1211 505 conjugio:
1236 465 1278 495 et
1303 458 1548 495 credidimus
1573 466 1670 506 tunc
1690 459 1799 506 quod

300 512 366 548 ilie
383 518 511 548 status
529 518 635 548 esset
653 512 738 558 ipsa
750 512 959 548 beatitudo
976 512 1084 547 vitae
1102 518 1283 553 nostrae:
1309 513 1379 548 sed
1398 512 1626 548 audivimus
1643 513 1694 548 ab
1711 513 1801 550 aliis

298 565 339 600 in
357 566 468 601 caelo
486 572 637 606 nostro,
652 571 693 600 et
711 571 851 610 postea
869 575 944 600 nos
963 565 1035 611 ipsi
1055 565 1314 611 percepimus,
1330 565 1438 611 quod
1458 565 1524 600 ille
1545 572 1676 609 status
1693 572 1801 602 esset

297 618 441 654 caloris
455 628 545 653 cum
563 618 650 653 luce
668 628 750 653 non
764 617 988 663 temperati,
1003 624 1043 653 et
1057 618 1166 663 quod
1184 618 1408 653 successive
1422 624 1678 664 temperetur,
1693 618 1800 654 sicut

298 671 464 706 maritus
486 670 689 717 perficitur
708 670 914 716 sapientia,
936 677 977 706 et
1002 681 1102 705 uxor
1126 677 1233 705 amat
1259 671 1366 706 illam
1390 670 1429 705 in
1452 671 1606 711 marito,
1625 677 1667 706 et
1687 671 1798 718 quod

296 723 375 759 hoc
402 723 471 758 fiat
501 734 571 769 per
595 734 690 758 usus
718 729 759 758 et
788 723 1007 758 secundum
1035 723 1135 763 illos,
1157 734 1258 769 quos
1283 730 1451 769 uterque
1478 731 1619 759 mutuo
1648 724 1801 760 auxilio

297 783 474 823 praestat
492 776 532 811 in
550 776 766 816 societate3
791 783 878 811 tum
892 776 1001 822 quod
1021 776 1187 812 deliciae
1201 776 1422 811 secundum
1437 777 1672 822 temperiem
1693 777 1799 812 calo-

296 829 349 865 ris
376 836 417 864 et
443 829 554 870 lucis,
576 840 647 864 seu
673 829 892 874 sapientiae
920 835 961 864 et
987 829 1074 874 ejus
1099 829 1256 869 amoris,
1279 830 1507 871 succedant.
1560 828 1679 876 Quod
1707 840 1798 866 cum

297 882 715 929 appropinquavimus,
733 881 927 917 afflaverit
951 888 992 917 te
1019 882 1123 917 sicut
1147 882 1256 917 calor
1274 882 1457 923 vernalis,
1477 888 1538 918 est
1564 882 1659 928 quia
1684 893 1799 918 amor

295 935 533 981 conjugialis
551 941 591 970 et
613 934 679 970 ille
699 935 808 970 calor
829 935 869 969 in
890 935 1002 970 caelo
1024 940 1163 970 nostro
1181 945 1304 968 unum
1326 942 1462 980 agunt,
1481 942 1543 971 est
1565 935 1670 970 enim
1690 935 1799 971 calor

295 988 401 1033 apud
423 999 496 1023 nos
517 999 639 1029 amor,
661 994 703 1023 et
723 988 792 1022 lux
812 998 902 1022 cum
926 998 1005 1033 qua
1025 987 1162 1022 unitur
1182 987 1300 1027 calor,
1322 995 1384 1023 est
1406 988 1614 1033 sapientia,
1636 999 1682 1024 ac
1702 999 1798 1024 usus

295 1047 357 1076 est
378 1040 482 1076 sicut
502 1041 796 1086 atmosphaera‚
814 1051 916 1086 quae
938 1040 978 1075 in
1000 1040 1089 1076 sinu
1110 1051 1185 1075 suo
1205 1040 1387 1075 continet
1410 1048 1637 1087 utrumque.
1688 1040 1797 1088 Quid

296 1094 406 1130 calor
434 1100 475 1129 et
504 1094 572 1129 lux
601 1094 751 1140 absque
779 1104 854 1129 suo
883 1092 1144 1128 continente?
1182 1093 1238 1128 ita
1266 1093 1361 1139 quid
1392 1104 1504 1128 amor
1534 1101 1575 1128 et
1599 1093 1799 1140 sapientia

295 1147 445 1192 absque
466 1157 540 1182 suo
560 1146 664 1182 usu?
691 1158 771 1182 non
792 1153 854 1182 est
875 1146 1099 1193 conjugiale
1118 1146 1156 1180 in
1180 1146 1267 1186 illis,
1286 1145 1379 1192 quia
1396 1145 1632 1192 subjeetum,
1655 1146 1695 1181 in
1715 1157 1797 1193 quo

295 1200 387 1240 sint,
406 1210 487 1234 non
506 1206 578 1236 est.
630 1199 676 1235 In
694 1199 817 1240 caelo,
831 1199 898 1234 ubi
917 1199 1026 1234 calor
1037 1199 1211 1234 vernalis
1229 1202 1300 1239 est,
1316 1199 1370 1234 ibi
1389 1205 1449 1234 est
1466 1210 1580 1234 amor
1591 1210 1684 1235 vere
1701 1210 1797 1235 con·

294 1252 474 1298 jugialis:
500 1252 609 1298 quod
629 1252 681 1287 ibi
696 1252 759 1293 sit,
775 1258 836 1288 est
853 1263 982 1292 causa,
997 1251 1091 1298 quia
1109 1262 1188 1287 non
1207 1251 1301 1287 alibi
1321 1259 1382 1287 est
1401 1252 1572 1293 vernale,
1587 1262 1705 1298 quam
1723 1251 1793 1287 ubi

295 1305 405 1342 calor
422 1316 472 1340 ex
489 1316 618 1351 aequo
639 1305 775 1341 unitus
792 1312 854 1340 est
874 1305 964 1345 luci,
983 1316 1052 1340 seu
1073 1304 1140 1340 ubi
1167 1311 1324 1340 tantum
1347 1305 1489 1340 caloris
1507 1311 1579 1345 est,
1598 1310 1796 1351 quantum

295 1357 407 1398 lucis,
429 1360 475 1395 ac
497 1357 692 1399 vicissim:
719 1364 760 1393 et
785 1364 1052 1398 autumamus,
1074 1358 1182 1404 quod
1208 1358 1312 1393 sicut
1338 1358 1445 1393 calor
1470 1357 1681 1393 deliciatur
1704 1368 1796 1393 eum

295 1410 395 1452 luce,
413 1418 454 1446 et
471 1411 538 1445 lux
556 1411 731 1446 vicissim
750 1421 840 1446 cum
858 1411 1001 1451 calore,
1022 1410 1077 1445 ita
1096 1421 1208 1445 amor
1225 1421 1315 1446 cum
1338 1410 1543 1456 sapientia,
1562 1417 1603 1446 et
1619 1410 1794 1446 vicissim

295 1463 491 1509 sapientia
508 1475 598 1499 cum
620 1463 795 1499 amore.''
847 1463 973 1499 Porro
995 1463 1106 1504 dixit,
1125 1464 1233 1509 quod
1253 1464 1391 1509 “apud
1419 1474 1492 1500 nos
1515 1464 1554 1498 in
1575 1464 1686 1499 caelo
1707 1474 1796 1510 per·

296 1523 416 1562 petua
433 1516 501 1551 lux
518 1517 581 1557 sit,
600 1523 641 1552 et
659 1527 856 1562 nusquam
875 1517 1016 1552 umbra
1032 1527 1231 1562 vesperae,
1252 1516 1382 1552 minus
1399 1518 1599 1557 tenebrae,
1617 1515 1712 1562 quia
1731 1515 1792 1552 sol

295 1577 433 1605 noster
446 1580 526 1605 non
545 1570 693 1605 occidit
711 1568 892 1605 et'oritur
904 1570 1007 1605 sicut
1020 1576 1154 1604 vester
1167 1570 1238 1609 sol,
1253 1570 1322 1605 sed
1341 1576 1423 1605 stat
1439 1570 1588 1616 jugiter
1602 1569 1641 1604 in
1660 1569 1794 1605 medio

295 1623 399 1658 inter
415 1623 550 1658 zenith
571 1629 612 1658 et
633 1622 894 1663 horizontem,
912 1622 1020 1668 quod
1047 1629 1108 1657 est
1129 1623 1349 1658 secundum
1367 1629 1544 1658 vestrum
1567 1632 1794 1658 sermonem

296 1676 336 1710 in
357 1676 482 1722 gradu
510 1675 608 1711 caeli
635 1684 702 1720 453
729 1676 821 1710 inde
847 1682 908 1711 est
928 1675 1036 1721 quod
1063 1675 1172 1710 calor
1192 1682 1232 1710 et
1258 1675 1324 1710 lux
1351 1675 1613 1720 procedentes
1634 1685 1684 1710 ex
1708 1674 1794 1710 sole

294 1736 435 1764 nostro
461 1728 608 1764 faciant
633 1735 870 1774 perpetuum
891 1739 970 1768 ver,
989 1734 1030 1763 et
1048 1728 1156 1773 quod
1183 1735 1419 1773 perpetuum
1440 1728 1602 1763 vernale
1627 1727 1794 1773 inspiret

295 1781 372 1816 illis
399 1781 506 1826 apud
528 1792 629 1827 quos
656 1791 768 1816 amor
788 1792 837 1816 ex
857 1791 987 1826 aequo
1013 1781 1150 1815 unitur
1169 1791 1260 1815 cum
1287 1780 1502 1825 sapientia;
1529 1787 1569 1815 et
1593 1779 1791 1816 Dominus

294 1840 432 1869 noster
449 1845 519 1879 per
535 1833 678 1869 caloris
693 1839 737 1869 et
755 1834 854 1868 lucis
872 1833 1061 1868 unionem
1079 1840 1282 1868 aeternam
1301 1844 1381 1868 non
1399 1833 1507 1868 aliud
1527 1832 1652 1878 spirat
1670 1843 1791 1878 quam

293 1897 410 1927 usus:
436 1886 528 1922 inde
553 1886 675 1922 etiam
701 1893 795 1922 sunt
819 1886 1131 1932 germinationes
1157 1886 1310 1921 telluris
1335 1892 1502 1925 vestrae,
1525 1891 1566 1920 et
1591 1884 1794 1921 connubia

292 1939 516 1975 volatilium
544 1945 585 1974 et
612 1939 842 1974 animalium
868 1945 1108 1979 vestrorum,
1125 1938 1373 1984 temporibus
1398 1938 1524 1978 veris:
1551 1938 1660 1973 calor
1684 1938 1791 1973 enim

292 1992 464 2027 vernalis
493 1992 622 2037 aperit
652 1992 840 2027 interiora
870 1991 1027 2026 illorum
1058 2002 1183 2036 usque
1211 1991 1261 2026 ad
1293 1991 1444 2030 intima,
1466 2001 1568 2037 quae
1595 1997 1793 2026 vocantur

294 2045 451 2080 animae
470 2045 638 2084 illorum,
657 2051 698 2079 et
724 2044 795 2079 has
812 2043 945 2084 afficit,
968 2051 1007 2079 et
1028 2044 1086 2080 eis
1113 2044 1217 2079 indit
1237 2044 1463 2090 conjugiale
1485 2055 1612 2084 suum,
1634 2050 1676 2078 et
1697 2043 1793 2079 facit

293 2104 339 2132 ut
357 2098 580 2143 prolificum
601 2097 758 2132 illorum
781 2097 820 2131 in
839 2107 931 2132 suas
950 2097 1113 2132 delicias
1133 2097 1269 2132 veniat
1287 2107 1336 2132 ex
1357 2097 1551 2132 continuo
1572 2102 1720 2132 conatu
1741 2095 1792 2131 ad

294 2151 520 2186 faciendum
546 2161 642 2186 usus
669 2149 832 2190 fruetus,
851 2150 919 2196 qui
946 2156 1007 2185 est
1034 2150 1270 2196 propagatio
1296 2150 1357 2184 sui
1383 2149 1553 2195 generis.
1603 2150 1660 2184 At
1684 2148 1791 2194 apud

294 2204 478 2239 homines
496 2210 556 2238 est
574 2210 790 2249 perpetuus
809 2203 980 2238 influxus
994 2203 1137 2238 caloris
1150 2202 1321 2238 vernalis
1339 2213 1363 2238 a
1382 2202 1579 2243 Domino;
1600 2213 1721 2248 quare
1735 2201 1792 2237 illi

293 2257 403 2293 omni
430 2263 622 2302 tempore,
644 2256 765 2291 etiam
794 2255 833 2290 in
862 2256 993 2291 media
1020 2256 1161 2295 hieme,
1184 2256 1360 2291 deliciari
1386 2255 1576 2301 conjugio
1602 2261 1792 2300 possunt:

292 2310 366 2346 viri
383 2310 489 2345 enim
504 2309 626 2344 creati
641 2316 734 2344 sunt
749 2309 999 2354 receptiones
1013 2309 1124 2349 lucis,
1139 2308 1216 2343 hoc
1237 2315 1308 2348 est,
1324 2308 1544 2353 sapientiae
1561 2318 1585 2343 a
1604 2307 1789 2348 Domino,

292 2370 333 2399 et
354 2362 526 2398 feminae
546 2368 702 2397 creatae
723 2368 817 2397 sunt
839 2362 1088 2407 receptiones
1114 2361 1268 2402 caloris,
1288 2362 1364 2396 hoc
1385 2367 1446 2396 est
1466 2360 1613 2396 amoris
1634 2360 1790 2406 sapien-

291 2416 371 2451 tiae
392 2415 466 2451 viri
488 2426 512 2450 a
533 2414 721 2450 Domino.
773 2414 872 2450 Inde
893 2425 1000 2450 nunc
1021 2421 1095 2455 est,
1114 2415 1222 2460 quod
1246 2415 1348 2449 sicut
1369 2413 1790 2459 appropinquavimus,

292 2468 486 2504 afflaverit
503 2474 544 2503 te
558 2467 666 2502 calor
678 2468 850 2503 vernalis
867 2478 958 2503 cum
976 2468 1233 2517 suaveolente
1247 2474 1382 2508 ociore,
1396 2467 1499 2502 sicut
1513 2477 1561 2502 ex
1575 2465 1789 2512 primitivis

294 2521 332 2556 in
351 2520 478 2556 hortis
498 2527 538 2555 et
555 2520 696 2566 agris.”

366 2574 441 2609 His
459 2572 575 2608 dietis
597 2573 708 2608 dedit
726 2573 824 2608 mihi
845 2573 907 2609 vir
926 2574 1119 2612 dextram,
1138 2579 1179 2608 et
1201 2571 1367 2608 deduxit
1389 2582 1452 2607 me
1473 2571 1523 2607 ad
1546 2571 1699 2612 domos,
1719 2570 1787 2606 ubi

291 2633 406 2662 erant
432 2626 624 2673 conjuges
654 2626 694 2661 in
724 2626 843 2662 simili
872 2627 970 2662 flore
997 2626 1141 2662 aetatis
1175 2626 1214 2660 in
1249 2636 1331 2671 quo
1361 2625 1440 2666 illi;
1479 2631 1519 2660 et
1548 2624 1649 2659 dixit
1677 2623 1786 2670 quod

292 2691 436 2716 uxores
462 2679 562 2719 illae,
591 2689 697 2714 nunc
722 2679 831 2714 visae
860 2679 964 2715 sicut
990 2679 1175 2725 virgines,
1203 2678 1351 2713 fuerint
1382 2678 1421 2713 in
1450 2677 1602 2712 mundo
1629 2676 1786 2712 vetulae

291 2744 410 2773 anus:
436 2739 477 2768 et
503 2732 644 2772 mariti,
667 2742 772 2767 nunc
794 2732 869 2767 visi
895 2732 999 2767 sicut
1019 2732 1303 2771 adolescentes,
1326 2731 1474 2766 fuerint
1501 2730 1553 2765 ibi
1579 2740 1694 2765 senes
1719 2729 1789 2764 de-

291 2786 454 2831 crepiti:
492 2792 533 2821 et
567 2785 675 2830 quod
705 2795 844 2820 omnes
875 2784 931 2819 illi
961 2795 985 2820 a
1019 2784 1194 2820 Domino
1229 2784 1268 2818 in
1303 2791 1477 2819 aetatem
1514 2783 1616 2818 hanc
1651 2782 1788 2817 flores-

291 2846 449 2874 centem
483 2837 633 2874 reducti
667 2837 759 2877 sint,
789 2837 883 2883 quia
915 2843 1149 2872 amaverunt
1183 2847 1224 2872 se
1260 2844 1411 2877 mutuo,
1442 2843 1483 2871 et
1511 2846 1561 2870 ex
1595 2834 1787 2881 religione

291 2891 480 2938 fugerunt
504 2890 700 2926 adulteria
724 2896 768 2924 ut
794 2897 957 2935 peccata
981 2889 1180 2925 enormia:
1215 2895 1255 2925 et
1281 2889 1381 2924 dixit
1407 2889 1514 2935 quod
1542 2899 1661 2923 nemo
1685 2887 1786 2923 sciat

291 2946 409 2980 beata
428 2944 604 2990 jucunda
623 2943 770 2979 amoris
787 2942 1036 2988 conjugialis,
1055 2942 1130 2977 nisi
1152 2942 1219 2987 qui
1243 2942 1371 2987 rejicit
1393 2942 1591 2976 horrenda
1610 2941 1787 2987 jucunda

291 2997 495 3039 adulterii;
525 3003 565 3034 et
585 2996 693 3043 quod
720 3006 840 3032 nemo
865 2995 963 3031 haec
985 2995 1148 3041 rejicere
1170 2995 1297 3041 possit
1319 2994 1392 3030 nisi
1414 2994 1481 3041 qui
1503 2994 1607 3040 sapit
1628 3004 1676 3030 ex
1703 2993 1784 3029 Do-
