2014 3386
295 350 373 395 152
752 350 995 383 DELICIAE
1027 349 1331 383 SAPIENTIAE
1365 378 1370 382 .

286 462 513 509 genitalem,
528 461 595 497 ubi
611 461 745 498 omnia
759 462 935 498 derivata
952 473 975 498 a
989 462 1116 508 prima
1129 463 1282 509 origine
1295 462 1413 499 simul
1428 469 1532 504 sunt,
1548 469 1588 499 et
1601 474 1682 500 una
1695 474 1786 500 cum

286 515 520 551 successivis
538 515 688 550 faciunt
706 526 882 551 amorem
903 516 1181 562 conjugialem.

360 568 459 604 Post
472 568 571 604 haec
583 569 712 615 angeli
726 569 924 609 dixerunt,
943 573 964 587 ¹‘
977 568 1038 604 Sit
1058 569 1342 604 commercium
1364 570 1558 605 sermonis
1579 581 1650 616 per
1667 569 1789 606 inter-

286 621 516 667 rogationes
541 627 594 656 et
602 632 802 667 responsa,
821 621 1010 667 quoniam
1033 622 1237 682 perceptio
1259 622 1314 657 rei
1337 623 1481 658 hausta
1499 634 1550 658 ex
1569 623 1656 658 sola
1677 623 1790 658 audi-

285 674 397 709 tione
414 674 575 720 quidem
595 674 736 715 influit,
756 674 825 709 sed
853 685 935 710 non
962 681 1107 716 manet,
1126 675 1201 710 nisi
1226 675 1393 712 audiens
1418 676 1538 711 etiam
1564 676 1716 723 cogitet
1737 677 1788 712 de

287 726 355 762 illa
371 738 421 762 ex
437 738 489 767 se,
509 738 555 762 ac
573 727 828 773 interrogetl'

358 780 472 815 Tunc
485 780 648 825 quidam
663 791 712 815 ex
726 779 942 826 conjugiali
958 780 1026 815 illo
1039 786 1157 815 coetu
1172 780 1359 815 dixerunt
1373 781 1423 816 ad
1437 781 1613 827 angelos,
1628 785 1649 800 “
1661 781 1789 817 Audi-

285 832 416 868 vimus
441 833 549 878 quod
576 833 689 879 origo
710 833 859 868 amoris
885 833 1124 879 conjugialis
1150 833 1204 868 sit
1231 833 1378 869 Divina
1398 834 1591 875 caelestis,
1614 835 1708 880 quia
1727 842 1789 870 est

287 897 337 921 ex
355 886 505 920 influxu
524 886 563 920 in
582 886 735 921 animas
755 886 963 922 hominum
985 897 1009 921 a
1032 886 1228 928 Domino;
1255 894 1295 922 et
1313 887 1408 933 quia
1427 898 1451 922 a
1473 887 1660 928 Domino,
1679 889 1788 934 quod

286 939 368 974 sint
389 950 510 980 amor,
529 939 735 984 sapientia,
758 946 799 974 et
819 950 925 980 usus,
948 950 1049 985 quae
1070 946 1164 975 sunt
1188 940 1265 975 tria
1285 940 1523 981 essentialia,
1545 951 1648 986 quae
1669 941 1789 976 simul

287 992 439 1028 faciunt
457 1003 577 1027 unam
596 992 810 1027 essentiam
830 991 1031 1033 Divinam,
1051 998 1093 1027 et
1110 993 1219 1039 quod
1238 1003 1319 1028 non
1337 993 1446 1028 aliud
1465 994 1591 1039 possit
1609 1005 1729 1040 quam
1748 994 1787 1028 id

287 1045 396 1090 quod
415 1051 478 1080 est
495 1045 692 1080 essentiae
710 1045 881 1080 Divinae
899 1046 948 1080 ab
970 1045 1063 1091 Ipso
1083 1046 1309 1092 procedere,
1327 1057 1374 1081 ac
1395 1046 1435 1080 in
1457 1046 1642 1082 intimum
1661 1047 1789 1082 homi-

287 1098 361 1138 nis,
375 1098 485 1144 quod
503 1105 672 1133 vocatur
689 1098 775 1144 ejus
789 1098 934 1139 anima,
949 1098 1135 1140 influere;
1161 1105 1202 1134 et
1221 1099 1331 1144 quod
1350 1099 1417 1134 illa
1433 1099 1510 1134 tria
1522 1106 1731 1135 vertantur
1748 1100 1787 1134 in

287 1152 456 1197 analoga
477 1157 517 1186 et
546 1151 904 1197 correspondentia
934 1151 973 1186 in
1001 1152 1196 1187 descensu
1228 1152 1267 1186 in
1297 1162 1465 1198 corpus:
1499 1152 1789 1199 interrogamus

289 1204 423 1249 itaque
450 1215 555 1239 nunc
577 1204 760 1249 primurn,
784 1203 890 1250 Quid
914 1204 1153 1251 intelligitur
1179 1216 1250 1250 per
1274 1205 1439 1241 tertium
1461 1206 1674 1242 essentiale
1699 1217 1790 1254 pro-

288 1257 436 1292 cedens
457 1256 658 1297 Divinum,
677 1257 785 1302 quod
805 1256 956 1291 dictum
975 1264 1036 1293 est
1054 1269 1148 1293 usus
1158 1257 1198 1294 ?¹'

361 1310 672 1355 Responderunt
693 1309 836 1356 angeli,
858 1310 967 1356 quod
998 1321 1111 1346 amor
1139 1317 1181 1346 et
1210 1310 1409 1356 sapientia
1425 1311 1575 1357 absque
1604 1322 1679 1347 usu
1708 1311 1790 1347 sint

288 1363 411 1398 modo
430 1363 542 1398 ideae
560 1362 818 1409 cogitationis
836 1362 1068 1404 abstrac'tae,
1081 1374 1182 1409 quae
1197 1364 1317 1399 etiam
1338 1371 1429 1409 post
1447 1364 1619 1410 aliquam
1635 1375 1788 1400 moram

288 1416 328 1450 in
347 1422 482 1451 mente
499 1422 707 1451 transeunt
725 1416 828 1451 sicut
841 1416 951 1451 venti
965 1428 972 1458 ;
1000 1421 1020 1435 ‘⁴
1032 1423 1073 1451 at
1087 1417 1153 1451 illa
1167 1417 1248 1452 duo
1262 1417 1508 1464 colliguntur
1522 1417 1561 1452 in
1575 1428 1660 1458 usu,
1675 1425 1717 1453 et
1735 1418 1788 1452 ibi

288 1468 390 1503 fiunt
404 1480 538 1509 unum,
552 1469 659 1514 quod
671 1475 840 1504 vocatur
853 1470 957 1504 reale
969 1481 976 1510 ;
998 1480 1078 1504 non
1091 1476 1225 1516 potest
1236 1481 1349 1505 amor
1359 1470 1560 1516 quiescere
1572 1470 1646 1506 nisi
1659 1470 1788 1510 faciat,

288 1528 351 1557 est
367 1521 473 1557 enim
491 1533 605 1556 amor
623 1521 752 1567 ipsum
771 1522 879 1557 vitae
896 1521 1082 1563 activum,
1101 1533 1175 1558 nec
1196 1529 1330 1568 potest
1351 1523 1545 1569 sapientia
1562 1524 1730 1559 existere
1748 1531 1789 1559 et

288 1575 514 1615 subsistere,
530 1574 605 1610 nisi
623 1586 672 1609 ex
690 1585 826 1610 amore
844 1581 885 1610 et
902 1586 991 1610 cum
1009 1575 1078 1611 illo
1091 1576 1255 1621 quando
1269 1576 1374 1617 facit,
1389 1587 1436 1611 ac
1454 1576 1583 1612 facere
1598 1583 1660 1612 est
1675 1587 1788 1617 usus:

288 1638 411 1673 quare
429 1627 642 1663 definimus
661 1639 788 1668 usum,
807 1629 915 1674 quod
934 1628 986 1664 sit
1007 1628 1135 1664 facere
1154 1630 1303 1664 bonum
1326 1640 1375 1664 ex
1395 1640 1530 1665 amore
1549 1641 1618 1675 per
1635 1629 1790 1675 sapien-

288 1681 409 1722 tiam;
439 1692 532 1715 usus
555 1687 616 1715 est
643 1680 773 1726 ipsum
795 1682 958 1716 bonum.
1009 1680 1212 1728 Quoniam
1240 1682 1307 1717 illa
1331 1682 1417 1723 tria,
1438 1693 1561 1723 amor,
1583 1682 1788 1728 sapientia,

288 1740 330 1768 et
346 1744 451 1774 usus,
468 1733 640 1768 influunt
655 1734 694 1768 in
713 1734 866 1769 animas
882 1734 1102 1775 hominum,
1117 1741 1301 1770 constare
1316 1741 1461 1780 potest,
1476 1735 1582 1770 unde
1600 1742 1662 1770 est
1678 1736 1787 1782 quod

289 1786 455 1826 dicatur,
474 1787 582 1832 quod
601 1798 721 1822 omne
738 1787 889 1822 bonum
911 1787 965 1822 sit
981 1798 1004 1823 a
1023 1787 1132 1828 Deo;
1159 1798 1278 1823 omne
1293 1788 1399 1823 enim
1418 1787 1566 1823 fadum
1585 1799 1635 1823 ex
1652 1798 1789 1824 amore

289 1850 360 1885 per
384 1839 620 1884 sapientiam
645 1846 812 1875 vocatur
832 1840 993 1880 bonum,
1012 1846 1053 1875 et
1077 1851 1172 1875 usus
1197 1847 1259 1875 est
1284 1851 1444 1887 quoque
1469 1839 1630 1876 factum.
1680 1839 1786 1888 Quid

288 1902 402 1926 amor
426 1892 576 1937 absque
602 1892 809 1937 sapientia,
829 1892 904 1927 nisi
931 1893 1133 1938 quoddam
1154 1893 1337 1929 fatuum?
1371 1899 1412 1928 et
1437 1894 1533 1939 quid
1559 1904 1672 1929 amor
1695 1904 1787 1929 cum

289 1944 485 1990 sapientia
504 1945 653 1991 absque
668 1956 754 1985 usu,
770 1945 846 1980 nisi
865 1945 983 1980 flatus
998 1945 1144 1981 mentis
1156 1946 1173 1981 ?
1222 1946 1279 1981 At
1295 1957 1392 1981 vero
1405 1957 1519 1981 amor
1532 1953 1573 1981 et
1590 1947 1788 1992 sapientia

289 2008 380 2032 cum
401 2008 475 2032 usu
497 2008 578 2032 non
601 1998 722 2032 modo
740 1997 893 2032 faciunt
911 1998 1126 2039 hominem,
1145 1998 1214 2034 sed
1233 1998 1352 2034 etiam
1371 2005 1465 2034 sunt
1485 1999 1627 2035 homo:
1653 1999 1788 2040 immo,

288 2050 397 2095 quod
419 2049 523 2085 forte
542 2050 793 2091 mirabimini,
813 2057 1034 2096 propagant
1049 2051 1273 2092 hominem;
1300 2063 1391 2086 nam
1411 2052 1450 2086 in
1469 2052 1619 2088 semine
1633 2052 1707 2088 viri
1727 2060 1788 2088 est

288 2103 376 2148 ejus
393 2103 525 2137 anima
543 2103 582 2137 in
602 2102 777 2148 perfecta
794 2102 923 2138 forma
940 2104 1128 2144 humana,
1148 2104 1334 2139 obvelata
1350 2105 1582 2140 substantiis
1601 2116 1648 2140 ex
1663 2106 1789 2151 puris-

289 2154 401 2190 simis
422 2161 599 2194 naturae,
619 2166 666 2189 ex
688 2155 832 2200 quibus
849 2155 1046 2190 formatur
1062 2167 1207 2201 corpus
1229 2157 1268 2190 in
1290 2163 1404 2192 utero
1424 2156 1581 2197 matris3
1608 2157 1674 2192 hic
1693 2168 1789 2192 usus

289 2214 351 2242 est
363 2218 457 2242 usus
470 2218 677 2252 supremus
690 2219 735 2242 ac
746 2207 911 2243 ultimus
925 2207 1057 2243 Divini
1072 2209 1218 2244 amoris
1234 2220 1303 2254 per
1318 2209 1502 2244 Divinam
1515 2209 1789 2255 sapientiam.”

290 2260 469 2295 Tandem
489 2260 676 2294 dixerunt
692 2260 833 2306 angeli,
854 2265 874 2278 “
886 2260 976 2296 Hoc
994 2261 1068 2296 erit
1086 2262 1328 2301 conclusum,
1348 2263 1457 2308 quod
1476 2263 1606 2298 omnis
1623 2261 1788 2298 fruenti-⁷

290 2313 407 2353 catio,
423 2312 552 2347 omnis
567 2313 801 2358 propagatio
819 2320 860 2348 et
877 2314 1008 2349 omnis
1022 2314 1259 2359 prolificatio
1274 2315 1324 2350 sit
1342 2315 1552 2361 originitus
1570 2327 1619 2351 ex
1637 2316 1787 2351 influxu

290 2365 447 2406 amoris,
477 2365 696 2410 sapientiae
730 2372 770 2400 et
806 2377 902 2401 usus
938 2377 962 2402 a
1000 2367 1187 2408 Domino,
1221 2378 1269 2403 ex
1303 2368 1453 2403 influxu
1492 2369 1726 2404 immediato
1764 2379 1788 2404 a

292 2418 470 2453 Domino
493 2418 531 2452 in
554 2419 705 2453 animas
724 2419 943 2460 hominum,
962 2430 1011 2455 ex
1034 2420 1186 2454 influxu
1205 2421 1382 2456 mediato
1404 2421 1443 2455 in
1466 2421 1617 2457 animas
1638 2421 1788 2456 anima*

291 2471 399 2511 lium,
415 2477 455 2506 et
473 2482 522 2506 ex
541 2471 691 2505 influxu
710 2471 841 2507 adhuc
856 2472 1032 2508 mediato
1051 2473 1090 2507 in
1111 2473 1251 2508 intima
1264 2473 1567 2520 vegetabilium:
1592 2480 1632 2509 et
1653 2474 1788 2509 omnia

291 2524 390 2559 haec
415 2523 518 2558 fiunt
544 2524 583 2558 in
610 2524 760 2559 ultimis
786 2535 809 2559 a
835 2525 983 2570 primis.
1034 2524 1152 2572 Quod
1176 2525 1512 2567 fructificationes,
1535 2527 1788 2573 propagatio-

292 2587 372 2618 nes,
394 2582 435 2612 et
460 2576 771 2622 prolificationes
793 2577 874 2612 sint
895 2577 1218 2613 continuationes
1239 2579 1459 2620 creationis,
1481 2586 1613 2625 patet:
1638 2579 1788 2614 creatio

292 2629 397 2665 enim
418 2640 500 2664 non
522 2635 656 2689 potest
677 2630 836 2665 aliunde
857 2641 955 2671 esse,
974 2641 1093 2677 quarn
1115 2642 1163 2667 ex
1186 2630 1332 2667 Divino
1353 2642 1487 2667 amore
1509 2643 1578 2678 per
1599 2631 1787 2667 Divinam

292 2682 528 2728 sapientiam
551 2682 590 2716 in
614 2681 762 2717 Divino
783 2694 877 2724 usu;
903 2694 1026 2729 quare
1043 2683 1178 2718 omnia
1200 2684 1239 2718 in
1260 2684 1447 2720 universo
1467 2695 1516 2720 ex
1536 2696 1620 2726 usu,
1641 2684 1680 2720 in
1701 2695 1787 2743 usu,¹

293 2741 332 2771 et
349 2735 398 2770 ad
417 2746 544 2775 usum,
564 2742 822 2780 procreantur
839 2742 879 2771 et
897 2735 1154 2771 formantur.'

367 2788 514 2823 Postea
539 2788 723 2823 sedentes
749 2799 867 2834 super
890 2789 989 2825 toris
1014 2788 1226 2835 gramineis
1248 2788 1592 2835 interrogaverunt
1613 2789 1787 2836 angelos,

294 2840 445 2876 “Unde
470 2847 563 2876 sunt
589 2841 754 2876 deliciae
779 2841 925 2877 amoris
951 2841 1198 2888 conJugialis,
1225 2853 1327 2888 quae
1356 2849 1452 2878 sunt
1482 2842 1788 2909 innumerabiles

294 2899 334 2929 et
352 2893 570 2928 ineffabiles
584 2892 612 2929 ?'
616 2892 624 2906 ’

369 2946 679 2991 Responderunt
699 2946 841 2992 angeli,
863 2946 972 2992 quod
994 2946 1074 2982 sint
1094 2957 1143 2982 ex
1163 2947 1299 2982 usibus
1319 2947 1467 2983 amoris
1487 2953 1529 2983 et
1549 2947 1787 2993 sapientiae;

297 3005 338 3034 et
358 2999 466 3046 quod
488 2999 566 3034 hoc
585 2998 712 3034 videri
734 2999 860 3045 possit
887 3010 934 3035 ex
962 3010 1021 3041 eo,
1042 2999 1150 3046 quod
1183 3006 1376 3046 quantum
1398 2999 1486 3046 quis
1514 3006 1622 3036 amat
1650 3010 1788 3046 sapere
