2014 3386
568 340 635 372 DE
666 338 845 372 AMORE
876 338 1297 381 CONJUGIAL1.—N.
1323 338 1420 382 415.
1661 340 1744 383 319

241 455 326 491 vita
338 459 431 501 post
446 453 645 490 mortem?
667 463 816 488 numne
830 452 938 499 prius
952 451 1171 498 negavistis
1187 451 1307 492 illam,
1322 457 1362 486 et
1379 450 1530 486 fecistIS
1544 461 1616 486 vos
1630 462 1745 497 pares

242 508 382 544 bestiis
394 507 412 543 ?
462 506 567 542 Num
581 506 691 552 prius
705 506 879 541 scivistis
893 505 1043 551 aliquid
1059 505 1109 540 de
1123 505 1234 540 caelo
1249 511 1290 539 et
1305 504 1472 545 inferno,
1483 515 1578 538 num
1593 502 1743 550 aliquid

241 562 292 597 de
310 562 397 597 luce
417 567 459 596 et
478 560 610 596 calore
629 559 748 605 hujus
767 558 935 594 mundi?
969 569 1064 593 num
1090 558 1141 593 de
1166 569 1216 593 eo
1241 558 1350 603 quod
1370 569 1450 593 non
1469 557 1639 603 amplius
1657 557 1744 593 sitis

241 615 347 650 intra
363 621 557 654 naturam,
572 613 642 649 sed
661 624 781 659 supra
799 611 933 648 illam?
958 618 1021 648 est
1038 612 1145 647 enim
1164 611 1229 646 hic
1248 612 1422 646 mundus
1439 618 1480 646 et
1498 617 1592 646 sunt
1609 611 1746 646 omnia

240 667 327 713 ejus
341 666 574 713 spiritualia,
586 676 632 701 ac
645 665 869 711 spiritualia
881 671 975 700 sunt
988 675 1107 710 supra
1121 664 1327 704 naturalia,
1341 664 1443 699 adeo
1457 670 1502 698 ut
1516 674 1566 699 ne
1580 663 1744 709 quidem

241 720 450 755 minimum
468 725 635 754 naturae
654 718 785 764 possit
811 718 851 753 in
878 717 987 752 hunc
1013 717 1208 752 mundum
1235 716 1423 757 influere;
1457 717 1527 752 sed
1555 727 1626 752 vos
1652 716 1746 762 quia

241 779 421 808 naturam
437 772 664 808 credidistis
678 772 799 807 deum
817 771 882 806 vel
900 771 1027 811 deam,
1042 770 1205 806 creditis
1223 769 1344 805 etiam
1363 770 1494 805 lucem
1513 776 1553 805 et
1571 769 1744 805 calorem

241 826 360 872 hujus
381 825 519 860 mundi
538 836 624 860 esse
642 825 772 860 lucem
791 830 832 859 et
852 824 1025 859 calorem
1044 823 1183 858 mundi
1203 823 1406 863 naturalis,
1425 834 1516 858 cum
1534 829 1670 858 tamen
1693 833 1744 858 ne

240 879 366 914 hilum
385 878 453 919 sit;
479 889 571 913 nam
591 872 658 912 lux
676 877 869 912 naturalis
888 876 954 911 hic
972 882 1033 911 est
1049 876 1190 922 caligo,
1206 882 1247 911 et
1265 876 1373 911 calor
1388 876 1580 911 naturalis
1599 875 1664 911 hic
1682 882 1744 911 est

242 932 379 978 frigus.
431 931 536 966 Num
558 931 732 966 scivistis
752 930 904 976 aliquid
930 930 981 965 de
1007 930 1091 965 sole
1117 929 1237 975 hujus
1258 929 1410 969 mundi,
1429 940 1477 964 ex
1503 940 1585 975 quo
1605 936 1745 964 nostra

239 985 309 1020 lux
325 991 367 1020 et
385 991 521 1020 noster
533 984 644 1019 calor
657 982 908 1029 procedunt?
957 982 1062 1018 Num
1078 982 1250 1018 scivistis
1265 983 1372 1028 quod
1392 982 1457 1017 hic
1476 983 1536 1017 sol
1550 982 1603 1017 sit
1622 993 1744 1028 purus

240 1049 363 1078 amor,
379 1044 420 1073 et
437 1037 498 1073 sol
517 1037 656 1072 mundi
676 1036 869 1072 naturalis
887 1036 940 1071 sit
957 1047 1079 1082 purus
1098 1035 1221 1082 ignis;
1248 1042 1288 1071 et
1302 1036 1410 1081 quod
1430 1035 1491 1071 sol
1510 1035 1659 1076 mundi,
1674 1035 1743 1082 qui

239 1097 301 1126 est
326 1101 447 1136 purus
474 1090 586 1136 ignis,
608 1090 661 1125 sit
684 1101 732 1125 ex
753 1100 834 1136 quo
855 1096 996 1124 natura
1016 1089 1170 1124 exstitit
1190 1095 1231 1124 et
1258 1088 1440 1124 subsistit
1456 1100 1474 1129 ς’
1490 1095 1530 1124 et
1551 1088 1660 1134 quod
1683 1089 1743 1124 sol

239 1143 351 1184 caeli,
370 1143 438 1189 qui
464 1150 526 1178 est
551 1154 674 1189 purus
692 1153 816 1183 amor,
835 1142 888 1178 sit
914 1153 963 1178 ex
983 1153 1064 1188 quo
1091 1142 1177 1188 ipsa
1196 1142 1289 1182 vita,
1308 1153 1410 1188 quae
1432 1149 1494 1177 est
1520 1153 1632 1177 amor
1652 1153 1743 1177 cum

239 1196 446 1242 sapientia,
461 1196 616 1231 exstitit
630 1203 671 1231 et
690 1196 893 1237 subsistit;
919 1202 960 1230 et
978 1195 1034 1231 sic
1048 1196 1155 1241 quod
1175 1202 1327 1235 natura,
1342 1206 1461 1240 quam
1477 1195 1608 1230 facitis
1623 1196 1742 1230 deum

238 1249 301 1283 vel
327 1248 454 1288 deam,
473 1249 525 1283 sit
551 1249 667 1294 plane
690 1247 873 1283 mortua?
923 1247 1006 1283 Vos
1032 1247 1212 1293 potestis,
1234 1247 1267 1283 si
1293 1247 1479 1283 custodia
1504 1248 1633 1288 datur,
1651 1258 1743 1282 cum

239 1301 355 1337 nobis
373 1302 588 1337 ascendere
607 1301 645 1336 in
664 1302 837 1342 cae1um;
863 1307 903 1336 et
920 1312 994 1336 nos
1013 1312 1236 1347 possumus,
1256 1301 1288 1336 si
1307 1301 1491 1336 custodia
1508 1301 1637 1341 datur,
1651 1311 1743 1336 cum

238 1355 353 1390 vobis
371 1355 615 1390 descendere
647 1354 686 1389 in
714 1354 935 1390 infernum:
969 1361 1010 1390 et
1036 1354 1225 1390 videbitis
1257 1354 1295 1389 in
1323 1355 1436 1390 caelo
1463 1354 1675 1401 magnifica
1701 1362 1742 1390 et

239 1408 461 1453 splendida,
479 1414 520 1443 at
539 1407 579 1442 in
600 1407 756 1443 inferno
773 1407 969 1453 squallida
987 1414 1027 1442 et
1046 1407 1270 1443 immunda:
1296 1407 1527 1443 discrimina
1549 1408 1615 1443 illa
1635 1415 1741 1449 sunt,

239 1462 333 1507 quia
350 1472 491 1496 omnes
511 1461 550 1495 in
564 1460 684 1496 caelis
698 1460 838 1496 colunt
858 1460 1000 1500 Deum,
1016 1466 1056 1496 et
1074 1471 1215 1496 omnes
1234 1460 1273 1495 in
1293 1460 1459 1496 infernis
1472 1461 1610 1496 colunt
1625 1467 1742 1497 natu-

239 1525 346 1555 ram:
371 1525 418 1549 ae
436 1514 648 1560 magnifica
667 1520 708 1549 et
729 1513 940 1559 splendida
962 1513 1028 1548 illa
1049 1513 1087 1548 in
1109 1514 1229 1549 caelis
1247 1520 1342 1549 sunt
1359 1514 1740 1560 correspondentiae

239 1566 502 1603 affectionum
525 1567 619 1602 boni
647 1573 687 1602 et
712 1566 808 1607 veri,
827 1577 873 1602 ac
899 1566 1096 1612 squallida
1121 1573 1162 1602 et
1189 1567 1395 1602 immunda
1416 1567 1484 1602 illa
1510 1567 1549 1602 in
1577 1567 1741 1604 infernis

240 1627 336 1656 sunt
354 1620 734 1666 correspondentiae
748 1619 1015 1665 cupiditatum
1035 1620 1129 1654 mali
1144 1627 1185 1655 et
1203 1619 1302 1656 falsi.
1340 1620 1398 1655 Ex
1417 1620 1480 1656 his
1497 1626 1538 1656 et
1557 1620 1635 1656 illis
1646 1631 1742 1657 con.-

240 1673 390 1710 cludite
408 1684 526 1713 nunc,
546 1684 641 1707 num
662 1672 771 1708 Deus
788 1673 852 1708 vel
871 1684 966 1707 num
986 1679 1129 1708 natura
1146 1673 1198 1708 sit
1218 1684 1337 1708 omne
1357 1673 1395 1708 in
1416 1674 1638 1710 omnibus.’'

312 1726 378 1761 Ad
406 1726 504 1762 haec
528 1733 690 1761 satanae
714 1726 1016 1771 responderunt,
1040 1725 1118 1760 “In
1144 1733 1262 1767 statu,
1282 1726 1322 1761 in
1352 1738 1433 1772 quo
1462 1738 1567 1762 nunc
1593 1738 1741 1769 sumus,

240 1790 452 1825 possumus
478 1790 527 1814 ex
552 1779 701 1814 auditis
727 1779 979 1819 concludere,
1008 1779 1116 1824 quod
1145 1778 1253 1814 Deus
1280 1780 1352 1821 sit;
1378 1764 1455 1815 ¹sed
1483 1791 1574 1815 cum
1599 1781 1741 1826 jucun-

240 1833 336 1867 dum
368 1832 459 1867 mali
490 1838 660 1878 occupat
694 1838 849 1867 mentes
879 1839 1047 1872 nostras,
1079 1843 1160 1867 non
1190 1833 1374 1868 videmus
1410 1833 1485 1868 nisi
1521 1835 1741 1870 naturam.”

243 1884 352 1930 (Duo
378 1885 434 1920 illi
459 1885 590 1931 angeli
616 1891 658 1920 et
683 1885 764 1920 duo
790 1892 953 1920 satanae
980 1896 1061 1920 non
1088 1886 1226 1931 procul
1252 1897 1276 1921 a
1302 1897 1364 1921 me
1382 1887 1432 1921 ad
1459 1887 1640 1922 dextram
1661 1894 1741 1923 sta-

240 1939 356 1979 bant3
391 1949 511 1984 quare
537 1938 627 1973 illos
653 1938 737 1973 vidi
763 1945 804 1973 et
830 1938 987 1974 audivi:
1021 1945 1061 1974 et
1089 1949 1181 1974 ecce
1203 1939 1285 1974 vidi
1307 1939 1455 1974 circum
1482 1940 1570 1975 illos
1593 1941 1741 1977 multos

241 1991 416 2037 spiritus,
429 1991 496 2037 qui
515 1991 689 2026 celebres
703 1991 929 2027 eruditione
948 1991 987 2026 in
1003 1992 1154 2027 mundo
1170 1992 1338 2027 naturali
1357 1992 1532 2034 fuerant:
1559 2004 1605 2029 ac
1624 1994 1741 2030 mira-

240 2051 306 2080 tus
334 2055 422 2080 sum
448 2044 555 2090 quod
582 2044 727 2079 eruditi
755 2044 811 2078 illi
839 2055 945 2080 nunc
971 2051 1123 2080 starent
1151 2045 1265 2091 juxta
1291 2046 1465 2092 angelos,
1493 2057 1599 2082 nunc
1626 2047 1742 2093 juxta

241 2104 411 2138 satanas,
429 2103 470 2132 et
491 2097 599 2143 quod
623 2097 710 2138 illis,
727 2098 842 2143 juxta
863 2109 964 2144 quos
986 2099 1157 2139 stabant,
1177 2098 1379 2134 faverent:
1406 2106 1445 2134 et
1467 2099 1618 2134 dietum
1642 2101 1739 2135 mihi

241 2157 314 2191 est,
332 2151 439 2196 quod
460 2150 704 2185 mutationes
722 2151 822 2186 situs
842 2151 998 2186 illorum
1017 2158 1150 2186 essent
1169 2152 1413 2187 mutationes
1435 2159 1563 2188 status
1583 2153 1739 2189 illorum

243 2204 388 2239 mentis
413 2203 582 2238 faventis
612 2214 717 2238 nunc
746 2204 848 2249 parti
878 2204 946 2239 uni
975 2215 1083 2240 nunc
1107 2205 1232 2245 alteri,
1252 2212 1344 2240 sunt
1373 2206 1479 2240 enim
1508 2207 1737 2251 vertumni.)

243 2256 327 2291 “Et
353 2257 531 2291 dicemus
556 2256 631 2291 tibi
659 2257 917 2302 mysterium:
956 2257 1224 2303 Despeximus
1252 2258 1290 2293 in
1317 2266 1463 2293 terram
1490 2260 1539 2294 ad
1566 2260 1740 2296 celebres

242 2309 479 2349 eruditione,
497 2309 565 2354 qui
583 2320 631 2344 ex
649 2320 722 2344 suo
739 2310 891 2355 judicio
909 2311 1191 2357 cogitaverunt
1210 2312 1259 2346 de
1279 2311 1366 2347 Deo
1393 2318 1434 2347 et
1460 2313 1509 2347 de
1528 2319 1681 2354 natura,
1699 2320 1741 2349 et

243 2362 466 2397 invenimus
488 2369 698 2399 sexcentos
723 2374 772 2397 ex
799 2363 906 2398 mille
930 2375 1001 2409 pro
1023 2370 1175 2404 natura,
1198 2371 1239 2399 et
1265 2365 1437 2410 reliquos
1464 2376 1535 2410 pro
1559 2365 1668 2406 Deo:
1698 2373 1740 2402 at

242 2415 316 2450 hos
343 2425 414 2460 pro
442 2414 540 2454 Deo,
561 2414 654 2460 quia
680 2426 761 2450 non
789 2426 838 2451 ex
863 2416 999 2462 aliquo
1027 2416 1243 2457 intellectu,
1273 2418 1342 2452 sed
1371 2419 1492 2453 modo
1518 2429 1566 2453 ex
1592 2419 1740 2454 auditis

242 2468 350 2514 quod
370 2474 511 2503 natura
523 2468 575 2503 sit
593 2478 641 2502 ex
663 2467 762 2509 Deo,
782 2468 1011 2514 frequenter
1027 2470 1150 2505 locuti
1170 2477 1285 2511 sunt;
1312 2481 1358 2505 ac
1376 2470 1562 2516 frequens
1581 2472 1739 2517 loquela

241 2531 290 2556 ex
311 2520 504 2556 memoria
524 2527 565 2555 et
591 2521 897 2562 reminiscentia,
917 2530 958 2558 et
983 2534 1064 2559 non
1086 2523 1204 2559 simul
1219 2535 1268 2559 ex
1289 2524 1535 2570 cogitatione
1556 2530 1597 2560 et
1623 2525 1739 2560 intel·

242 2573 415 2620 figentia,
432 2573 551 2608 infert
569 2574 742 2619 speciem
762 2574 891 2610 fidei.'’

314 2626 413 2662 Post
439 2626 538 2661 haec
563 2627 658 2661 data
683 2633 744 2662 est
765 2628 914 2663 satanis
936 2628 1131 2668 custodia,
1149 2635 1191 2664 et
1211 2640 1302 2664 cum
1324 2629 1481 2665 duobus
1502 2630 1656 2676 angelis
1676 2641 1738 2667 as-

242 2679 462 2715 cenderunt
481 2679 520 2714 in
535 2680 700 2719 caelum,
715 2690 761 2714 ac
775 2680 964 2716 viderunt
983 2681 1193 2727 magnifica
1210 2689 1251 2717 et
1269 2683 1498 2728 splendida:
1525 2690 1565 2718 et
1583 2690 1678 2718 tune
1697 2684 1736 2718 in

243 2731 509 2767 illustratione
535 2743 559 2767 a
583 2732 670 2767 luce
697 2733 795 2767 caeli
823 2733 875 2768 ibi
902 2741 1153 2780 agnoverunt
1183 2735 1292 2781 quod
1324 2735 1433 2771 Deus
1463 2736 1525 2776 sit,
1557 2742 1598 2771 et
1627 2737 1736 2782 quod

243 2791 385 2820 natura
401 2791 534 2820 creata
551 2785 603 2820 sit
625 2785 674 2820 ad
698 2785 991 2822 inserviendum
1014 2788 1131 2827 vitae,
1150 2798 1251 2833 quae
1274 2788 1311 2823 in
1341 2788 1428 2824 Deo
1446 2795 1486 2824 et
1507 2800 1529 2824 a
1548 2788 1637 2824 Deo
1654 2796 1735 2830 est:

243 2843 283 2872 et
295 2837 404 2883 quod
424 2844 565 2873 natura
583 2837 622 2872 in
642 2849 683 2873 se
702 2845 860 2874 mortua
873 2840 936 2879 sit,
951 2847 991 2875 et
1005 2841 1113 2886 quod
1133 2840 1190 2875 sic
1203 2851 1226 2875 a
1243 2852 1284 2876 se
1299 2841 1396 2876 nihil
1411 2848 1515 2886 agat,
1530 2842 1599 2876 sed
1614 2852 1638 2877 a
1654 2842 1738 2878 vita

243 2896 393 2935 agatur.
446 2889 520 2926 His
534 2890 629 2925 visis
647 2896 687 2925 et
706 2891 904 2936 perceptis
922 2892 1229 2932 descendebant,
1248 2899 1288 2928 et
1306 2894 1409 2928 sicut
1427 2893 1736 2935 descendebant,

244 2941 360 2977 rediit
386 2953 499 2977 amor
524 2942 628 2983 mali,
651 2949 692 2977 et
717 2944 883 2979 occlusit
910 2944 1154 2980 intelleftum
1183 2946 1339 2981 illorum
1363 2957 1492 2991 supra,
1514 2953 1555 2981 et
1580 2947 1737 2992 aperuit

250 2992 356 3029 illum
377 2994 486 3036 infra,
501 3002 541 3031 et
559 3002 656 3030 tunc
674 3007 793 3042 supra
811 2996 922 3031 illum
941 2998 1123 3044 apparuit
1145 2998 1247 3034 sicut
1264 2999 1446 3035 velamen
1465 2999 1669 3046 fulgurans
1687 3011 1735 3036 ex
