2014 3386
351 363 408 395 22
814 362 1059 395 DELICIAE
1090 362 1395 396 SAPIENTIAE

426 475 476 512 Et
495 475 799 522 responderunt,
815 479 836 494 ¹⁴
847 475 939 512 Non
957 482 1092 523 potest
1104 476 1238 523 aliqua
1249 476 1377 513 virtus
1394 487 1485 512 cum
1504 477 1591 524 ejus
1609 475 1791 513 honestis
1808 483 1847 513 et

352 529 508 565 decoris
538 529 626 565 sisti
655 530 705 565 ad
736 529 883 570 vivum,
914 529 991 566 nisi
1021 541 1093 576 per
1121 530 1287 565 relativa
1315 530 1366 565 ab
1396 530 1554 566 illorum
1584 530 1768 566 maximis
1797 530 1848 566 ad

353 582 538 624 minima;
564 582 779 618 histriones
800 589 1100 628 repraesentant
1121 582 1286 618 minima
1306 582 1463 619 illorum
1483 594 1611 629 usque
1631 583 1726 618 dum
1749 583 1850 619 fiunt

353 635 482 677 nu11a;
507 635 578 671 sed
604 635 691 682 lege
711 635 910 671 sancitum
932 642 1004 676 est,
1023 647 1073 671 ne
1093 635 1243 682 aliquid
1271 636 1458 682 oppositi,
1476 636 1585 683 quod
1603 643 1771 672 vocatur
1791 637 1850 671 in-

353 689 571 724 honesturn
585 695 625 724 et
640 689 884 730 indecorum,
898 689 978 724 nisi
989 689 1158 735 figurate
1172 695 1213 724 et
1226 689 1330 725 sicut
1343 700 1365 725 e
1378 689 1601 736 longinquo
1613 689 1851 725 exhibeant:

353 742 463 788 quod
494 741 551 777 ita
579 742 775 777 sancitum
806 742 868 783 sit,
895 749 956 778 est
984 753 1113 782 causa,
1140 742 1234 788 quia
1263 753 1344 778 non
1372 742 1536 788 aliquod
1566 742 1782 778 honestum
1809 749 1851 778 et

354 795 504 831 bonum
519 795 687 841 alicujus
697 795 857 830 virtutis
869 806 939 841 per
950 795 1193 830 successivas
1205 795 1502 841 progressiones
1513 795 1658 831 transit
1670 795 1720 831 ad
1735 795 1851 830 inho-

354 855 514 884 nestum
531 854 572 883 et
590 848 748 889 malum,
764 848 834 884 sed
852 848 902 883 ad
921 848 1087 883 minima
1104 848 1190 894 ejus
1208 859 1333 895 usque
1347 848 1442 883 dum
1457 848 1570 894 perit,
1586 855 1627 884 et
1643 859 1733 884 cum
1748 849 1851 895 perit

355 900 519 936 inchoat
536 901 785 947 oppositum
811 912 934 947 quare
951 901 1117 943 caelum,
1136 901 1203 936 ubi
1222 901 1358 937 omnia
1374 901 1545 937 honesta
1561 907 1602 937 et
1623 901 1728 939 bona
1745 908 1850 942 sunt,

355 954 455 990 nihil
469 965 682 990 commune
693 954 814 989 habet
828 965 918 990 cum
932 954 1098 995 inferno,
1111 954 1178 989 ubi
1190 954 1546 990 omniainhonesta
1555 961 1596 990 et
1606 954 1710 990 mala
1720 954 1850 990 sunt.''

427 1008 507 1045 18.
542 1007 652 1043 Inter
671 1007 917 1053 loquendum
939 1006 1112 1042 famulus
1133 1007 1306 1043 accurrit
1326 1014 1368 1043 et
1393 1007 1602 1049 nuntiavit,
1624 1008 1732 1054 quod
1757 1006 1852 1043 ofto

355 1060 555 1106 sapientes
584 1071 633 1096 ex
658 1060 772 1106 jussu
803 1060 992 1106 principis
1019 1060 1164 1101 adsint,
1183 1066 1229 1106 et
1247 1060 1375 1096 velint
1402 1061 1572 1102 intrare;
1604 1071 1685 1107 quo
1711 1060 1852 1096 audito

354 1113 520 1160 angelus
537 1113 673 1154 exivit,
691 1120 731 1149 et
749 1113 906 1160 excepit
925 1113 1024 1154 illos,
1043 1120 1085 1148 et
1102 1113 1347 1149 introduxit:
1372 1119 1413 1148 et
1431 1124 1524 1149 mox
1542 1113 1742 1159 sapientes
1760 1120 1853 1159 post

355 1166 667 1203 consociationis
684 1166 866 1202 solennia
883 1173 924 1202 et
941 1167 1096 1207 decora,
1116 1166 1288 1212 primum
1309 1166 1578 1212 loquebantur-
1593 1177 1685 1202 cum
1703 1166 1781 1202 illis
1802 1167 1853 1203 de

355 1219 574 1266 sapientiae
594 1219 717 1255 initiis
735 1226 776 1255 et
797 1219 1064 1260 incrementis,
1083 1219 1228 1266 quibus
1251 1219 1553 1255 immiscuerunt
1570 1219 1681 1255 varia
1697 1219 1748 1255 de
1765 1219 1852 1266 ejus

354 1283 552 1314 successu,
572 1279 612 1308 et
630 1273 739 1319 quod
761 1272 959 1318 sapientia
979 1273 1087 1318 apud
1109 1272 1274 1319 angelos
1293 1283 1490 1318 nusquam
1512 1272 1633 1308 finem
1650 1271 1797 1308 habeat
1812 1278 1854 1308 et

355 1325 523 1367 desinat,
542 1325 612 1361 sed
631 1326 739 1372 quod
757 1332 910 1361 crescat
927 1332 968 1361 et
985 1332 1180 1372 augeatur
1198 1326 1237 1360 in
1256 1332 1475 1361 aeternum.

428 1378 504 1414 His
522 1379 669 1414 auditis
687 1379 852 1426 angelus
863 1378 1045 1414 'cohortis
1060 1378 1161 1413 dixit
1179 1378 1267 1418 illis,
1283 1383 1302 1396 ‘⁴
1317 1378 1506 1424 Princeps
1525 1384 1663 1414 noster
1674 1377 1725 1413 ad
1743 1388 1854 1414 men·

355 1442 440 1468 sam
458 1432 618 1467 locutus
636 1438 698 1467 est
715 1442 806 1467 curn
822 1431 900 1467 illis
918 1431 968 1467 de
986 1431 1204 1477 sapientiae
1219 1431 1326 1472 sede,
1340 1431 1448 1478 quod
1466 1431 1519 1467 sit
1538 1431 1576 1466 in
1595 1442 1691 1474 usu:
1716 1431 1854 1478 loqua-

356 1485 465 1525 mini,
484 1485 517 1520 si
537 1485 677 1530 placet,
695 1495 784 1520 cum
805 1485 882 1520 illis
900 1485 1021 1520 etiam
1040 1485 1089 1520 de
1108 1484 1193 1520 eo.”

430 1538 481 1573 Et
502 1538 700 1579 dixerunt,
713 1543 744 1579 f‘
760 1537 896 1574 Homo
922 1538 1094 1584 primum
1115 1543 1283 1578 creatus,
1305 1537 1484 1573 imbutus
1508 1543 1570 1572 est
1594 1536 1791 1583 sapie-ntia
1814 1543 1856 1572 et

355 1591 443 1637 ejus
461 1602 608 1632 amore,
627 1602 707 1627 non
726 1597 889 1637 propter
905 1602 958 1631 se,
972 1591 1043 1626 sed
1063 1597 1225 1636 propter
1237 1590 1641 1626 communicationem
1660 1590 1746 1636 ejus
1763 1600 1854 1625 cum

356 1645 444 1680 aliis
465 1655 489 1680 a
509 1656 574 1685 se;
601 1644 694 1680 inde
719 1644 939 1690 sapientiae
965 1643 1192 1689 sapientum
1220 1643 1455 1689 inscriptum
1482 1650 1554 1684 est,
1576 1649 1621 1678 ut
1646 1654 1727 1678 non
1748 1642 1855 1689 quis-

356 1709 476 1744 quam
502 1697 579 1733 sibi
605 1697 679 1733 soli
705 1698 835 1743 sapiat
855 1704 896 1732 et
915 1697 1026 1732 vivat
1051 1696 1127 1732 nisi
1154 1696 1271 1732 simul
1297 1696 1406 1737 aliis:
1433 1696 1526 1732 inde
1550 1696 1732 1736 societas,
1754 1705 1855 1742 quae

356 1750 506 1797 alioqui
532 1762 613 1786 non
639 1750 762 1792 foret;
794 1749 929 1785 vivere
954 1750 1042 1785 aliis
1068 1756 1130 1785 est
1155 1760 1249 1785 usus
1275 1748 1425 1790 facere;
1458 1760 1553 1784 usus
1578 1755 1672 1784 sunt
1695 1748 1857 1783 vincula

357 1804 455 1850 ejus,
470 1814 573 1850 quae
591 1803 760 1839 totidem
779 1809 874 1838 sunt
887 1809 987 1849 quot
1004 1813 1099 1838 usus
1117 1802 1223 1843 boni,
1238 1813 1285 1837 ac
1298 1813 1394 1837 usus
1407 1808 1502 1837 sunt
1516 1812 1682 1836 numero
1697 1800 1855 1836 infiniti.

358 1856 462 1892 Sunt
475 1868 570 1892 usus
584 1856 809 1902 spirituales
823 1856 890 1902 qui
905 1861 998 1891 sunt
1012 1855 1160 1891 amoris
1179 1855 1218 1890 in
1238 1854 1378 1895 Deum,
1391 1860 1432 1890 et
1449 1854 1595 1890 amoris
1612 1865 1706 1900 erga
1723 1854 1855 1900 proxi-

358 1921 490 1951 mum;
515 1915 610 1945 sunt
635 1920 730 1945 usus
756 1909 927 1944 morales
953 1914 995 1944 et
1019 1907 1167 1948 civiles,
1194 1907 1262 1953 qui
1292 1914 1388 1943 sunt
1412 1907 1558 1943 amoris
1583 1906 1789 1943 societatis
1814 1913 1856 1942 et

357 1962 531 1998 civitatis
553 1962 593 1997 in
614 1973 694 2008 quo
721 1961 843 1997 homo
864 1967 935 2002 est,
954 1971 1000 1996 ac
1020 1961 1219 1996 sociorum
1245 1966 1286 1996 et
1311 1960 1459 1995 civium
1484 1971 1574 1995 cum
1601 1959 1746 2006 quibus
1771 1966 1856 2000 est:

357 2022 453 2051 sunt
470 2026 565 2051 usus
584 2014 796 2055 naturales,
809 2013 878 2060 qui
895 2020 989 2049 sunt
1007 2013 1153 2049 amoris
1172 2012 1309 2048 mundi
1329 2019 1370 2048 et
1387 2013 1472 2059 ejus
1491 2013 1795 2053 necessitatum;
1815 2019 1857 2048 et

357 2075 452 2104 sunt
469 2079 564 2104 usus
582 2067 774 2113 corporei,
792 2066 859 2114 qui
877 2073 972 2102 sunt
989 2066 1134 2102 amoris
1152 2065 1467 2101 conservationis
1485 2065 1545 2101 sui
1564 2072 1727 2111 propter
1739 2076 1856 2111 supe-

359 2121 483 2156 riores
501 2131 608 2156 usus.
659 2119 809 2157 Omnes
835 2119 877 2155 hi
903 2130 999 2155 usus
1026 2118 1205 2165 inscripti
1223 2124 1317 2154 sunt
1337 2117 1501 2158 homini,
1520 2125 1560 2153 et
1578 2124 1799 2164 sequuntur
1816 2118 1855 2153 in

358 2174 511 2215 ordine,
532 2184 636 2209 unus
662 2179 755 2219 post
780 2173 961 2213 alterum,
982 2179 1024 2207 et
1049 2182 1139 2207 cum
1165 2171 1283 2207 simul
1309 2177 1413 2211 sunt,
1436 2182 1540 2206 unus
1565 2177 1627 2206 est
1652 2171 1691 2206 in
1717 2171 1856 2208 altero.

362 2226 423 2262 Illi
438 2226 506 2273 qui
525 2226 564 2261 in
583 2226 720 2272 primis
738 2226 875 2261 usibus
892 2231 996 2266 sunt,
1011 2224 1078 2271 qui
1097 2231 1191 2260 sunt
1208 2223 1444 2270 spirituales,
1458 2223 1578 2259 etiam
1598 2223 1637 2258 in
1655 2224 1857 2270 sequenti-

358 2280 433 2315 bus
450 2286 554 2319 sunt,
569 2286 610 2314 et
628 2279 668 2314 hi
687 2285 781 2314 sunt
797 2278 998 2324 sapientes
1013 2289 1022 2319 ς
1048 2276 1104 2313 illi
1118 2283 1251 2312 autem
1266 2276 1333 2323 qui
1353 2287 1433 2312 non
1453 2276 1492 2311 in
1511 2276 1658 2322 primis,
1673 2283 1714 2312 et
1730 2287 1856 2323 usque

360 2332 400 2368 in
429 2332 615 2368 secundis
644 2338 685 2367 et
711 2331 804 2367 inde
829 2330 1087 2377 sequentibus
1113 2336 1217 2371 sunt,
1244 2340 1325 2365 non
1353 2329 1409 2364 ita
1433 2329 1631 2375 sapientes
1656 2335 1759 2369 sunt,
1785 2330 1855 2365 sed

358 2385 488 2421 solum
507 2396 556 2420 ex
570 2384 795 2420 moralitate
813 2390 854 2419 et
871 2383 1063 2419 civilitate
1078 2390 1242 2418 externa
1259 2388 1453 2428 apparent
1470 2382 1574 2418 sicut
1590 2381 1692 2418 sint:
1718 2381 1773 2417 illi
1788 2382 1856 2428 qui

361 2448 442 2473 non
462 2437 500 2472 in
520 2438 657 2483 primis
676 2444 716 2473 et
733 2436 920 2472 secundis
938 2443 1043 2477 sunt,
1061 2436 1132 2472 sed
1155 2435 1194 2470 in
1216 2435 1344 2471 tertiis
1365 2442 1406 2471 et
1425 2434 1587 2481 quartis,
1606 2434 1704 2470 nihil
1726 2435 1857 2470 minus

360 2501 479 2537 quam
498 2490 698 2536 sapientes
717 2496 821 2530 sunt,
834 2500 924 2525 nam
940 2495 1034 2525 sunt
1048 2495 1220 2529 satanae,
1235 2494 1371 2523 amant
1384 2488 1491 2523 enim
1505 2487 1635 2523 solum
1650 2488 1855 2528 mundum,

361 2550 402 2578 et
423 2554 465 2578 se
486 2554 535 2578 ex
557 2543 730 2585 mundo3
755 2549 796 2578 at
823 2542 877 2577 illi
896 2541 963 2588 qui
983 2542 1106 2577 modo
1132 2541 1171 2576 in
1193 2541 1344 2587 quartis
1369 2546 1473 2581 sunt,
1492 2540 1671 2575 omnium
1694 2540 1856 2576 minime

361 2596 562 2642 sapientes
583 2603 687 2636 sunt,
710 2602 804 2632 sunt
828 2595 934 2631 enim
954 2594 1114 2635 diaboli,
1136 2594 1229 2640 quia
1253 2593 1328 2629 sibi
1354 2593 1449 2629 solis
1469 2593 1623 2633 vivunt,
1642 2599 1682 2628 et
1703 2592 1735 2628 si
1757 2593 1855 2633 aliis,

361 2656 423 2684 est
441 2649 556 2684 unice
576 2655 739 2695 propter
755 2659 809 2685 se.
860 2647 1071 2683 Praeterea
1095 2646 1221 2682 cuivis
1245 2646 1371 2682 amori
1397 2652 1458 2681 est
1483 2657 1598 2681 suum
1623 2645 1855 2692 jucundum.

360 2702 462 2738 vivit
479 2702 585 2737 enim
604 2712 717 2737 amor
735 2712 804 2747 per
821 2700 908 2741 hoc,
927 2711 973 2735 ac
992 2700 1212 2747 jucundum
1230 2699 1377 2734 amoris
1394 2710 1537 2734 usuum
1555 2705 1617 2734 est
1635 2698 1855 2744 jucundum

360 2755 543 2795 caeleste,
558 2755 667 2801 quod
682 2754 889 2800 sequentia
901 2753 1078 2799 jucunda
1091 2752 1231 2787 ordine
1245 2751 1376 2792 intrat,
1387 2758 1428 2786 et
1440 2751 1659 2786 secundum
1674 2751 1856 2786 ordinem

361 2808 626 2844 successionis
639 2808 788 2843 exaltat
803 2806 878 2847 illa,
893 2817 939 2842 ac
956 2812 1134 2841 aeternat
1149 2804 1250 2840 illast
1302 2804 1399 2840 Post
1413 2803 1511 2839 haec
1524 2810 1858 2839 enumeraverunt

362 2861 526 2897 delicias
543 2861 734 2896 caelestes
756 2859 1018 2906 procedentes
1036 2869 1084 2894 ex
1101 2868 1236 2893 amore
1254 2868 1359 2898 usus,
1378 2863 1419 2892 et
1436 2857 1623 2892 dixerunt
1640 2857 1748 2903 quod
1775 2856 1859 2898 sint,

363 2914 562 2960 myriades
575 2913 809 2960 myriadum,
824 2919 863 2948 et
877 2912 985 2958 quod
1004 2911 1044 2947 in
1064 2911 1148 2946 illas
1167 2911 1315 2946 intrent
1330 2910 1397 2956 qui
1416 2909 1456 2944 in
1474 2910 1646 2945 caelum:
1672 2915 1713 2945 et
1731 2919 1851 2955 porro

363 2967 413 3002 de
431 2977 566 3002 amore
583 2977 679 3003 usus
697 2977 767 3012 per
784 2975 988 3001 sermones
1006 2963 1224 3011 sapientiae
1242 2969 1522 3010 protraxerunt
1540 2962 1646 2998 diem
1664 2973 1758 2998 cum
1779 2961 1856 2997 illis

363 3030 488 3066 usque
505 3020 555 3055 ad
573 3029 792 3066 vesperam.
