<?xml version="1.0" encoding="UTF-8"?>
<!DOCTYPE html PUBLIC "-//W3C//DTD XHTML 1.0 Transitional//EN"
    "http://www.w3.org/TR/xhtml1/DTD/xhtml1-transitional.dtd">
<html xmlns="http://www.w3.org/1999/xhtml" xml:lang="en" lang="en">
 <head>
  <title>
</title>
<meta http-equiv="Content-Type" content="text/html;charset=utf-8" />
  <meta name='ocr-system' content='tesseract 3.04.00' />
  <meta name='ocr-capabilities' content='ocr_page ocr_carea ocr_par ocr_line ocrx_word'/>
</head>
<body>
  <div class='ocr_page' id='page_1' title='image "./deliciaesapienti00sweduoft_0411.png"; bbox 0 0 2014 3386; ppageno 0'>
   <div class='ocr_carea' id='block_1_1' title="bbox 498 351 1718 400">
    <p class='ocr_par' dir='ltr' id='par_1_1' title="bbox 498 351 1718 400">
     <span class='ocr_line' id='line_1_1' title="bbox 498 351 1718 400; baseline 0.003 -16"><span class='ocrx_word' id='word_1_1' title='bbox 498 351 565 384; x_wconf 84' lang='lat' dir='ltr'>DE</span> <span class='ocrx_word' id='word_1_2' title='bbox 596 351 776 385; x_wconf 81' lang='lat' dir='ltr'><strong>AMORE</strong></span> <span class='ocrx_word' id='word_1_3' title='bbox 809 351 1289 386; x_wconf 85' lang='lat' dir='ltr'>SCORTATOR10.—N.</span> <span class='ocrx_word' id='word_1_4' title='bbox 1319 354 1411 398; x_wconf 87' lang='lat'><strong>530.</strong></span> <span class='ocrx_word' id='word_1_5' title='bbox 1636 356 1718 400; x_wconf 84' lang='lat'>405</span> 
     </span>
    </p>
   </div>
   <div class='ocr_carea' id='block_1_2' title="bbox 214 464 1724 3048">
    <p class='ocr_par' dir='ltr' id='par_1_2' title="bbox 222 464 1724 634">
     <span class='ocr_line' id='line_1_2' title="bbox 222 464 1723 522; baseline 0.003 -16"><span class='ocrx_word' id='word_1_6' title='bbox 222 465 327 507; x_wconf 90' lang='lat' dir='ltr'>ideo</span> <span class='ocrx_word' id='word_1_7' title='bbox 349 464 467 516; x_wconf 86' lang='lat' dir='ltr'>illos,</span> <span class='ocrx_word' id='word_1_8' title='bbox 486 479 600 520; x_wconf 90' lang='lat' dir='ltr'>quos</span> <span class='ocrx_word' id='word_1_9' title='bbox 622 464 722 507; x_wconf 87' lang='lat' dir='ltr'>finis</span> <span class='ocrx_word' id='word_1_10' title='bbox 744 471 823 507; x_wconf 92' lang='lat' dir='ltr'>aut</span> <span class='ocrx_word' id='word_1_11' title='bbox 846 472 1040 508; x_wconf 87' lang='lat' dir='ltr'>excusat</span> <span class='ocrx_word' id='word_1_12' title='bbox 1062 472 1141 508; x_wconf 91' lang='lat' dir='ltr'>aut</span> <span class='ocrx_word' id='word_1_13' title='bbox 1164 466 1368 517; x_wconf 89' lang='lat' dir='ltr'>damnat,</span> <span class='ocrx_word' id='word_1_14' title='bbox 1388 467 1474 522; x_wconf 89' lang='lat' dir='ltr'>ipsi</span> <span class='ocrx_word' id='word_1_15' title='bbox 1496 476 1723 514; x_wconf 87' lang='lat' dir='ltr'>excusent</span> 
     </span>
     <span class='ocr_line' id='line_1_3' title="bbox 222 529 1724 583; baseline 0.002 -12"><span class='ocrx_word' id='word_1_16' title='bbox 222 536 302 571; x_wconf 89' lang='lat' dir='ltr'>aut</span> <span class='ocrx_word' id='word_1_17' title='bbox 327 529 564 578; x_wconf 82' lang='lat' dir='ltr'>damnent,</span> <span class='ocrx_word' id='word_1_18' title='bbox 592 529 806 583; x_wconf 90' lang='lat' dir='ltr'>quoniam</span> <span class='ocrx_word' id='word_1_19' title='bbox 832 529 934 570; x_wconf 88' lang='lat' dir='ltr'>finis</span> <span class='ocrx_word' id='word_1_20' title='bbox 959 529 1069 571; x_wconf 89' lang='lat' dir='ltr'>boni</span> <span class='ocrx_word' id='word_1_21' title='bbox 1094 535 1165 572; x_wconf 90' lang='lat' dir='ltr'>est</span> <span class='ocrx_word' id='word_1_22' title='bbox 1188 531 1400 572; x_wconf 87' lang='lat' dir='ltr'>omnibus</span> <span class='ocrx_word' id='word_1_23' title='bbox 1430 532 1476 573; x_wconf 91' lang='lat' dir='ltr'>in</span> <span class='ocrx_word' id='word_1_24' title='bbox 1502 531 1648 583; x_wconf 89' lang='lat' dir='ltr'>caelo,</span> <span class='ocrx_word' id='word_1_25' title='bbox 1677 540 1724 574; x_wconf 91' lang='lat' dir='ltr'>et</span> 
     </span>
     <span class='ocr_line' id='line_1_4' title="bbox 223 591 980 634; baseline 0.001 -1"><span class='ocrx_word' id='word_1_26' title='bbox 223 591 323 633; x_wconf 88' lang='lat' dir='ltr'>finis</span> <span class='ocrx_word' id='word_1_27' title='bbox 349 591 456 633; x_wconf 88' lang='lat' dir='ltr'>mali</span> <span class='ocrx_word' id='word_1_28' title='bbox 482 592 692 633; x_wconf 90' lang='lat' dir='ltr'>omnibus</span> <span class='ocrx_word' id='word_1_29' title='bbox 720 592 765 633; x_wconf 90' lang='lat' dir='ltr'>in</span> <span class='ocrx_word' id='word_1_30' title='bbox 791 593 980 634; x_wconf 89' lang='lat' dir='ltr'>inferno.</span> 
     </span>
    </p>

    <p class='ocr_par' dir='ltr' id='par_1_3' title="bbox 214 654 1724 1974">
     <span class='ocr_line' id='line_1_5' title="bbox 305 654 1721 713; baseline 0.002 -17"><span class='ocrx_word' id='word_1_31' title='bbox 305 654 436 709; x_wconf 75' lang='lat'><strong>528.</strong></span> <span class='ocrx_word' id='word_1_32' title='bbox 477 654 562 696; x_wconf 90' lang='lat' dir='ltr'>His</span> <span class='ocrx_word' id='word_1_33' title='bbox 601 654 841 708; x_wconf 88' lang='lat' dir='ltr'>adjicietur</span> <span class='ocrx_word' id='word_1_34' title='bbox 875 655 978 697; x_wconf 94' lang='lat' dir='ltr'>hoc.</span> <span class='ocrx_word' id='word_1_35' title='bbox 1053 655 1230 698; x_wconf 85' lang='lat' dir='ltr'>Dicitur</span> <span class='ocrx_word' id='word_1_36' title='bbox 1269 656 1314 698; x_wconf 92' lang='lat' dir='ltr'>in</span> <span class='ocrx_word' id='word_1_37' title='bbox 1355 657 1565 708; x_wconf 88' lang='lat' dir='ltr'>ecclesia,</span> <span class='ocrx_word' id='word_1_38' title='bbox 1599 659 1721 713; x_wconf 91' lang='lat' dir='ltr'>quod</span> 
     </span>
     <span class='ocr_line' id='line_1_6' title="bbox 222 718 1722 776; baseline 0.003 -18"><span class='ocrx_word' id='word_1_39' title='bbox 222 730 359 759; x_wconf 91' lang='lat' dir='ltr'>nemo</span> <span class='ocrx_word' id='word_1_40' title='bbox 399 718 547 772; x_wconf 86' lang='lat' dir='ltr'>possit</span> <span class='ocrx_word' id='word_1_41' title='bbox 586 718 778 772; x_wconf 91' lang='lat' dir='ltr'>implere</span> <span class='ocrx_word' id='word_1_42' title='bbox 818 718 986 772; x_wconf 86' lang='lat' dir='ltr'>legem,</span> <span class='ocrx_word' id='word_1_43' title='bbox 1019 724 1068 761; x_wconf 90' lang='lat' dir='ltr'>et</span> <span class='ocrx_word' id='word_1_44' title='bbox 1107 733 1162 761; x_wconf 91' lang='lat' dir='ltr'>eo</span> <span class='ocrx_word' id='word_1_45' title='bbox 1203 719 1365 771; x_wconf 90' lang='lat' dir='ltr'>minus,</span> <span class='ocrx_word' id='word_1_46' title='bbox 1399 722 1615 775; x_wconf 90' lang='lat' dir='ltr'>quoniam</span> <span class='ocrx_word' id='word_1_47' title='bbox 1647 722 1722 776; x_wconf 91' lang='lat' dir='ltr'>qui</span> 
     </span>
     <span class='ocr_line' id='line_1_7' title="bbox 214 781 1724 838; baseline 0.003 -17"><span class='ocrx_word' id='word_1_48' title='bbox 214 781 562 834; x_wconf 84' lang='lat' dir='ltr'>praevaricatur</span> <span class='ocrx_word' id='word_1_49' title='bbox 592 787 754 823; x_wconf 89' lang='lat' dir='ltr'>contra</span> <span class='ocrx_word' id='word_1_50' title='bbox 783 795 921 823; x_wconf 91' lang='lat' dir='ltr'>unum</span> <span class='ocrx_word' id='word_1_51' title='bbox 947 788 1244 837; x_wconf 90' lang='lat' dir='ltr'>praeceptum</span> <span class='ocrx_word' id='word_1_52' title='bbox 1273 783 1500 837; x_wconf 89' lang='lat' dir='ltr'>decalogi,</span> <span class='ocrx_word' id='word_1_53' title='bbox 1529 798 1724 838; x_wconf 88' lang='lat' dir='ltr'>praeva-</span> 
     </span>
     <span class='ocr_line' id='line_1_8' title="bbox 220 845 1722 888; baseline 0.002 -3"><span class='ocrx_word' id='word_1_54' title='bbox 220 845 390 885; x_wconf 90' lang='lat' dir='ltr'>ricatur</span> <span class='ocrx_word' id='word_1_55' title='bbox 415 850 575 885; x_wconf 89' lang='lat' dir='ltr'>contra</span> <span class='ocrx_word' id='word_1_56' title='bbox 600 845 779 886; x_wconf 90' lang='lat' dir='ltr'>omnia:</span> <span class='ocrx_word' id='word_1_57' title='bbox 813 858 970 886; x_wconf 89' lang='lat' dir='ltr'>verum</span> <span class='ocrx_word' id='word_1_58' title='bbox 995 845 1109 887; x_wconf 91' lang='lat' dir='ltr'>haec</span> <span class='ocrx_word' id='word_1_59' title='bbox 1137 845 1382 887; x_wconf 90' lang='lat' dir='ltr'>locutionis</span> <span class='ocrx_word' id='word_1_60' title='bbox 1409 846 1603 887; x_wconf 88' lang='lat' dir='ltr'>formula</span> <span class='ocrx_word' id='word_1_61' title='bbox 1629 860 1722 888; x_wconf 92' lang='lat' dir='ltr'>non</span> 
     </span>
     <span class='ocr_line' id='line_1_9' title="bbox 221 906 1724 963; baseline 0.003 -16"><span class='ocrx_word' id='word_1_62' title='bbox 221 913 293 948; x_wconf 91' lang='lat' dir='ltr'>est</span> <span class='ocrx_word' id='word_1_63' title='bbox 319 906 464 961; x_wconf 91' lang='lat' dir='ltr'>qualis</span> <span class='ocrx_word' id='word_1_64' title='bbox 487 913 647 959; x_wconf 90' lang='lat' dir='ltr'>sonat;</span> <span class='ocrx_word' id='word_1_65' title='bbox 681 920 787 949; x_wconf 89' lang='lat' dir='ltr'>nam</span> <span class='ocrx_word' id='word_1_66' title='bbox 810 907 898 949; x_wconf 92' lang='lat' dir='ltr'>hoc</span> <span class='ocrx_word' id='word_1_67' title='bbox 925 909 992 949; x_wconf 89' lang='lat' dir='ltr'>ita</span> <span class='ocrx_word' id='word_1_68' title='bbox 1017 908 1374 962; x_wconf 88' lang='lat' dir='ltr'>intelligendum</span> <span class='ocrx_word' id='word_1_69' title='bbox 1397 915 1483 958; x_wconf 89' lang='lat' dir='ltr'>est,</span> <span class='ocrx_word' id='word_1_70' title='bbox 1503 910 1626 963; x_wconf 90' lang='lat' dir='ltr'>quod</span> <span class='ocrx_word' id='word_1_71' title='bbox 1648 910 1724 963; x_wconf 89' lang='lat' dir='ltr'>qui</span> 
     </span>
     <span class='ocr_line' id='line_1_10' title="bbox 221 970 1721 1026; baseline 0.001 -15"><span class='ocrx_word' id='word_1_72' title='bbox 221 984 281 1011; x_wconf 90' lang='lat' dir='ltr'>ex</span> <span class='ocrx_word' id='word_1_73' title='bbox 303 971 540 1024; x_wconf 90' lang='lat' dir='ltr'>proposito</span> <span class='ocrx_word' id='word_1_74' title='bbox 561 977 640 1012; x_wconf 91' lang='lat' dir='ltr'>aut</span> <span class='ocrx_word' id='word_1_75' title='bbox 664 970 936 1012; x_wconf 89' lang='lat' dir='ltr'>confirmato</span> <span class='ocrx_word' id='word_1_76' title='bbox 955 972 1054 1025; x_wconf 89' lang='lat' dir='ltr'>agit</span> <span class='ocrx_word' id='word_1_77' title='bbox 1073 978 1236 1013; x_wconf 90' lang='lat' dir='ltr'>contra</span> <span class='ocrx_word' id='word_1_78' title='bbox 1253 985 1390 1012; x_wconf 90' lang='lat' dir='ltr'>unum</span> <span class='ocrx_word' id='word_1_79' title='bbox 1409 979 1721 1026; x_wconf 89' lang='lat' dir='ltr'>praeceptum,</span> 
     </span>
     <span class='ocr_line' id='line_1_11' title="bbox 219 1033 1722 1089; baseline 0.002 -15"><span class='ocrx_word' id='word_1_80' title='bbox 219 1033 296 1075; x_wconf 93' lang='lat' dir='ltr'>ille</span> <span class='ocrx_word' id='word_1_81' title='bbox 319 1039 429 1087; x_wconf 86' lang='lat' dir='ltr'>agat</span> <span class='ocrx_word' id='word_1_82' title='bbox 445 1039 610 1075; x_wconf 86' lang='lat' dir='ltr'>contra</span> <span class='ocrx_word' id='word_1_83' title='bbox 630 1034 817 1088; x_wconf 90' lang='lat' dir='ltr'>reliqua,</span> <span class='ocrx_word' id='word_1_84' title='bbox 837 1034 1051 1088; x_wconf 90' lang='lat' dir='ltr'>quoniam</span> <span class='ocrx_word' id='word_1_85' title='bbox 1074 1049 1134 1076; x_wconf 90' lang='lat' dir='ltr'>ex</span> <span class='ocrx_word' id='word_1_86' title='bbox 1158 1036 1399 1089; x_wconf 88' lang='lat' dir='ltr'>proposito</span> <span class='ocrx_word' id='word_1_87' title='bbox 1422 1042 1500 1076; x_wconf 91' lang='lat' dir='ltr'>aut</span> <span class='ocrx_word' id='word_1_88' title='bbox 1524 1050 1583 1077; x_wconf 87' lang='lat' dir='ltr'>ex</span> <span class='ocrx_word' id='word_1_89' title='bbox 1611 1049 1722 1077; x_wconf 92' lang='lat' dir='ltr'>con-</span> 
     </span>
     <span class='ocr_line' id='line_1_12' title="bbox 220 1095 1724 1152; baseline 0.001 -14"><span class='ocrx_word' id='word_1_90' title='bbox 220 1095 401 1138; x_wconf 86' lang='lat' dir='ltr'>firmato</span> <span class='ocrx_word' id='word_1_91' title='bbox 434 1110 588 1150; x_wconf 88' lang='lat' dir='ltr'>agere,</span> <span class='ocrx_word' id='word_1_92' title='bbox 621 1104 693 1139; x_wconf 90' lang='lat' dir='ltr'>est</span> <span class='ocrx_word' id='word_1_93' title='bbox 725 1112 910 1152; x_wconf 90' lang='lat' dir='ltr'>prorsus</span> <span class='ocrx_word' id='word_1_94' title='bbox 942 1111 1112 1151; x_wconf 89' lang='lat' dir='ltr'>negare</span> <span class='ocrx_word' id='word_1_95' title='bbox 1143 1099 1265 1152; x_wconf 91' lang='lat' dir='ltr'>quod</span> <span class='ocrx_word' id='word_1_96' title='bbox 1298 1105 1540 1152; x_wconf 91' lang='lat' dir='ltr'>peccatum</span> <span class='ocrx_word' id='word_1_97' title='bbox 1573 1099 1648 1149; x_wconf 89' lang='lat' dir='ltr'>sit,</span> <span class='ocrx_word' id='word_1_98' title='bbox 1677 1104 1724 1140; x_wconf 94' lang='lat' dir='ltr'>et</span> 
     </span>
     <span class='ocr_line' id='line_1_13' title="bbox 219 1160 1724 1216; baseline 0.001 -15"><span class='ocrx_word' id='word_1_99' title='bbox 219 1161 294 1214; x_wconf 89' lang='lat' dir='ltr'>qui</span> <span class='ocrx_word' id='word_1_100' title='bbox 326 1168 470 1214; x_wconf 87' lang='lat' dir='ltr'>negat</span> <span class='ocrx_word' id='word_1_101' title='bbox 502 1167 761 1214; x_wconf 91' lang='lat' dir='ltr'>peccatum,</span> <span class='ocrx_word' id='word_1_102' title='bbox 795 1161 873 1202; x_wconf 91' lang='lat' dir='ltr'>ille</span> <span class='ocrx_word' id='word_1_103' title='bbox 905 1160 1032 1202; x_wconf 90' lang='lat' dir='ltr'>nihili</span> <span class='ocrx_word' id='word_1_104' title='bbox 1063 1161 1172 1202; x_wconf 87' lang='lat' dir='ltr'>facit</span> <span class='ocrx_word' id='word_1_105' title='bbox 1203 1162 1241 1202; x_wconf 90' lang='lat' dir='ltr'>si</span> <span class='ocrx_word' id='word_1_106' title='bbox 1277 1168 1443 1203; x_wconf 88' lang='lat' dir='ltr'>contra</span> <span class='ocrx_word' id='word_1_107' title='bbox 1474 1168 1724 1216; x_wconf 88' lang='lat' dir='ltr'>praecepta</span> 
     </span>
     <span class='ocr_line' id='line_1_14' title="bbox 219 1223 1721 1278; baseline 0.001 -14"><span class='ocrx_word' id='word_1_108' title='bbox 219 1223 392 1277; x_wconf 90' lang='lat' dir='ltr'>reliqua</span> <span class='ocrx_word' id='word_1_109' title='bbox 427 1224 539 1276; x_wconf 89' lang='lat' dir='ltr'>agit.</span> <span class='ocrx_word' id='word_1_110' title='bbox 601 1223 714 1276; x_wconf 80' lang='lat' dir='ltr'>Quis</span> <span class='ocrx_word' id='word_1_111' title='bbox 751 1237 843 1265; x_wconf 94' lang='lat' dir='ltr'>non</span> <span class='ocrx_word' id='word_1_112' title='bbox 880 1225 982 1272; x_wconf 89' lang='lat' dir='ltr'>scit,</span> <span class='ocrx_word' id='word_1_113' title='bbox 1015 1224 1143 1278; x_wconf 89' lang='lat' dir='ltr'>quod·</span> <span class='ocrx_word' id='word_1_114' title='bbox 1177 1225 1251 1278; x_wconf 91' lang='lat' dir='ltr'>qui</span> <span class='ocrx_word' id='word_1_115' title='bbox 1288 1224 1470 1266; x_wconf 85' lang='lat' dir='ltr'>adulter</span> <span class='ocrx_word' id='word_1_116' title='bbox 1506 1231 1594 1274; x_wconf 91' lang='lat' dir='ltr'>est,</span> <span class='ocrx_word' id='word_1_117' title='bbox 1628 1239 1721 1266; x_wconf 91' lang='lat' dir='ltr'>non</span> 
     </span>
     <span class='ocr_line' id='line_1_15' title="bbox 219 1286 1723 1336; baseline 0.001 -8"><span class='ocrx_word' id='word_1_118' title='bbox 219 1286 324 1328; x_wconf 92' lang='lat' dir='ltr'>ideo</span> <span class='ocrx_word' id='word_1_119' title='bbox 354 1287 414 1328; x_wconf 91' lang='lat' dir='ltr'>sit</span> <span class='ocrx_word' id='word_1_120' title='bbox 446 1286 692 1336; x_wconf 87' lang='lat' dir='ltr'>homicida,</span> <span class='ocrx_word' id='word_1_121' title='bbox 718 1286 799 1336; x_wconf 90' lang='lat' dir='ltr'>fur,</span> <span class='ocrx_word' id='word_1_122' title='bbox 827 1293 875 1329; x_wconf 93' lang='lat' dir='ltr'>et</span> <span class='ocrx_word' id='word_1_123' title='bbox 905 1286 1044 1328; x_wconf 88' lang='lat' dir='ltr'>falsus</span> <span class='ocrx_word' id='word_1_124' title='bbox 1070 1288 1221 1336; x_wconf 89' lang='lat' dir='ltr'>testis,</span> <span class='ocrx_word' id='word_1_125' title='bbox 1251 1301 1335 1329; x_wconf 92' lang='lat' dir='ltr'>nec</span> <span class='ocrx_word' id='word_1_126' title='bbox 1369 1288 1482 1329; x_wconf 90' lang='lat' dir='ltr'>velit</span> <span class='ocrx_word' id='word_1_127' title='bbox 1510 1288 1641 1329; x_wconf 90' lang='lat' dir='ltr'>esse?</span> <span class='ocrx_word' id='word_1_128' title='bbox 1673 1294 1723 1330; x_wconf 90' lang='lat' dir='ltr'>at</span> 
     </span>
     <span class='ocr_line' id='line_1_16' title="bbox 219 1349 1722 1404; baseline 0.002 -14"><span class='ocrx_word' id='word_1_129' title='bbox 219 1350 294 1403; x_wconf 91' lang='lat' dir='ltr'>qui</span> <span class='ocrx_word' id='word_1_130' title='bbox 318 1349 501 1391; x_wconf 86' lang='lat' dir='ltr'>adulter</span> <span class='ocrx_word' id='word_1_131' title='bbox 527 1364 587 1391; x_wconf 92' lang='lat' dir='ltr'>ex</span> <span class='ocrx_word' id='word_1_132' title='bbox 614 1351 853 1404; x_wconf 88' lang='lat' dir='ltr'>proposito</span> <span class='ocrx_word' id='word_1_133' title='bbox 880 1355 926 1391; x_wconf 89' lang='lat' dir='ltr'>et</span> <span class='ocrx_word' id='word_1_134' title='bbox 951 1350 1224 1392; x_wconf 87' lang='lat' dir='ltr'>confirmato</span> <span class='ocrx_word' id='word_1_135' title='bbox 1251 1357 1338 1401; x_wconf 86' lang='lat' dir='ltr'>est,</span> <span class='ocrx_word' id='word_1_136' title='bbox 1357 1350 1429 1392; x_wconf 91' lang='lat' dir='ltr'>hic</span> <span class='ocrx_word' id='word_1_137' title='bbox 1457 1351 1586 1392; x_wconf 91' lang='lat' dir='ltr'>nihili</span> <span class='ocrx_word' id='word_1_138' title='bbox 1612 1351 1722 1393; x_wconf 84' lang='lat' dir='ltr'>facit</span> 
     </span>
     <span class='ocr_line' id='line_1_17' title="bbox 219 1413 1724 1467; baseline 0.001 -14"><span class='ocrx_word' id='word_1_139' title='bbox 219 1413 373 1454; x_wconf 88' lang='lat' dir='ltr'>omnia</span> <span class='ocrx_word' id='word_1_140' title='bbox 408 1427 524 1467; x_wconf 90' lang='lat' dir='ltr'>quae</span> <span class='ocrx_word' id='word_1_141' title='bbox 560 1414 810 1467; x_wconf 88' lang='lat' dir='ltr'>religionis,</span> <span class='ocrx_word' id='word_1_142' title='bbox 843 1414 909 1455; x_wconf 91' lang='lat' dir='ltr'>ita</span> <span class='ocrx_word' id='word_1_143' title='bbox 948 1427 1031 1455; x_wconf 91' lang='lat' dir='ltr'>nec</span> <span class='ocrx_word' id='word_1_144' title='bbox 1066 1413 1328 1464; x_wconf 91' lang='lat' dir='ltr'>homicidia,</span> <span class='ocrx_word' id='word_1_145' title='bbox 1362 1414 1483 1455; x_wconf 83' lang='lat' dir='ltr'>furta</span> <span class='ocrx_word' id='word_1_146' title='bbox 1524 1420 1571 1455; x_wconf 92' lang='lat' dir='ltr'>et</span> <span class='ocrx_word' id='word_1_147' title='bbox 1608 1413 1724 1455; x_wconf 87' lang='lat' dir='ltr'>falsa</span> 
     </span>
     <span class='ocr_line' id='line_1_18' title="bbox 220 1476 1723 1531; baseline 0.001 -14"><span class='ocrx_word' id='word_1_148' title='bbox 220 1477 513 1528; x_wconf 85' lang='lat' dir='ltr'>testimonia;</span> <span class='ocrx_word' id='word_1_149' title='bbox 559 1483 607 1518; x_wconf 92' lang='lat' dir='ltr'>et</span> <span class='ocrx_word' id='word_1_150' title='bbox 649 1477 770 1531; x_wconf 92' lang='lat' dir='ltr'>quod</span> <span class='ocrx_word' id='word_1_151' title='bbox 812 1477 869 1518; x_wconf 89' lang='lat' dir='ltr'>ab</span> <span class='ocrx_word' id='word_1_152' title='bbox 900 1476 971 1518; x_wconf 92' lang='lat' dir='ltr'>his</span> <span class='ocrx_word' id='word_1_153' title='bbox 1002 1490 1094 1518; x_wconf 91' lang='lat' dir='ltr'>non</span> <span class='ocrx_word' id='word_1_154' title='bbox 1127 1477 1360 1518; x_wconf 87' lang='lat' dir='ltr'>abstineat</span> <span class='ocrx_word' id='word_1_155' title='bbox 1391 1478 1495 1531; x_wconf 89' lang='lat' dir='ltr'>quia</span> <span class='ocrx_word' id='word_1_156' title='bbox 1527 1484 1723 1531; x_wconf 88' lang='lat' dir='ltr'>peccata</span> 
     </span>
     <span class='ocr_line' id='line_1_19' title="bbox 219 1539 1722 1593; baseline 0.001 -13"><span class='ocrx_word' id='word_1_157' title='bbox 219 1545 340 1588; x_wconf 87' lang='lat' dir='ltr'>sunt,</span> <span class='ocrx_word' id='word_1_158' title='bbox 369 1539 449 1580; x_wconf 91' lang='lat' dir='ltr'>sed</span> <span class='ocrx_word' id='word_1_159' title='bbox 476 1540 580 1593; x_wconf 91' lang='lat' dir='ltr'>quia</span> <span class='ocrx_word' id='word_1_160' title='bbox 603 1540 738 1581; x_wconf 90' lang='lat' dir='ltr'>timet</span> <span class='ocrx_word' id='word_1_161' title='bbox 765 1539 916 1593; x_wconf 87' lang='lat' dir='ltr'>legem</span> <span class='ocrx_word' id='word_1_162' title='bbox 943 1546 991 1582; x_wconf 91' lang='lat' dir='ltr'>et</span> <span class='ocrx_word' id='word_1_163' title='bbox 1017 1539 1215 1581; x_wconf 86' lang='lat' dir='ltr'>famam?</span> <span class='ocrx_word' id='word_1_164' title='bbox 1276 1539 1412 1592; x_wconf 84' lang='lat' dir='ltr'>Quod</span> <span class='ocrx_word' id='word_1_165' title='bbox 1439 1541 1634 1582; x_wconf 88' lang='lat' dir='ltr'>adulteri</span> <span class='ocrx_word' id='word_1_166' title='bbox 1661 1555 1722 1582; x_wconf 90' lang='lat' dir='ltr'>ex</span> 
     </span>
     <span class='ocr_line' id='line_1_20' title="bbox 219 1601 1722 1656; baseline 0.001 -13"><span class='ocrx_word' id='word_1_167' title='bbox 219 1603 460 1656; x_wconf 91' lang='lat' dir='ltr'>proposito</span> <span class='ocrx_word' id='word_1_168' title='bbox 482 1609 529 1644; x_wconf 92' lang='lat' dir='ltr'>et</span> <span class='ocrx_word' id='word_1_169' title='bbox 552 1617 612 1644; x_wconf 93' lang='lat' dir='ltr'>ex</span> <span class='ocrx_word' id='word_1_170' title='bbox 635 1602 907 1645; x_wconf 90' lang='lat' dir='ltr'>confirmato</span> <span class='ocrx_word' id='word_1_171' title='bbox 930 1602 1058 1644; x_wconf 90' lang='lat' dir='ltr'>nihili</span> <span class='ocrx_word' id='word_1_172' title='bbox 1084 1603 1290 1656; x_wconf 90' lang='lat' dir='ltr'>pendant</span> <span class='ocrx_word' id='word_1_173' title='bbox 1313 1601 1474 1644; x_wconf 68' lang='lat' dir='ltr'>sancta</span> <span class='ocrx_word' id='word_1_174' title='bbox 1496 1603 1722 1645; x_wconf 90' lang='lat' dir='ltr'>ecclesiae</span> 
     </span>
     <span class='ocr_line' id='line_1_21' title="bbox 220 1665 1721 1720; baseline 0 -14"><span class='ocrx_word' id='word_1_175' title='bbox 220 1672 266 1707; x_wconf 94' lang='lat' dir='ltr'>et</span> <span class='ocrx_word' id='word_1_176' title='bbox 290 1666 537 1719; x_wconf 55' lang='lat' dir='ltr'>relQionis,</span> <span class='ocrx_word' id='word_1_177' title='bbox 562 1666 772 1707; x_wconf 90' lang='lat' dir='ltr'>videatur</span> <span class='ocrx_word' id='word_1_178' title='bbox 793 1679 930 1719; x_wconf 90' lang='lat' dir='ltr'>supra</span> <span class='ocrx_word' id='word_1_179' title='bbox 954 1665 1016 1720; x_wconf 91' lang='lat' dir='ltr'>(n.</span> <span class='ocrx_word' id='word_1_180' title='bbox 1033 1677 1246 1719; x_wconf 86' lang='lat'>490—493,</span> <span class='ocrx_word' id='word_1_181' title='bbox 1267 1672 1314 1707; x_wconf 93' lang='lat' dir='ltr'>et</span> <span class='ocrx_word' id='word_1_182' title='bbox 1340 1666 1384 1706; x_wconf 92' lang='lat' dir='ltr'>in</span> <span class='ocrx_word' id='word_1_183' title='bbox 1407 1666 1524 1706; x_wconf 90' lang='lat' dir='ltr'>binis</span> <span class='ocrx_word' id='word_1_184' title='bbox 1542 1665 1721 1707; x_wconf 89' lang='lat' dir='ltr'>Memo-</span> 
     </span>
     <span class='ocr_line' id='line_1_22' title="bbox 220 1728 1722 1783; baseline 0 -13"><span class='ocrx_word' id='word_1_185' title='bbox 220 1729 434 1770; x_wconf 88' lang='lat' dir='ltr'>rabilibus</span> <span class='ocrx_word' id='word_1_186' title='bbox 461 1742 503 1770; x_wconf 91' lang='lat' dir='ltr'>n.</span> <span class='ocrx_word' id='word_1_187' title='bbox 533 1738 627 1782; x_wconf 85' lang='lat'>500,</span> <span class='ocrx_word' id='word_1_188' title='bbox 656 1735 702 1770; x_wconf 92' lang='lat' dir='ltr'>et</span> <span class='ocrx_word' id='word_1_189' title='bbox 733 1738 826 1782; x_wconf 84' lang='lat'>521,</span> <span class='ocrx_word' id='word_1_190' title='bbox 858 1728 974 1783; x_wconf 87' lang='lat'><strong>522).</strong></span> <span class='ocrx_word' id='word_1_191' title='bbox 1036 1728 1192 1770; x_wconf 87' lang='lat' dir='ltr'>Simile</span> <span class='ocrx_word' id='word_1_192' title='bbox 1220 1735 1306 1776; x_wconf 89' lang='lat' dir='ltr'>est,</span> <span class='ocrx_word' id='word_1_193' title='bbox 1336 1729 1372 1768; x_wconf 92' lang='lat' dir='ltr'>si</span> <span class='ocrx_word' id='word_1_194' title='bbox 1404 1729 1503 1782; x_wconf 92' lang='lat' dir='ltr'>quis</span> <span class='ocrx_word' id='word_1_195' title='bbox 1530 1743 1590 1770; x_wconf 91' lang='lat' dir='ltr'>ex</span> <span class='ocrx_word' id='word_1_196' title='bbox 1616 1743 1722 1783; x_wconf 91' lang='lat' dir='ltr'>pro-</span> 
     </span>
     <span class='ocr_line' id='line_1_23' title="bbox 220 1791 1720 1847; baseline -0.001 -13"><span class='ocrx_word' id='word_1_197' title='bbox 220 1793 374 1847; x_wconf 87' lang='lat' dir='ltr'>posito</span> <span class='ocrx_word' id='word_1_198' title='bbox 419 1799 498 1834; x_wconf 90' lang='lat' dir='ltr'>aut</span> <span class='ocrx_word' id='word_1_199' title='bbox 545 1792 814 1834; x_wconf 90' lang='lat' dir='ltr'>confirmato</span> <span class='ocrx_word' id='word_1_200' title='bbox 860 1799 1023 1834; x_wconf 92' lang='lat' dir='ltr'>contra</span> <span class='ocrx_word' id='word_1_201' title='bbox 1071 1805 1208 1833; x_wconf 89' lang='lat' dir='ltr'>unum</span> <span class='ocrx_word' id='word_1_202' title='bbox 1254 1791 1377 1832; x_wconf 92' lang='lat' dir='ltr'>aliud</span> <span class='ocrx_word' id='word_1_203' title='bbox 1423 1798 1720 1846; x_wconf 90' lang='lat' dir='ltr'>praeceptum</span> 
     </span>
     <span class='ocr_line' id='line_1_24' title="bbox 220 1854 1722 1910; baseline -0.001 -13"><span class='ocrx_word' id='word_1_204' title='bbox 220 1856 432 1909; x_wconf 88' lang='lat' dir='ltr'>decalogi</span> <span class='ocrx_word' id='word_1_205' title='bbox 463 1856 576 1910; x_wconf 89' lang='lat' dir='ltr'>agit,</span> <span class='ocrx_word' id='word_1_206' title='bbox 610 1856 731 1910; x_wconf 92' lang='lat' dir='ltr'>quod</span> <span class='ocrx_word' id='word_1_207' title='bbox 764 1856 906 1897; x_wconf 89' lang='lat' dir='ltr'>etiarn</span> <span class='ocrx_word' id='word_1_208' title='bbox 939 1861 1099 1897; x_wconf 92' lang='lat' dir='ltr'>contra</span> <span class='ocrx_word' id='word_1_209' title='bbox 1130 1854 1304 1909; x_wconf 90' lang='lat' dir='ltr'>reliqua</span> <span class='ocrx_word' id='word_1_210' title='bbox 1336 1861 1463 1907; x_wconf 87' lang='lat' dir='ltr'>agat,</span> <span class='ocrx_word' id='word_1_211' title='bbox 1492 1855 1596 1908; x_wconf 89' lang='lat' dir='ltr'>quia</span> <span class='ocrx_word' id='word_1_212' title='bbox 1627 1868 1722 1896; x_wconf 91' lang='lat' dir='ltr'>non</span> 
     </span>
     <span class='ocr_line' id='line_1_25' title="bbox 220 1919 881 1974; baseline 0 -14"><span class='ocrx_word' id='word_1_213' title='bbox 220 1919 389 1974; x_wconf 91' lang='lat' dir='ltr'>aliquid</span> <span class='ocrx_word' id='word_1_214' title='bbox 415 1926 598 1973; x_wconf 90' lang='lat' dir='ltr'>reputat</span> <span class='ocrx_word' id='word_1_215' title='bbox 625 1926 881 1972; x_wconf 88' lang='lat' dir='ltr'>peccatum.</span> 
     </span>
    </p>

    <p class='ocr_par' dir='ltr' id='par_1_4' title="bbox 219 1980 1721 2860">
     <span class='ocr_line' id='line_1_26' title="bbox 303 1980 1721 2036; baseline -0.001 -13"><span class='ocrx_word' id='word_1_216' title='bbox 303 1991 435 2036; x_wconf 79' lang='lat'><strong>529.</strong></span> <span class='ocrx_word' id='word_1_217' title='bbox 477 1982 724 2024; x_wconf 90' lang='lat' dir='ltr'>Consimile</span> <span class='ocrx_word' id='word_1_218' title='bbox 751 1988 821 2023; x_wconf 93' lang='lat' dir='ltr'>est</span> <span class='ocrx_word' id='word_1_219' title='bbox 847 1981 967 2036; x_wconf 90' lang='lat' dir='ltr'>apud</span> <span class='ocrx_word' id='word_1_220' title='bbox 999 1981 1117 2030; x_wconf 84' lang='lat' dir='ltr'>illos,</span> <span class='ocrx_word' id='word_1_221' title='bbox 1145 1981 1220 2034; x_wconf 86' lang='lat' dir='ltr'>qui</span> <span class='ocrx_word' id='word_1_222' title='bbox 1246 1981 1290 2022; x_wconf 91' lang='lat' dir='ltr'>in</span> <span class='ocrx_word' id='word_1_223' title='bbox 1317 1980 1440 2021; x_wconf 90' lang='lat' dir='ltr'>bono</span> <span class='ocrx_word' id='word_1_224' title='bbox 1467 1994 1494 2021; x_wconf 91' lang='lat' dir='ltr'>a</span> <span class='ocrx_word' id='word_1_225' title='bbox 1520 1980 1721 2021; x_wconf 88' lang='lat' dir='ltr'>Domino</span> 
     </span>
     <span class='ocr_line' id='line_1_27' title="bbox 220 2043 1719 2097; baseline -0.001 -11"><span class='ocrx_word' id='word_1_226' title='bbox 220 2052 350 2096; x_wconf 85' lang='lat' dir='ltr'>sunt3</span> <span class='ocrx_word' id='word_1_227' title='bbox 394 2046 438 2086; x_wconf 89' lang='lat' dir='ltr'>hi</span> <span class='ocrx_word' id='word_1_228' title='bbox 470 2046 507 2086; x_wconf 88' lang='lat' dir='ltr'>si</span> <span class='ocrx_word' id='word_1_229' title='bbox 539 2060 598 2087; x_wconf 90' lang='lat' dir='ltr'>ex</span> <span class='ocrx_word' id='word_1_230' title='bbox 631 2045 870 2087; x_wconf 91' lang='lat' dir='ltr'>voluntate</span> <span class='ocrx_word' id='word_1_231' title='bbox 901 2052 949 2087; x_wconf 89' lang='lat' dir='ltr'>et</span> <span class='ocrx_word' id='word_1_232' title='bbox 981 2043 1236 2094; x_wconf 67' lang='lat' dir='ltr'>intellectu,</span> <span class='ocrx_word' id='word_1_233' title='bbox 1269 2058 1349 2084; x_wconf 90' lang='lat' dir='ltr'>seu</span> <span class='ocrx_word' id='word_1_234' title='bbox 1386 2057 1446 2084; x_wconf 91' lang='lat' dir='ltr'>ex</span> <span class='ocrx_word' id='word_1_235' title='bbox 1479 2044 1719 2097; x_wconf 90' lang='lat' dir='ltr'>proposito</span> 
     </span>
     <span class='ocr_line' id='line_1_28' title="bbox 220 2107 1718 2161; baseline -0.002 -11"><span class='ocrx_word' id='word_1_236' title='bbox 220 2116 267 2150; x_wconf 93' lang='lat' dir='ltr'>et</span> <span class='ocrx_word' id='word_1_237' title='bbox 294 2108 579 2158; x_wconf 86' lang='lat' dir='ltr'>confirmato,</span> <span class='ocrx_word' id='word_1_238' title='bbox 603 2109 840 2150; x_wconf 86' lang='lat' dir='ltr'>abstinent</span> <span class='ocrx_word' id='word_1_239' title='bbox 868 2108 926 2150; x_wconf 87' lang='lat' dir='ltr'>ab</span> <span class='ocrx_word' id='word_1_240' title='bbox 952 2122 1042 2149; x_wconf 93' lang='lat' dir='ltr'>uno</span> <span class='ocrx_word' id='word_1_241' title='bbox 1069 2107 1207 2156; x_wconf 90' lang='lat' dir='ltr'>malo,</span> <span class='ocrx_word' id='word_1_242' title='bbox 1232 2107 1335 2161; x_wconf 89' lang='lat' dir='ltr'>quia</span> <span class='ocrx_word' id='word_1_243' title='bbox 1358 2113 1603 2160; x_wconf 90' lang='lat' dir='ltr'>peccatum</span> <span class='ocrx_word' id='word_1_244' title='bbox 1629 2113 1718 2156; x_wconf 91' lang='lat' dir='ltr'>est,</span> 
     </span>
     <span class='ocr_line' id='line_1_29' title="bbox 219 2170 1719 2226; baseline -0.001 -14"><span class='ocrx_word' id='word_1_245' title='bbox 219 2173 456 2214; x_wconf 88' lang='lat' dir='ltr'>abstinent</span> <span class='ocrx_word' id='word_1_246' title='bbox 482 2173 539 2213; x_wconf 89' lang='lat' dir='ltr'>ab</span> <span class='ocrx_word' id='word_1_247' title='bbox 565 2173 791 2222; x_wconf 88' lang='lat' dir='ltr'>omnibus,</span> <span class='ocrx_word' id='word_1_248' title='bbox 819 2179 867 2214; x_wconf 92' lang='lat' dir='ltr'>et</span> <span class='ocrx_word' id='word_1_249' title='bbox 894 2172 995 2226; x_wconf 91' lang='lat' dir='ltr'>plus</span> <span class='ocrx_word' id='word_1_250' title='bbox 1021 2171 1170 2213; x_wconf 92' lang='lat' dir='ltr'>adhuc</span> <span class='ocrx_word' id='word_1_251' title='bbox 1198 2172 1235 2212; x_wconf 88' lang='lat' dir='ltr'>si</span> <span class='ocrx_word' id='word_1_252' title='bbox 1262 2171 1501 2212; x_wconf 90' lang='lat' dir='ltr'>abstinent</span> <span class='ocrx_word' id='word_1_253' title='bbox 1527 2184 1553 2211; x_wconf 86' lang='lat' dir='ltr'>a</span> <span class='ocrx_word' id='word_1_254' title='bbox 1580 2170 1719 2223; x_wconf 92' lang='lat' dir='ltr'>pluri-</span> 
     </span>
     <span class='ocr_line' id='line_1_30' title="bbox 221 2232 1719 2289; baseline -0.002 -13"><span class='ocrx_word' id='word_1_255' title='bbox 221 2235 328 2276; x_wconf 88' lang='lat' dir='ltr'>bus:</span> <span class='ocrx_word' id='word_1_256' title='bbox 362 2241 410 2276; x_wconf 92' lang='lat' dir='ltr'>ut</span> <span class='ocrx_word' id='word_1_257' title='bbox 434 2236 625 2289; x_wconf 88' lang='lat' dir='ltr'>primum</span> <span class='ocrx_word' id='word_1_258' title='bbox 651 2237 772 2277; x_wconf 88' lang='lat' dir='ltr'>enim</span> <span class='ocrx_word' id='word_1_259' title='bbox 798 2235 960 2289; x_wconf 89' lang='lat' dir='ltr'>aliquis</span> <span class='ocrx_word' id='word_1_260' title='bbox 987 2249 1047 2276; x_wconf 89' lang='lat' dir='ltr'>ex</span> <span class='ocrx_word' id='word_1_261' title='bbox 1074 2235 1312 2288; x_wconf 88' lang='lat' dir='ltr'>proposito</span> <span class='ocrx_word' id='word_1_262' title='bbox 1340 2240 1418 2274; x_wconf 90' lang='lat' dir='ltr'>aut</span> <span class='ocrx_word' id='word_1_263' title='bbox 1446 2232 1719 2274; x_wconf 90' lang='lat' dir='ltr'>confirmato</span> 
     </span>
     <span class='ocr_line' id='line_1_31' title="bbox 219 2296 1721 2354; baseline -0.001 -15"><span class='ocrx_word' id='word_1_264' title='bbox 219 2299 278 2340; x_wconf 92' lang='lat' dir='ltr'>ab</span> <span class='ocrx_word' id='word_1_265' title='bbox 299 2298 450 2352; x_wconf 90' lang='lat' dir='ltr'>aliquo</span> <span class='ocrx_word' id='word_1_266' title='bbox 473 2299 608 2348; x_wconf 88' lang='lat' dir='ltr'>malo,</span> <span class='ocrx_word' id='word_1_267' title='bbox 628 2300 731 2354; x_wconf 89' lang='lat' dir='ltr'>quia</span> <span class='ocrx_word' id='word_1_268' title='bbox 754 2306 996 2353; x_wconf 90' lang='lat' dir='ltr'>peccatum</span> <span class='ocrx_word' id='word_1_269' title='bbox 1020 2305 1105 2347; x_wconf 88' lang='lat' dir='ltr'>est,</span> <span class='ocrx_word' id='word_1_270' title='bbox 1130 2298 1349 2346; x_wconf 90' lang='lat' dir='ltr'>abstinet,</span> <span class='ocrx_word' id='word_1_271' title='bbox 1370 2296 1447 2337; x_wconf 93' lang='lat' dir='ltr'>ille</span> <span class='ocrx_word' id='word_1_272' title='bbox 1471 2310 1496 2336; x_wconf 90' lang='lat' dir='ltr'>a</span> <span class='ocrx_word' id='word_1_273' title='bbox 1519 2296 1721 2338; x_wconf 90' lang='lat' dir='ltr'>Domino</span> 
     </span>
     <span class='ocr_line' id='line_1_32' title="bbox 219 2359 1721 2416; baseline -0.002 -14"><span class='ocrx_word' id='word_1_274' title='bbox 219 2362 263 2403; x_wconf 90' lang='lat' dir='ltr'>in</span> <span class='ocrx_word' id='word_1_275' title='bbox 296 2362 533 2416; x_wconf 90' lang='lat' dir='ltr'>proposito</span> <span class='ocrx_word' id='word_1_276' title='bbox 563 2363 825 2404; x_wconf 86' lang='lat' dir='ltr'>abstinendi</span> <span class='ocrx_word' id='word_1_277' title='bbox 865 2376 892 2403; x_wconf 91' lang='lat' dir='ltr'>a</span> <span class='ocrx_word' id='word_1_278' title='bbox 930 2361 1113 2415; x_wconf 87' lang='lat' dir='ltr'>reliquis</span> <span class='ocrx_word' id='word_1_279' title='bbox 1146 2367 1360 2410; x_wconf 90' lang='lat' dir='ltr'>tenetur;</span> <span class='ocrx_word' id='word_1_280' title='bbox 1403 2373 1542 2413; x_wconf 89' lang='lat' dir='ltr'>quare</span> <span class='ocrx_word' id='word_1_281' title='bbox 1582 2359 1618 2400; x_wconf 91' lang='lat' dir='ltr'>si</span> <span class='ocrx_word' id='word_1_282' title='bbox 1659 2373 1721 2400; x_wconf 90' lang='lat' dir='ltr'>ex</span> 
     </span>
     <span class='ocr_line' id='line_1_33' title="bbox 219 2423 1719 2480; baseline -0.003 -14"><span class='ocrx_word' id='word_1_283' title='bbox 219 2426 400 2467; x_wconf 85' lang='lat' dir='ltr'>inscitia</span> <span class='ocrx_word' id='word_1_284' title='bbox 422 2432 499 2467; x_wconf 89' lang='lat' dir='ltr'>aut</span> <span class='ocrx_word' id='word_1_285' title='bbox 525 2440 584 2467; x_wconf 90' lang='lat' dir='ltr'>ex</span> <span class='ocrx_word' id='word_1_286' title='bbox 611 2426 907 2480; x_wconf 85' lang='lat' dir='ltr'>praevalente</span> <span class='ocrx_word' id='word_1_287' title='bbox 929 2425 1081 2478; x_wconf 90' lang='lat' dir='ltr'>aliqua</span> <span class='ocrx_word' id='word_1_288' title='bbox 1104 2424 1306 2477; x_wconf 88' lang='lat' dir='ltr'>corporis</span> <span class='ocrx_word' id='word_1_289' title='bbox 1330 2423 1719 2475; x_wconf 88' lang='lat' dir='ltr'>concupiscentia,</span> 
     </span>
     <span class='ocr_line' id='line_1_34' title="bbox 220 2485 1721 2543; baseline -0.003 -13"><span class='ocrx_word' id='word_1_290' title='bbox 220 2488 389 2530; x_wconf 85' lang='lat' dir='ltr'>malum</span> <span class='ocrx_word' id='word_1_291' title='bbox 416 2489 534 2538; x_wconf 86' lang='lat' dir='ltr'>facit,</span> <span class='ocrx_word' id='word_1_292' title='bbox 562 2503 702 2543; x_wconf 88' lang='lat' dir='ltr'>usque</span> <span class='ocrx_word' id='word_1_293' title='bbox 727 2488 813 2530; x_wconf 91' lang='lat' dir='ltr'>hoc</span> <span class='ocrx_word' id='word_1_294' title='bbox 842 2501 933 2530; x_wconf 90' lang='lat' dir='ltr'>non</span> <span class='ocrx_word' id='word_1_295' title='bbox 960 2488 1000 2529; x_wconf 90' lang='lat' dir='ltr'>ei</span> <span class='ocrx_word' id='word_1_296' title='bbox 1027 2488 1294 2540; x_wconf 88' lang='lat' dir='ltr'>imputatur,</span> <span class='ocrx_word' id='word_1_297' title='bbox 1319 2486 1423 2539; x_wconf 90' lang='lat' dir='ltr'>quia</span> <span class='ocrx_word' id='word_1_298' title='bbox 1448 2485 1492 2526; x_wconf 90' lang='lat' dir='ltr'>id</span> <span class='ocrx_word' id='word_1_299' title='bbox 1517 2485 1601 2526; x_wconf 91' lang='lat' dir='ltr'>sibi</span> <span class='ocrx_word' id='word_1_300' title='bbox 1628 2498 1721 2526; x_wconf 91' lang='lat' dir='ltr'>non</span> 
     </span>
     <span class='ocr_line' id='line_1_35' title="bbox 220 2548 1719 2607; baseline -0.005 -13"><span class='ocrx_word' id='word_1_301' title='bbox 220 2552 470 2607; x_wconf 87' lang='lat' dir='ltr'>proposuit,</span> <span class='ocrx_word' id='word_1_302' title='bbox 498 2565 580 2593; x_wconf 90' lang='lat' dir='ltr'>nec</span> <span class='ocrx_word' id='word_1_303' title='bbox 607 2552 726 2606; x_wconf 91' lang='lat' dir='ltr'>apud</span> <span class='ocrx_word' id='word_1_304' title='bbox 753 2566 802 2594; x_wconf 89' lang='lat' dir='ltr'>se</span> <span class='ocrx_word' id='word_1_305' title='bbox 828 2550 1080 2593; x_wconf 89' lang='lat' dir='ltr'>confirmat.</span> <span class='ocrx_word' id='word_1_306' title='bbox 1144 2549 1299 2590; x_wconf 88' lang='lat' dir='ltr'>Homo</span> <span class='ocrx_word' id='word_1_307' title='bbox 1325 2548 1368 2589; x_wconf 92' lang='lat' dir='ltr'>in</span> <span class='ocrx_word' id='word_1_308' title='bbox 1393 2548 1480 2588; x_wconf 91' lang='lat' dir='ltr'>hoc</span> <span class='ocrx_word' id='word_1_309' title='bbox 1508 2548 1719 2601; x_wconf 88' lang='lat' dir='ltr'>proposi-</span> 
     </span>
     <span class='ocr_line' id='line_1_36' title="bbox 219 2610 1715 2665; baseline -0.004 -8"><span class='ocrx_word' id='word_1_310' title='bbox 219 2624 316 2658; x_wconf 92' lang='lat' dir='ltr'>tum</span> <span class='ocrx_word' id='word_1_311' title='bbox 339 2616 481 2664; x_wconf 89' lang='lat' dir='ltr'>venit,</span> <span class='ocrx_word' id='word_1_312' title='bbox 506 2616 542 2656; x_wconf 91' lang='lat' dir='ltr'>si</span> <span class='ocrx_word' id='word_1_313' title='bbox 564 2615 706 2656; x_wconf 88' lang='lat' dir='ltr'>semel</span> <span class='ocrx_word' id='word_1_314' title='bbox 728 2622 806 2656; x_wconf 90' lang='lat' dir='ltr'>aut</span> <span class='ocrx_word' id='word_1_315' title='bbox 828 2615 897 2657; x_wconf 90' lang='lat' dir='ltr'>bis</span> <span class='ocrx_word' id='word_1_316' title='bbox 922 2615 967 2655; x_wconf 90' lang='lat' dir='ltr'>in</span> <span class='ocrx_word' id='word_1_317' title='bbox 990 2627 1112 2655; x_wconf 91' lang='lat' dir='ltr'>anno</span> <span class='ocrx_word' id='word_1_318' title='bbox 1135 2612 1352 2665; x_wconf 87' lang='lat' dir='ltr'>explorat</span> <span class='ocrx_word' id='word_1_319' title='bbox 1376 2625 1439 2660; x_wconf 90' lang='lat' dir='ltr'>se,</span> <span class='ocrx_word' id='word_1_320' title='bbox 1460 2617 1507 2652; x_wconf 93' lang='lat' dir='ltr'>et</span> <span class='ocrx_word' id='word_1_321' title='bbox 1530 2625 1556 2651; x_wconf 90' lang='lat' dir='ltr'>a</span> <span class='ocrx_word' id='word_1_322' title='bbox 1579 2610 1715 2659; x_wconf 89' lang='lat' dir='ltr'>malo,</span> 
     </span>
     <span class='ocr_line' id='line_1_37' title="bbox 219 2675 1719 2733; baseline -0.004 -14"><span class='ocrx_word' id='word_1_323' title='bbox 219 2678 340 2733; x_wconf 90' lang='lat' dir='ltr'>quod</span> <span class='ocrx_word' id='word_1_324' title='bbox 366 2677 669 2732; x_wconf 88' lang='lat' dir='ltr'>deprehendit</span> <span class='ocrx_word' id='word_1_325' title='bbox 696 2678 815 2732; x_wconf 91' lang='lat' dir='ltr'>apud</span> <span class='ocrx_word' id='word_1_326' title='bbox 841 2692 904 2727; x_wconf 92' lang='lat' dir='ltr'>se,</span> <span class='ocrx_word' id='word_1_327' title='bbox 933 2677 1202 2730; x_wconf 86' lang='lat' dir='ltr'>resipiscat;</span> <span class='ocrx_word' id='word_1_328' title='bbox 1236 2675 1369 2716; x_wconf 91' lang='lat' dir='ltr'>aliter</span> <span class='ocrx_word' id='word_1_329' title='bbox 1395 2675 1469 2728; x_wconf 92' lang='lat' dir='ltr'>qui</span> <span class='ocrx_word' id='word_1_330' title='bbox 1497 2686 1719 2727; x_wconf 90' lang='lat' dir='ltr'>nusquam</span> 
     </span>
     <span class='ocr_line' id='line_1_38' title="bbox 220 2737 1721 2796; baseline -0.004 -13"><span class='ocrx_word' id='word_1_331' title='bbox 220 2741 436 2796; x_wconf 86' lang='lat' dir='ltr'>explorat</span> <span class='ocrx_word' id='word_1_332' title='bbox 462 2755 523 2782; x_wconf 88' lang='lat' dir='ltr'>se.</span> <span class='ocrx_word' id='word_1_333' title='bbox 585 2741 660 2782; x_wconf 86' lang='lat' dir='ltr'>Ex</span> <span class='ocrx_word' id='word_1_334' title='bbox 685 2741 756 2782; x_wconf 89' lang='lat' dir='ltr'>his</span> <span class='ocrx_word' id='word_1_335' title='bbox 787 2741 1001 2795; x_wconf 85' lang='lat' dir='ltr'>patescit,</span> <span class='ocrx_word' id='word_1_336' title='bbox 1029 2740 1127 2794; x_wconf 91' lang='lat' dir='ltr'>quis</span> <span class='ocrx_word' id='word_1_337' title='bbox 1155 2744 1226 2780; x_wconf 88' lang='lat' dir='ltr'>est</span> <span class='ocrx_word' id='word_1_338' title='bbox 1253 2738 1323 2779; x_wconf 89' lang='lat' dir='ltr'>cui</span> <span class='ocrx_word' id='word_1_339' title='bbox 1350 2751 1442 2778; x_wconf 92' lang='lat' dir='ltr'>non</span> <span class='ocrx_word' id='word_1_340' title='bbox 1468 2737 1721 2791; x_wconf 85' lang='lat' dir='ltr'>imputatur</span> 
     </span>
     <span class='ocr_line' id='line_1_39' title="bbox 221 2805 1058 2860; baseline -0.004 -13"><span class='ocrx_word' id='word_1_341' title='bbox 221 2811 476 2860; x_wconf 85' lang='lat' dir='ltr'>peccatum,</span> <span class='ocrx_word' id='word_1_342' title='bbox 500 2810 547 2846; x_wconf 93' lang='lat' dir='ltr'>et</span> <span class='ocrx_word' id='word_1_343' title='bbox 573 2805 672 2858; x_wconf 91' lang='lat' dir='ltr'>quis</span> <span class='ocrx_word' id='word_1_344' title='bbox 698 2805 768 2845; x_wconf 88' lang='lat' dir='ltr'>cui</span> <span class='ocrx_word' id='word_1_345' title='bbox 794 2805 1058 2858; x_wconf 89' lang='lat' dir='ltr'>imputatur.</span> 
     </span>
    </p>

    <p class='ocr_par' dir='ltr' id='par_1_5' title="bbox 221 2862 1722 3048">
     <span class='ocr_line' id='line_1_40' title="bbox 305 2862 1722 2922; baseline -0.005 -12"><span class='ocrx_word' id='word_1_346' title='bbox 305 2878 442 2922; x_wconf 76' lang='lat'><strong>⁵30.</strong></span> <span class='ocrx_word' id='word_1_347' title='bbox 469 2866 552 2922; x_wconf 91' lang='lat' dir='ltr'><strong>(v.)</strong></span> <span class='ocrx_word' id='word_1_348' title='bbox 583 2866 711 2918; x_wconf 80' lang='lat' dir='ltr'>Quod</span> <span class='ocrx_word' id='word_1_349' title='bbox 722 2866 786 2908; x_wconf 84' lang='lat' dir='ltr'>sic</span> <span class='ocrx_word' id='word_1_350' title='bbox 799 2867 938 2908; x_wconf 80' lang='lat' dir='ltr'>cuivis</span> <span class='ocrx_word' id='word_1_351' title='bbox 953 2866 1195 2919; x_wconf 79' lang='lat' dir='ltr'>imputetur</span> <span class='ocrx_word' id='word_1_352' title='bbox 1207 2879 1334 2906; x_wconf 84' lang='lat' dir='ltr'>amor</span> <span class='ocrx_word' id='word_1_353' title='bbox 1345 2862 1722 2911; x_wconf 84' lang='lat' dir='ltr'>scortatorz&#39;us‚·—</span> 
     </span>
     <span class='ocr_line' id='line_1_41' title="bbox 221 2927 1717 2983; baseline -0.005 -9"><span class='ocrx_word' id='word_1_354' title='bbox 221 2933 451 2981; x_wconf 87' lang='lat' dir='ltr'>videlicet,</span> <span class='ocrx_word' id='word_1_355' title='bbox 480 2944 571 2972; x_wconf 91' lang='lat' dir='ltr'>non</span> <span class='ocrx_word' id='word_1_356' title='bbox 608 2931 858 2972; x_wconf 89' lang='lat' dir='ltr'>secundum</span> <span class='ocrx_word' id='word_1_357' title='bbox 884 2929 1017 2978; x_wconf 64' lang='lat' dir='ltr'>facta,</span> <span class='ocrx_word' id='word_1_358' title='bbox 1041 2928 1192 2983; x_wconf 90' lang='lat' dir='ltr'>qualia</span> <span class='ocrx_word' id='word_1_359' title='bbox 1231 2929 1276 2969; x_wconf 92' lang='lat' dir='ltr'>in</span> <span class='ocrx_word' id='word_1_360' title='bbox 1317 2927 1523 2968; x_wconf 86' lang='lat' dir='ltr'>externis</span> <span class='ocrx_word' id='word_1_361' title='bbox 1560 2937 1717 2967; x_wconf 89' lang='lat' dir='ltr'>coram</span> 
     </span>
     <span class='ocr_line' id='line_1_42' title="bbox 222 2988 1716 3048; baseline -0.005 -11"><span class='ocrx_word' id='word_1_362' title='bbox 222 2995 478 3038; x_wconf 89' lang='lat' dir='ltr'>hominibus</span> <span class='ocrx_word' id='word_1_363' title='bbox 507 2999 745 3048; x_wconf 88' lang='lat' dir='ltr'>apparent,</span> <span class='ocrx_word' id='word_1_364' title='bbox 773 2993 912 3034; x_wconf 90' lang='lat' dir='ltr'>immo</span> <span class='ocrx_word' id='word_1_365' title='bbox 949 3006 1032 3034; x_wconf 91' lang='lat' dir='ltr'>nec</span> <span class='ocrx_word' id='word_1_366' title='bbox 1067 2991 1218 3046; x_wconf 90' lang='lat' dir='ltr'>qualia</span> <span class='ocrx_word' id='word_1_367' title='bbox 1254 3003 1407 3033; x_wconf 91' lang='lat' dir='ltr'>coram</span> <span class='ocrx_word' id='word_1_368' title='bbox 1436 2989 1602 3043; x_wconf 89' lang='lat' dir='ltr'>judice,</span> <span class='ocrx_word' id='word_1_369' title='bbox 1634 2988 1716 3030; x_wconf 88' lang='lat' dir='ltr'>sed</span> 
     </span>
    </p>
   </div>
  </div>
 </body>
</html>
