2014 3386
295 352 310 382 1
321 339 376 395 3'6
750 351 994 386 DELICIAE
1025 350 1327 384 SAPIENTIAE

289 471 336 507 et
368 465 537 508 retinet
578 480 637 508 ex
678 466 861 522 proprio
891 464 1000 519 ejus,
1034 465 1155 520 quod
1186 464 1293 506 facit
1324 476 1479 516 suum;
1526 463 1647 519 quod
1678 463 1783 518 quia

287 528 626 582 homogeneum
666 536 752 581 est,
785 529 928 584 spirat
967 528 1280 577 reunitionem,
1324 533 1372 569 et
1411 540 1513 568 curn
1554 526 1780 568 reunitum

287 597 373 640 est,
398 599 468 633 est
495 593 611 634 sicut
635 593 680 633 in
702 606 751 634 se
773 605 875 634 curn
900 592 946 632 in
971 591 1065 640 illo,
1089 597 1137 632 et
1159 591 1369 632 vicissim.
1431 589 1566 643 Quod
1589 589 1781 631 facultas

287 654 616 708 conjunctionis
642 655 772 695 unius
793 668 931 696 sexus
957 666 1060 695 cum
1086 654 1234 695 altero
1256 655 1329 702 sit,
1354 668 1433 695 seu
1455 654 1576 708 quod
1603 655 1781 707 possint

285 718 415 767 uniri,
442 718 529 760 hoc
557 718 731 759 nullum
757 723 913 759 movet
936 717 1226 771 scrupulum;
1259 730 1343 759 nec
1370 718 1476 772 quin
1503 717 1561 758 sit
1587 717 1779 758 inclina·

285 782 351 823 tio
376 782 434 822 ad
460 781 831 835 conjungendum
852 794 928 833 se;
961 787 1204 835 utrumque
1230 781 1350 822 enim
1376 781 1613 835 autopsica
1635 794 1780 835 expe·

283 845 448 887 rientia
474 845 623 886 docet.

367 907 495 962 158.
539 907 624 962 (ii.)
661 906 792 959 Quod
815 921 942 950 amor
970 907 1232 963 conjugialz's
1262 909 1501 964 conjungat
1529 906 1644 948 duas
1678 907 1779 948 ani-

281 985 380 1012 mas
404 977 448 1012 et
470 971 572 1012 inde
595 978 758 1012 mentes
779 971 825 1012 in
847 970 1376 1025 unum—Unusquisque
1401 970 1540 1012 homo
1566 971 1779 1012 consistit

281 1049 342 1076 ex
382 1035 548 1084 anima,
582 1041 739 1076 mente
779 1040 826 1076 et
864 1047 1081 1088 corpore;
1124 1034 1275 1075 anima
1314 1040 1386 1075 est
1425 1034 1635 1074 intimum
1667 1033 1776 1087 ejus,

281 1111 411 1139 mens
447 1104 519 1140 est
557 1099 755 1140 medium
787 1097 896 1151 ejus,
931 1104 1178 1150 et1corpus
1219 1103 1291 1139 est
1323 1097 1573 1138 ultimum.‘
1605 1096 1778 1138 Anima

280 1162 384 1215 quia
409 1168 479 1202 est
511 1162 721 1203 intimum
743 1161 953 1211 hominis,
979 1167 1050 1203 est
1075 1161 1154 1202 illa
1175 1175 1234 1202 ex
1257 1161 1432 1214 origine
1457 1160 1701 1211 c,aelestis;
1729 1167 1777 1202 et

280 1237 409 1265 mens
435 1226 538 1279 quia
563 1231 634 1266 est
662 1225 860 1266 medium
893 1224 1000 1278 ejus,
1029 1230 1100 1266 est
1127 1238 1181 1265 ea
1206 1238 1265 1265 ex
1298 1224 1473 1277 origine
1504 1223 1775 1278 spiritualis;

278 1294 327 1330 et
359 1302 522 1342 corpus
554 1289 656 1343 quia
688 1294 759 1330 est
791 1288 1016 1337 ultimum,
1046 1294 1116 1330 est
1147 1288 1192 1329 id
1223 1302 1284 1329 ex
1324 1280 1498 1341 origine
1538 1287 1774 1329 naturale:

277 1352 357 1394 illa
383 1367 498 1407 quae
525 1367 584 1393 ex
611 1353 785 1405 origine
808 1352 1027 1394 caelestia
1053 1358 1174 1400 sunt,
1198 1358 1245 1393 et
1271 1351 1350 1392 illa
1375 1365 1490 1405 quae
1516 1364 1575 1393 ex
1601 1351 1776 1404 origine

277 1415 532 1469 spiritualia
557 1421 676 1464 sunt,
705 1429 797 1456 non
824 1422 930 1457 sunt
961 1416 1005 1456 in
1031 1416 1196 1469 spatio,
1221 1415 1301 1456 sed
1334 1421 1440 1456 sunt
1471 1415 1516 1455 in
1548 1427 1774 1468 apparen-

277 1481 353 1521 tiis
375 1480 536 1533 spatii;
569 1479 656 1520 hoc
680 1493 858 1533 quoque
881 1485 1037 1521 notum
1060 1485 1132 1520 est
1154 1479 1200 1520 in
1222 1479 1408 1528 mundo,
1432 1492 1570 1532 quare
1593 1479 1772 1528 dicitur,

276 1545 398 1598 quod
424 1544 482 1584 de
508 1543 816 1597 spiritualibus
842 1556 934 1584 non
966 1543 1216 1597 praedicari
1247 1543 1392 1595 possit
1418 1547 1662 1583 extensum
1688 1553 1772 1583 nec

277 1607 418 1648 locus.
482 1606 595 1648 Cum
621 1606 776 1660 itaque
798 1606 949 1659 spatia
971 1611 1078 1647 sunt
1100 1606 1411 1660 apparentiae,
1436 1606 1574 1646 etiarn
1597 1605 1774 1646 distan-

277 1672 369 1713 tiae
401 1676 447 1712 et
480 1670 767 1724 praesentiae
793 1675 900 1710 sunt
927 1670 1238 1724 apparentiae.
1310 1667 1446 1721 Quod
1477 1668 1773 1722 apparentiae

275 1735 596 1776 distantiarum
637 1739 684 1774 et
725 1734 1085 1786 praesentiarum
1125 1733 1170 1774 in
1210 1732 1382 1773 mundo
1419 1731 1641 1785 spirituali
1678 1732 1771 1774 sint

274 1798 523 1839 secundum
550 1797 885 1850 proximitates,
911 1796 1275 1850 propinquitates
1297 1802 1344 1836 et
1367 1794 1615 1836 affinitates
1641 1808 1770 1836 amo-

274 1862 347 1910 ris,
372 1861 416 1901 in
443 1860 670 1914 opusculis
693 1860 749 1901 de
771 1859 850 1900 illo
873 1859 1044 1900 mundo
1067 1859 1246 1912 saepius
1272 1859 1567 1911 indigitatum
1588 1864 1635 1899 et
1659 1871 1769 1899 con·

275 1924 502 1964 firmatum
535 1929 620 1964 est.
683 1922 810 1973 Haec
843 1921 964 1963 dicta
996 1928 1116 1971 sunt,
1150 1928 1199 1962 ut
1228 1923 1411 1970 sciatur,
1440 1922 1560 1975 quod
1592 1922 1770 1964 animae

274 1994 322 2029 et
349 1993 529 2028 mentes
555 1987 789 2027 hominum
815 1999 907 2027 non
929 1987 1020 2027 sint
1047 1986 1091 2026 in
1118 1986 1281 2039 spatio,
1306 1985 1423 2027 sicut
1451 1999 1642 2040 corpora
1666 1985 1769 2027 illo-

274 2064 387 2099 rum,
416 2051 520 2104 quia
550 2050 669 2099 illae,
698 2056 746 2091 ut
772 2063 907 2103 supra
937 2047 1106 2091 dictum
1133 2055 1219 2098 est,
1248 2063 1308 2090 ex
1340 2049 1515 2102 origine
1546 2048 1769 2090 caelestes

274 2119 321 2155 et
351 2112 611 2167 spirituales
643 2119 775 2164 sunt;
808 2119 855 2154 et
887 2113 991 2166 quia
1030 2126 1121 2153 non
1162 2113 1206 2153 in
1244 2113 1396 2166 spatio
1437 2118 1555 2159 sunt.
1590 2113 1769 2166 possint

273 2177 486 2230 conjungi
514 2177 630 2217 sicut
656 2177 701 2217 in
728 2189 879 2225 unum,
908 2176 1095 2217 tametsi
1123 2189 1212 2216 non
1239 2175 1371 2216 simul
1398 2175 1601 2229 corpora.
1663 2175 1766 2218 Hoc

273 2240 324 2281 fit
342 2241 558 2293 imprimis
577 2241 696 2280 inter
714 2238 945 2292 conjuges,
965 2240 1038 2293 qui
1056 2253 1103 2280 se
1123 2245 1281 2280 mutuo
1298 2239 1457 2280 intime
1475 2246 1658 2280 amant:
1686 2239 1767 2281 sed

272 2304 376 2357 quia
401 2303 567 2350 femina
593 2308 663 2343 est
695 2316 754 2343 ex
778 2303 887 2350 viro,
916 2308 963 2343 et
995 2301 1252 2355 conjunffio
1283 2302 1360 2343 illa
1391 2309 1461 2343 est
1494 2303 1669 2356 species
1695 2317 1767 2344 re·

272 2366 501 2415 unitionis,
526 2380 585 2406 ex
608 2366 782 2406 ratione
803 2365 944 2406 videri
971 2371 1138 2419 potest,
1163 2365 1283 2419 quod
1307 2379 1397 2406 non
1424 2366 1482 2406 sit
1508 2363 1767 2418 conjunftio

271 2429 317 2470 in
357 2442 508 2478 unum,
551 2429 631 2469 sed
671 2427 914 2481 adjunffio,
954 2429 1102 2469 vicina
1138 2434 1185 2469 et
1226 2429 1478 2482 propinqua
1517 2429 1765 2470 secundum

271 2504 489 2539 amorem,
524 2498 570 2532 et
607 2492 665 2532 ad
697 2490 959 2532 contactum
993 2491 1111 2545 apud
1143 2490 1246 2532 illos
1278 2491 1352 2544 qui
1392 2491 1435 2531 in
1475 2487 1629 2532 amore
1660 2505 1766 2533 vere

271 2554 513 2608 conjugiali
539 2561 670 2595 sunt:
704 2553 933 2608 adjunffio
964 2554 1076 2595 haec
1109 2554 1261 2595 vocari
1294 2560 1450 2607 potest
1483 2553 1765 2596 cohabitatio

272 2617 530 2671 spiritualiS,
554 2631 669 2671 quae
695 2618 828 2658 datur
853 2618 972 2671 apud
999 2616 1214 2670 conjuges
1237 2617 1310 2670 qui
1335 2630 1384 2657 se
1410 2622 1568 2658 tenere
1590 2623 1762 2667 amant,

271 2687 499 2734 utcunque
523 2680 699 2721 distant
725 2693 941 2734 corpore;
975 2680 1141 2720 dantur
1163 2679 1291 2733 plura
1316 2679 1594 2721 documenta
1618 2693 1763 2733 expe—

270 2744 463 2785 rientiae
494 2744 634 2784 etiam
666 2743 710 2783 in
743 2744 912 2784 mundo
944 2742 1150 2791 naturali,
1183 2755 1298 2796 quae
1329 2741 1442 2783 haec
1475 2742 1762 2785 confirmant.

271 2807 347 2848 Ex
373 2807 442 2848 his
468 2813 613 2861 patet,
642 2807 763 2860 quod
795 2820 923 2848 amor
949 2805 1214 2860 conjugialis
1246 2805 1495 2860 conjungat
1522 2806 1634 2848 duas
1664 2806 1761 2848 ani·

271 2883 368 2911 mas
393 2877 439 2912 et
467 2876 645 2911 mentes
672 2870 715 2910 in
743 2883 891 2911 unam.

355 2945 484 2989 159.
527 2932 625 2987 (iii.)
663 2933 790 2984 Quod
806 2933 1012 2974 voluntas
1029 2931 1182 2974 uxoris
1207 2946 1254 2973 se
1268 2933 1503 2987 conjungat
1516 2946 1610 2973 cum
1630 2931 1760 2973 intel-

271 2996 382 3039 leda
412 2996 515 3045 viri.
547 3002 589 3038 et
618 2995 719 3038 inde
753 2995 995 3038 intelleflus
1026 2995 1121 3038 viri
1145 3009 1240 3037 cum
1274 2996 1499 3037 voluntate
1532 2995 1760 3038 uxoris.—
