2014 3386
333 297 416 351 346
774 308 1103 343 VOLUPTATES
1135 310 1382 344 INSANIAE

330 422 623 477 purificantur
643 436 670 465 a
692 423 813 465 malo
835 424 953 466 illius
975 424 1185 474 libidinis,
1210 425 1317 467 dum
1339 425 1384 467 in
1406 426 1829 482 statum'conjugia-

330 486 423 528 lem
453 487 655 528 veniunt.
718 486 855 540 Quod
886 488 950 529 ita
981 502 1072 529 non
1104 488 1183 530 fiat
1214 488 1316 536 illis,
1350 490 1424 543 qui
1455 490 1498 531 in
1530 490 1830 533 fornicatione

330 549 543 603 spectant
573 550 632 591 ad
673 551 959 601 adulterium,
992 552 1037 593 in
1078 565 1196 594 nunc
1227 559 1448 607 sequente
1479 554 1672 595 articulo
1703 555 1828 596 vide-

329 614 465 656 bitur.
1205 626 1207 629 ⁴

413 687 545 732 453.
581 675 711 732 (viii.)
748 676 877 729 Quod
895 677 1031 719 libido
1044 678 1312 731 fornicandi
1325 680 1493 733 gravis
1518 680 1593 730 sit,
1616 687 1831 735 quantum

331 742 502 794 speffz'at
522 742 587 782 ad
606 741 1124 784 adulterium.-Omnes
1146 743 1211 784 illi
1237 744 1283 784 in
1309 743 1495 786 libidine
1517 746 1828 787 fornicationis

328 803 540 858 speaetant
563 805 620 846 ad
643 805 929 855 adulterium,
949 807 1024 860 qui
1045 806 1269 848 adulteria
1291 820 1382 848 non
1405 808 1596 849 credunt
1620 815 1826 862 peccata,

329 875 376 911 et
416 869 473 910 de
514 868 732 922 conjugiis
764 869 974 922 cogitant
1005 869 1168 911 similia
1199 884 1313 924 quae
1353 871 1410 911 de
1451 871 1698 922 adulteriis,
1726 885 1829 914 cum

328 932 429 974 solo
451 933 709 974 discrimine
732 932 845 974 liciti
867 939 914 974 et
936 932 1081 974 illiciti
1099 947 1108 984 ;
1141 932 1187 974 hi
1209 947 1387 988 quoque
1404 934 1576 976 faciunt
1598 949 1658 976 ex
1680 937 1828 977 omni-

328 996 414 1038 bus
445 996 575 1038 malis
606 1009 744 1037 unum
776 996 959 1046 malum,
988 1003 1035 1038 et
1067 998 1369 1039 commiscent
1400 998 1492 1047 illa,
1521 999 1638 1040 sicut
1669 999 1830 1040 sordes

329 1072 431 1101 curn
457 1059 664 1101 edulibus
690 1059 800 1100 cibis
831 1059 876 1100 in
903 1073 991 1100 una
1016 1060 1188 1113 patina,
1216 1067 1263 1102 et
1296 1061 1412 1102 sicut
1439 1061 1700 1115 quisquilias
1726 1075 1829 1103 cum

330 1123 446 1164 vinis
471 1123 515 1163 in
542 1136 632 1164 uno
654 1123 834 1176 poculo,
858 1136 911 1164 ac
938 1124 1001 1164 sic
1028 1123 1171 1165 edunt
1197 1130 1244 1165 et
1270 1124 1460 1176 bibunt;
1493 1125 1701 1167 similiter
1722 1125 1829 1167 faci-

329 1193 411 1228 unt
437 1186 502 1228 illi
529 1199 630 1227 cum
653 1199 807 1227 amore
830 1187 983 1236 sexuS,
1007 1200 1109 1228 cum
1131 1187 1446 1237 fornicatione,
1472 1202 1573 1230 cum
1595 1189 1828 1242 pellicatu,

327 1264 430 1292 c-um
456 1250 681 1291 adulterio
707 1251 888 1300 mitiori,
916 1252 1043 1304 gravi
1070 1257 1116 1292 et
1141 1252 1350 1304 graviori,
1375 1253 1513 1293 immo
1539 1265 1641 1293 cum
1667 1259 1826 1306 stupro

326 1329 406 1356 seu
429 1314 752 1356 defloratione:
786 1314 980 1363 accedit,
1006 1315 1126 1368 quod
1153 1314 1231 1356 illa
1253 1316 1406 1356 omnia
1427 1329 1518 1357 non
1541 1316 1680 1357 modo
1703 1330 1829 1358 com-

328 1378 568 1427 misceant,
602 1377 682 1418 sed
715 1378 851 1418 etiam
885 1378 1174 1420 immisceant
1206 1377 1442 1432 conjugiis,
1470 1385 1516 1420 et
1548 1379 1662 1421 haec
1694 1380 1830 1421 simili

327 1441 517 1482 notione
549 1447 805 1482 temerant:
846 1447 894 1482 at
926 1441 1029 1490 illis,
1064 1442 1138 1495 qui
1178 1455 1234 1483 ne
1275 1442 1457 1496 quidem
1489 1442 1603 1484 haec
1644 1443 1703 1484 ab
1741 1443 1831 1485 illis

327 1505 657 1553 discriminant,
682 1511 787 1558 post
815 1505 1171 1546 consuetudines
1194 1519 1336 1559 vagas
1363 1519 1464 1547 cum
1487 1520 1616 1556 sexu,
1641 1507 1830 1549 obveni-

327 1575 411 1610 unt
436 1568 617 1621 frigora,
641 1568 837 1618 fastidia,
862 1575 908 1609 et
935 1582 1145 1618 nauseae,
1170 1570 1363 1623 primum
1387 1583 1468 1623 pro
1490 1569 1697 1624 conjuge,
1722 1571 1827 1612 dein

327 1645 410 1685 pro
441 1632 638 1686 reliquis,
673 1639 720 1674 et
757 1633 948 1674 tandem
980 1646 1062 1686 pro
1093 1647 1222 1674 sexu.
1283 1631 1420 1686 Quod
1452 1634 1571 1686 apud
1602 1634 1705 1675 illos
1736 1647 1828 1676 non

329 1695 463 1737 detur
488 1696 788 1750 propositum,
814 1697 1012 1738 intentio
1039 1710 1118 1738 seu
1144 1695 1244 1737 finis
1270 1696 1379 1737 boni
1405 1703 1482 1738 aut
1509 1698 1638 1746 casti,
1667 1704 1716 1740 ut
1747 1712 1831 1739 ex·

330 1759 586 1813 culpentur,
615 1773 699 1800 nec
727 1760 958 1812 separatio
984 1760 1091 1801 mali
1117 1774 1142 1800 a
1169 1760 1305 1808 bono,
1333 1774 1412 1801 seu
1437 1760 1601 1801 incasti
1633 1774 1659 1802 a
1684 1767 1830 1810 casto,

329 1829 380 1864 ut
398 1822 703 1876 purificentur,
724 1823 1111 1877 quemadmodum
1129 1823 1248 1877 apud
1267 1823 1370 1864 illos
1388 1824 1461 1876 qui
1483 1837 1510 1864 a
1530 1823 1832 1866 fornicatione

330 1885 542 1939 spectant
569 1887 626 1927 ad
653 1900 855 1928 amorem
882 1886 1199 1940 conjugialem,
1229 1893 1276 1928 et
1302 1887 1421 1928 hunc
1449 1886 1722 1941 praeferunt,
1754 1886 1830 1940 (de

329 1950 489 2005 quibus
511 1951 555 1991 in
578 1951 888 1991 antecedente
912 1950 1106 1991 articulo
1128 1963 1170 1991 n.
1192 1949 1314 2004 452,)
1339 1964 1399 1991 ex
1425 1964 1472 1991 se
1495 1957 1639 2003 patet.
1701 1950 1831 1992 Haec

328 2027 409 2067 per
439 2014 527 2055 hoc
560 2027 728 2055 novum
762 2028 786 2055 e
822 2014 952 2055 caelo
979 2014 1086 2055 licet
1114 2013 1405 2054 confirmare:
1444 2015 1637 2055 conveni
1664 2014 1831 2068 plures,

330 2078 405 2132 qui
430 2077 475 2118 in
503 2077 674 2118 mundo
700 2077 869 2118 similes
896 2077 995 2118 aliis
1026 2078 1071 2118 in
1103 2078 1310 2118 externis
1335 2077 1563 2126 vixerant,
1592 2077 1834 2131 splendide

329 2155 378 2182 se
403 2141 660 2189 vestiendo,
686 2140 810 2182 laute
835 2141 1080 2194 epulando,
1110 2153 1212 2182 cum
1238 2141 1421 2182 faenore
1444 2142 1560 2182 sicut
1586 2141 1661 2182 alii
1688 2153 1833 2195 nego-

328 2205 503 2254 tiando,
533 2205 665 2245 ludos
706 2205 915 2245 scenicos
953 2203 1220 2258 spectando,
1250 2205 1307 2246 de
1348 2205 1582 2246 amatoriis
1619 2205 1736 2246 sicut
1773 2218 1835 2246 ex

330 2268 517 2309 libidine
544 2267 758 2321 jocando,
787 2274 968 2321 praeter
1000 2268 1254 2309 consimilia
1284 2268 1386 2317 alia,
1414 2275 1461 2310 et
1493 2275 1649 2309 tamen
1681 2267 1835 2322 angeli

330 2332 598 2386 quibusdam
625 2331 919 2385 inculpabant
945 2331 1023 2372 illa
1048 2338 1097 2372 ut
1123 2331 1244 2372 mala
1270 2332 1463 2385 peccati,
1487 2338 1535 2373 et
1562 2332 1833 2385 quibusdam

329 2394 408 2436 illa
439 2402 488 2436 ut
515 2409 606 2437 non
632 2395 766 2444 mala,
795 2402 841 2436 et
868 2394 951 2436 hos
978 2394 1277 2436 declarabant
1304 2396 1525 2444 insontes,
1550 2395 1653 2436 illos
1679 2401 1835 2436 autem

332 2465 504 2500 sontes.
567 2459 644 2499 Ad
665 2459 1088 2518 ‚interrogationem
1121 2472 1199 2499 cur
1234 2459 1312 2507 ita,
1346 2472 1448 2499 cum
1481 2466 1637 2500 tamen
1669 2458 1836 2500 similia

330 2522 550 2571 fecerunt,
579 2523 936 2576 respondebant,
961 2522 1083 2576 quod
1109 2536 1169 2563 ex
1196 2523 1446 2576 proposito,
1472 2522 1730 2563 intentione
1755 2535 1835 2562 seu

333 2585 437 2634 fine,
465 2599 624 2627 omnes
651 2586 1035 2639 contemplentur,
1064 2592 1111 2627 et
1138 2586 1388 2627 secundum
1414 2586 1492 2627 illa
1517 2586 1832 2639 distinguant:

334 2655 381 2690 et
409 2649 530 2703 quod
557 2650 660 2691 ideo
686 2649 802 2698 illos,
831 2663 945 2703 quos
971 2649 1070 2690 finis
1096 2656 1288 2690 excusat
1321 2657 1367 2691 et
1399 2650 1604 2699 damnat,
1633 2649 1718 2703 ipsi
1748 2662 1834 2690 ex·

332 2719 495 2755 cusent
535 2719 582 2754 et
623 2713 857 2762 damnent,
892 2714 1105 2767 quoniam
1146 2712 1245 2753 finis
1277 2714 1385 2755 boni
1426 2720 1498 2755 est
1538 2713 1747 2755 omnibus
1786 2713 1832 2753 in

333 2776 478 2826 caelo,
506 2790 558 2818 ac
591 2776 691 2817 finis
723 2777 829 2817 mali
855 2777 1065 2818 omnibus
1096 2777 1140 2817 in
1172 2777 1376 2819 inferno:
1420 2784 1467 2819 et
1499 2777 1622 2831 quod
1653 2777 1756 2828 hoc,
1783 2782 1832 2818 et

337 2852 430 2881 non
462 2840 630 2895 aliquid
658 2840 793 2889 aliud,
822 2841 1109 2894 intelligatur
1134 2854 1214 2894 per
1240 2841 1424 2882 Domini
1451 2842 1604 2891 verba,

598 2930 682 2964 “Ne
701 2930 857 2972 judicate
879 2939 930 2964 ne'
950 2931 1270 2964 condemnemini”
1287 2931 1430 2967 (blatth.
1448 2931 1508 2963 vii.
1527 2929 1569 2972 1).
