2014 3386
482 371 550 404 DE
580 367 761 402 AMORE
793 362 1272 399 SCORTATOR10.—-N.
1305 361 1396 406 534.
1648 360 1734 403 409

237 497 346 528 num,
365 491 406 522 et
423 485 531 520 unde
548 489 610 520 est
627 482 743 523 calor,
763 480 831 527 qui
849 477 1034 516 accendit
1059 487 1194 512 amore
1211 475 1461 511 voluntatem
1482 470 1733 507 humanam.''

239 540 322 586 (vi.)
345 539 512 585 Insuper
524 536 633 586 quod
655 533 862 571 detectum
876 532 940 573 sit,
951 531 1059 578 quod
1078 530 1158 566 sint
1175 535 1257 564 tres
1274 527 1422 574 gradus
1433 526 1551 564 vitae,
1571 531 1611 560 et
1624 523 1733 571 quod

239 593 333 629 inde
346 592 427 629 sint
443 598 526 627 tres
550 589 668 630 caeli;
694 595 735 624 et
761 587 871 634 quod
898 586 938 622 in
960 585 1049 621 illos
1069 583 1219 630 gradus
1244 578 1434 616 distincta
1450 579 1503 615 sit
1521 589 1635 614 mens
1661 577 1734 612 hu-

239 656 369 687 mana,
386 651 430 682 et
445 643 554 691 quod
573 642 668 678 inde
684 641 809 677 homo
825 637 1138 685 correspondeat
1154 635 1284 671 tribus
1301 633 1433 670 caelis.

309 699 509 735 Dixerunt
525 696 668 744 angeli,
687 695 860 731 “Annon
879 692 1083 729 sciverunt
1100 690 1178 726 hoc
1195 689 1306 735 prius
1317 687 1357 723 ?'’

310 750 528 798 Respondi,
547 749 656 796 quod
678 747 869 784 sciverint
889 746 939 781 de
959 743 1147 791 gradibus
1169 742 1274 777 inter
1293 740 1418 787 magis
1438 745 1480 775 et
1504 737 1646 778 minus,
1665 737 1735 773 sed

237 805 339 841 nihil
357 805 407 840 de
424 803 613 850 gradibus
632 801 737 836 inter
755 800 863 846 prius
881 805 922 834 et
939 796 1151 844 posterius.

311 858 407 903 (vii.)
437 857 790 901 Interrogaverunt
801 851 944 899 angeli,
958 861 1054 886 num
1068 855 1225 896 praeter
1241 847 1308 882 illa
1325 846 1500 882 revelata
1514 844 1595 880 sint
1612 843 1736 890 plura.

312 910 404 946 Dixi
422 909 530 955 quod
550 908 684 954 plura;
710 917 812 952 quae
831 911 935 944 sunt,
950 904 1000 939 de
1014 903 1157 938 ultimo
1169 900 1340 948 judicio;
1363 900 1412 934 de
1429 898 1615 938 Domino,
1628 896 1736 943 quod

239 963 292 999 sit
313 963 422 998 Deus
439 961 538 997 caeli
559 967 600 996 et
620 967 761 999 terrae,
779 958 888 1004 quod
912 957 1021 992 Deus
1041 956 1093 991 sit
1114 966 1217 990 unus
1238 960 1279 989 et
1300 963 1470 999 persona
1491 958 1531 987 et
1552 949 1737 989 essentia,

240 1016 279 1051 in
306 1026 387 1062 quo
410 1014 557 1050 Divina
577 1012 761 1052 Trinitas,
784 1018 826 1047 et
852 1010 960 1056 quod
995 1009 1066 1044 Ille
1094 1008 1147 1044 sit
1175 1007 1392 1046 Dominus;
1429 1011 1516 1040 tum
1544 1005 1594 1039 de
1623 1003 1739 1038 Nova

244 1068 422 1104 Ecclesia
450 1068 500 1102 ab
532 1066 625 1112 Ipso
658 1064 927 1104 instauranda,
953 1069 994 1098 et
1024 1062 1074 1097 de
1105 1060 1287 1096 doctrina
1312 1060 1418 1094 illius
1445 1057 1655 1097 ecclesiae;
1688 1056 1739 1091 de

241 1120 457 1158 sanCiitate
479 1119 707 1165 scripturae
733 1117 897 1157 Sacrae;
931 1115 1039 1162 quod
1065 1115 1185 1150 etiam
1206 1113 1456 1159 Apocahtpsis
1480 1110 1654 1146 revelata
1674 1108 1738 1149 sit,

242 1185 345 1221 quae
369 1184 419 1209 ne
439 1172 602 1219 quidem
623 1171 756 1217 quoad
776 1180 900 1205 unum
918 1168 1155 1204 versiculum
1175 1165 1339 1202 revelari
1363 1164 1494 1211 potuit
1515 1163 1591 1199 nisi
1613 1173 1637 1197 a
1658 1162 1740 1197 Do-

244 1227 372 1262 mino:
406 1225 568 1271 insuper
584 1225 634 1260 de
662 1222 1089 1268 incolis-planetarum,
1107 1231 1154 1255 ac
1175 1220 1226 1255 de
1243 1219 1453 1254 telluribus
1475 1217 1514 1252 in
1532 1216 1740 1251 universo:

243 1286 400 1326 praeter
413 1278 539 1313 multa
554 1275 827 1312 memorabilia
839 1282 880 1311 et
895 1273 1089 1309 mirabilia
1101 1284 1123 1308 e
1141 1272 1293 1307 mundo
1307 1270 1503 1317 spirituali
1516 1281 1524 1311 ;
1551 1280 1622 1315 per
1639 1279 1740 1314 quae

246 1332 367 1379 plura,
386 1342 488 1378 quae
506 1330 725 1376 sapientiae
743 1335 848 1369 sunt,
867 1339 889 1363 e
906 1328 1017 1362 caelo
1035 1325 1195 1362 detecia
1211 1331 1316 1360 sunt.

315 1392 432 1431 533.
469 1383 613 1429 Angeli
639 1393 688 1418 ex
709 1382 771 1417 his
791 1380 940 1416 auditis
961 1380 1077 1415 valde
1097 1378 1222 1426 gavisi
1243 1383 1356 1418 sunt;
1382 1376 1451 1412 sed
1473 1375 1743 1422 percipiebant

244 1437 450 1472 tristitiam
470 1436 508 1471 in
528 1447 601 1477 me,
620 1442 662 1471 et
679 1435 947 1474 sciscitabant,
966 1432 1120 1468 “Unde
1137 1431 1213 1467 tibi
1229 1430 1394 1466 tristitia
1407 1429 1447 1465 ?'’

321 1489 424 1530 Dixi,
447 1489 554 1535 quod
581 1499 724 1523 arcana
749 1487 816 1522 illa
840 1487 961 1522 hodie
986 1497 1010 1521 a
1035 1484 1211 1520 Domino
1232 1483 1416 1522 revelata,
1430 1481 1590 1517 tametsi
1615 1480 1742 1516 excel-

246 1542 370 1578 lentia
396 1548 437 1577 et
462 1541 659 1587 dignitate
676 1541 876 1576 excedunt
897 1538 1148 1585 cognitiones
1170 1536 1362 1572 haffiienus
1379 1536 1598 1581 evulgatas,
1616 1544 1742 1579 usque

250 1607 287 1630 ιη
306 1595 423 1630 terris
441 1600 675 1640 reputentur
692 1593 794 1628 sicut
813 1604 892 1628 non
910 1592 1079 1637 alicujus
1098 1590 1227 1636 pretii.

321 1647 413 1683 Hoc
434 1647 565 1682 mirati
591 1653 684 1682 sunt
705 1645 848 1692 angeli,
871 1652 911 1681 et
940 1644 1141 1690 petierunt
1171 1654 1194 1678 a
1224 1642 1410 1682 Domino,
1432 1647 1477 1676 ut
1506 1640 1643 1675 liceret
1669 1639 1746 1674 illis

249 1701 452 1747 despicere
471 1701 510 1735 in
530 1701 737 1735 mundum.
791 1699 841 1734 Et
859 1699 1137 1744 despexerunt,
1155 1703 1197 1732 et
1217 1707 1309 1732 ecce
1327 1706 1457 1730 merae
1475 1695 1662 1729 tenebrae
1681 1692 1746 1728 ibi.

254 1754 302 1790 Et
319 1753 470 1789 dic’tum
491 1753 568 1789 illis
585 1759 658 1793 est,
672 1759 718 1788 ut
736 1752 1003 1788 scriberentur
1015 1761 1157 1786 arcana
1175 1750 1241 1784 illa
1257 1759 1377 1794 super
1389 1748 1536 1788 charta,
1550 1753 1590 1782 et
1608 1747 1747 1781 charta

249 1806 532 1842 demitteretur
549 1806 588 1840 in
602 1812 737 1846 terras,
751 1812 792 1841 et
808 1805 992 1840 viderent
1011 1810 1252 1849 portentum.
1297 1802 1347 1836 Et
1363 1800 1511 1836 fafium
1526 1806 1588 1835 est
1606 1799 1681 1840 ita:
1707 1805 1748 1834 et

253 1869 346 1894 ecce
364 1857 512 1895 charta,
525 1856 588 1892 cui
606 1867 750 1891 arcana
764 1856 831 1890 illa
849 1854 1042 1900 inscripta
1054 1860 1178 1892 erant.
1191 1854 1367 1888 demissa
1380 1860 1442 1888 est
1459 1865 1480 1888 e
1498 1854 1628 1894 caelo:
1649 1859 1690 1888 et
1709 1852 1748 1887 in

255 1922 467 1958 progressu
481 1910 575 1945 dum
588 1910 719 1944 adhuc
733 1916 818 1944 erat
833 1909 871 1943 in
885 1907 1036 1942 mundo
1049 1907 1244 1953 spirituali
1266 1907 1426 1942 lucebat
1437 1906 1540 1942 sicut
1554 1906 1670 1942 stella
1683 1917 1690 1946 ;
1708 1912 1750 1941 at

251 1965 348 1999 dum
367 1963 506 2009 illapsa
523 1970 585 1999 est
607 1963 646 1998 in
667 1963 860 1998 mundum
879 1963 1112 2002 naturalem,
1130 1962 1200 1996 lux
1217 1961 1430 2007 disparata,
1449 1967 1489 1996 et
1510 1961 1560 1995 ad
1580 1960 1747 2007 gradum

252 2017 355 2052 sicut
380 2016 541 2056 decidit,
564 2017 828 2051 obtenebrata
860 2022 944 2051 est:
977 2022 1018 2051 et
1044 2016 1139 2050 dum
1166 2015 1215 2050 ab
1241 2014 1393 2060 angelis
1420 2014 1597 2049 immissa
1621 2020 1682 2048 est
1709 2013 1749 2048 in

252 2076 396 2105 coetus
414 2069 482 2104 ubi
504 2068 612 2104 docti
634 2075 675 2104 et
696 2069 842 2104 eruditi
865 2080 913 2104 ex
934 2068 1172 2114 quibusdam
1191 2068 1345 2103 clericis
1365 2074 1406 2102 et
1427 2067 1547 2107 laicis,
1566 2067 1749 2102 auditum

253 2128 315 2157 est
335 2133 514 2156 murmur
537 2133 562 2157 a
586 2122 734 2164 multis;
767 2122 806 2156 in
828 2132 908 2168 quo
929 2128 1042 2157 erant
1064 2121 1139 2156 hae
1160 2131 1300 2161 voces;
1327 2119 1468 2167 “Quid
1490 2119 1592 2156 hoc?
1643 2119 1748 2154 Num

253 2174 433 2220 aliquid?
482 2174 591 2221 Quid
617 2174 737 2210 refert
761 2174 794 2210 si
822 2175 888 2210 illa
913 2175 1060 2210 scimus
1081 2174 1143 2209 vel
1167 2185 1247 2209 non
1269 2173 1442 2209 scimus?
1492 2173 1635 2208 Nonne
1657 2179 1750 2208 sunt

255 2226 359 2263 fetus
376 2227 526 2263 cerebri
538 2227 578 2263 ?''
629 2228 679 2263 Et
695 2228 911 2274 apparebat
927 2228 1031 2263 sicut
1049 2227 1170 2272 aliqui
1189 2233 1393 2262 sumerent
1410 2226 1598 2266 chartam,
1613 2236 1659 2261 ac
1677 2225 1751 2271 pli-

255 2285 403 2319 carent,
421 2279 629 2314 volverent
646 2286 687 2315 et
708 2280 959 2315 revolverent
977 2279 1083 2314 illam
1103 2278 1250 2324 digitis,
1269 2285 1314 2313 ut
1332 2279 1610 2313 oblitterarent
1629 2277 1750 2323 scrip-

255 2336 406 2372 turam:
439 2341 486 2366 ac
510 2332 726 2376 apparebat
748 2331 851 2367 sicut
872 2331 993 2377 aliqui
1017 2331 1122 2366 illam
1143 2331 1423 2376 discerperent,
1441 2337 1482 2365 et
1502 2329 1624 2375 aliqui
1646 2329 1751 2364 sicut

256 2381 408 2418 vellent
427 2383 658 2428 proculcare
678 2383 783 2418 illam
806 2383 994 2429 pedibus;
1029 2383 1098 2418 sed
1121 2394 1143 2418 a
1165 2382 1341 2417 Domino
1358 2382 1595 2417 arcebantur
1611 2382 1662 2416 ab
1683 2381 1752 2416 illo

258 2433 444 2474 facinore.
457 2441 498 2470 et
512 2435 743 2470 mandatum
757 2443 817 2471 est
828 2435 980 2482 angelis
991 2442 1035 2471 ut
1050 2436 1298 2471 retraherent
1310 2435 1416 2470 illam
1429 2441 1470 2469 et
1483 2434 1751 2474 custodirent:

257 2487 412 2575 ἓξξεέυἱα
431 2488 563 2533 angeli
584 2487 720 2524 tristes
741 2487 836 2524 facili
857 2495 961 2530 sunt,
980 2495 1021 2524 et
1041 2488 1332 2535 cogitaverunt,
1350 2487 1603 2534 “Quousque
1624 2486 1751 2522 hoc?”

290 2551 300 2574 ι
346 2551 413 2575 um
433 2547 505 2581 est,

380 2617 399 2630 ⁶·
409 2614 520 2652 Usque
534 2615 576 2644 ad
590 2618 717 2653 tempus
730 2619 763 2645 et
776 2619 923 2654 tempora
937 2620 968 2646 et
983 2615 1150 2645 dimidium
1164 2615 1315 2653 temporis
1326 2614 1343 2625 ''
1361 2613 1474 2654 (Apoc.
1491 2614 1544 2645 xii.
1560 2613 1624 2653 14).

330 2693 447 2737 534.
483 2686 582 2723 Post
602 2687 702 2723 haec
721 2687 880 2724 locutus
900 2699 987 2724 sum
1016 2699 1107 2724 cum
1133 2687 1293 2735 angelis,
1313 2687 1420 2734 quod
1451 2687 1582 2723 adhuc
1602 2686 1752 2733 aliquid

261 2739 460 2775 reveletur
479 2739 518 2774 in
537 2740 687 2775 mundo
704 2751 728 2775 a
746 2740 934 2777 Domino.

332 2790 635 2838 Quaesiverunt.
655 2797 675 2811 ‘⁴
689 2792 795 2840 Quid
813 2793 890 2829 hoc
901 2793 942 2829 ?'’

334 2843 438 2885 Dixi,
458 2849 479 2863 ⁴⁴
495 2844 555 2880 De
573 2855 708 2881 amore
725 2856 817 2881 vere
835 2846 1062 2893 conjugiali,
1081 2853 1122 2881 et
1140 2846 1190 2881 de
1208 2846 1446 2881 caelestibus
1463 2845 1549 2891 ejus
1567 2844 1755 2881 deliciis.”

335 2896 531 2932 Dixerunt
548 2897 688 2944 angeli,
707 2903 728 2917 “
741 2897 842 2944 Quis
860 2910 940 2934 non
958 2899 1033 2934 scit
1050 2899 1159 2945 quod
1178 2899 1343 2934 deliciae
1361 2898 1507 2933 amoris
1520 2897 1756 2943 conjugialis

262 2950 459 2985 excedant
476 2950 637 2985 delicias
654 2951 834 2986 omnium
846 2951 1054 2987 amorum?
1080 2958 1121 2987 et
1138 2952 1227 2998 quis
1245 2963 1324 2986 non
1344 2957 1476 2997 potest
1493 2951 1628 2986 videre
1646 2951 1755 2996 quod

265 3001 305 3037 in
330 3001 501 3049 aliquem
523 3013 700 3039 amorem
722 3004 889 3040 collatae
911 3004 989 3040 sint
1009 3015 1149 3040 omnes
1166 3004 1446 3045 beatitudines,
1465 3002 1689 3040 faustitates
1715 3010 1756 3039 et
