2014 3386
521 353 589 387 DE
620 352 800 386 AMORE
832 349 1311 385 SCORTATOR10.-—N.
1342 350 1434 395 521.
1637 350 1720 394 397

293 467 441 504 Postea
469 467 631 503 exibant
660 477 682 502 e
711 476 892 506 caverna,
922 471 964 501 et
993 464 1196 500 intrabant
1225 463 1266 499 in
1296 463 1498 510 quandam
1527 461 1720 498 humilem

223 530 368 561 casam,
387 531 489 567 quae
509 526 594 556 erat
615 519 800 565 lupanar;
825 525 867 554 et
886 525 983 554 tunc
1000 517 1171 564 separati
1193 528 1216 552 a
1236 516 1378 552 scortis
1397 516 1501 551 inter
1520 526 1563 551 se
1584 510 1722 561 loque-

223 573 379 614 bantur,
401 573 452 608 ad
477 583 580 619 quae
606 572 759 607 intendi
779 582 937 612 aurem;
970 570 1131 616 loquela
1151 570 1258 605 enim
1286 569 1326 604 in
1353 569 1504 604 mundo
1525 568 1721 615 spirituali

221 626 350 661 audiri
373 632 507 672 potest
527 636 549 660 e
570 625 736 660 distanti
755 625 858 660 sicut
879 625 918 659 in
939 623 1150 670 praesenti,
1168 622 1357 669 quoniam
1375 629 1584 657 extensum
1603 620 1721 666 spatii

223 680 276 715 ibi
290 686 352 714 est
371 679 492 714 modo
505 678 750 725 apparentia.
795 677 1078 724 Loquebantur
1093 677 1145 712 de
1163 675 1370 722 conjugiis,
1386 675 1436 710 de
1454 681 1597 710 natura
1613 681 1654 710 et
1672 674 1721 709 de

221 732 427 778 religione.

294 784 353 820 De
373 785 569 830 conjugiis
588 784 855 830 loquebantur
876 783 943 824 illi,
965 782 1032 829 qui
1054 782 1187 829 quoad
1209 781 1331 828 pedes
1352 781 1596 827 apparebant
1618 780 1721 816 sicut

220 838 358 879 vituli;
393 845 434 873 et
460 837 658 877 dixerunt,
681 836 820 884 “Quid
846 836 1036 882 conjugia
1061 835 1137 871 nisi
1162 835 1360 870 adulteria
1385 833 1522 870 licita?
1557 840 1598 869 et
1624 833 1720 880 quid

220 891 377 926 dulcius
389 901 508 936 quam
524 889 755 937 hypocrises
766 889 1037 929 scortatoriae‚
1051 900 1097 924 ac
1111 888 1312 924 elusiones
1326 887 1557 923 maritorum
1571 886 1611 923 ?”
1652 886 1718 922 Ad

220 943 320 979 haec
338 944 480 989 reliqui
503 943 543 978 in
561 943 768 979 cachinnis
785 942 1082 989 applaudebant
1100 941 1295 977 manibus.

293 996 353 1032 De
379 1001 526 1031 natura
553 997 821 1042 loquebantur
845 995 978 1042 satyri,
1005 995 1073 1041 qui
1100 995 1232 1041 quoad
1259 994 1381 1040 pedes
1405 993 1650 1039 apparebant
1675 999 1720 1027 ut

219 1050 458 1096 pantherae;
492 1056 533 1085 et
554 1050 750 1089 dicebant,
770 1054 790 1067 ‘⁴
805 1048 912 1095 Quid
933 1048 1042 1084 aliud
1064 1054 1125 1084 est
1145 1058 1262 1094 quam
1282 1045 1454 1082 natura?
1503 1045 1718 1093 Quodnam

219 1102 432 1138 discrimen
459 1109 521 1138 est
548 1103 653 1138 inter
673 1101 876 1137 hominem
903 1107 943 1137 et
968 1101 1150 1142 bestiam,
1171 1111 1291 1147 quam
1313 1100 1421 1146 quod
1448 1099 1572 1134 homo
1593 1099 1719 1145 possit

217 1156 426 1192 articulate
447 1155 569 1201 loqui,
587 1162 628 1191 et
649 1155 776 1191 bestia
795 1153 969 1190 sonore?
1020 1154 1143 1190 Estne
1162 1154 1319 1199 utrique
1337 1152 1421 1188 vita
1438 1163 1487 1187 ex
1512 1152 1654 1192 calore,
1673 1162 1719 1187 ac

220 1207 446 1244 intenefius
467 1219 516 1244 ex
537 1209 635 1249 luce,
653 1214 845 1254 operante
867 1214 1010 1243 natura
1020 1206 1061 1243 ?''
1109 1206 1176 1242 Ad
1198 1206 1297 1242 haec
1317 1205 1459 1252 reliqui
1478 1205 1717 1245 clamabant,

219 1267 241 1281 “
255 1262 346 1298 Heu
367 1261 577 1308 loquimini
597 1273 644 1296 ex
661 1261 851 1307 judicio.''

291 1314 352 1350 De
370 1315 557 1361 relzjgz‘one
569 1314 847 1360 loquebantur,
861 1313 929 1359 qui
947 1312 1080 1359 quoad
1100 1312 1221 1359 pedes
1235 1312 1478 1358 apparebant
1491 1311 1595 1347 sicut
1612 1310 1718 1357 lupi:

217 1367 409 1407 dicentes,
425 1366 563 1414 “Quid
588 1366 696 1403 Deus
717 1373 787 1402 aut
809 1366 999 1402 Divinum
1022 1365 1097 1401 nisi
1124 1365 1308 1400 intimum
1332 1371 1498 1400 naturae
1519 1362 1716 1410 operans?

218 1420 326 1468 Quid
353 1421 492 1467 religio
523 1420 597 1455 nisi
629 1420 836 1455 inventum
867 1420 916 1455 ad
951 1419 1193 1465 captandum
1223 1425 1265 1454 et
1294 1418 1499 1465 ligandum
1522 1417 1664 1463 vulgus
1676 1416 1716 1453 ?''

218 1474 284 1509 Ad
304 1473 403 1508 haec
421 1473 562 1519 reliqui
580 1472 913 1513 vociferabantur,
933 1477 952 1490 ‘⁴
965 1471 1131 1508 Bravo.''

290 1526 502 1572 Aliquibus
524 1525 740 1561 momentis
762 1532 864 1571 post,
887 1531 1122 1571 eruperunt;
1157 1530 1198 1560 et
1229 1524 1268 1559 in
1299 1523 1511 1569 eruptione
1528 1523 1716 1558 viderunt

219 1590 283 1615 me
300 1590 322 1614 e
340 1579 562 1625 longinquo
582 1579 757 1619 intentis,
776 1578 902 1614 oculis
920 1579 969 1614 ad
989 1578 1079 1613 illos
1097 1576 1344 1623 spectantem
1359 1588 1367 1617 ;
1394 1588 1442 1612 ex
1460 1587 1541 1622 quo
1558 1587 1716 1612 exacer-

222 1632 304 1667 bati
322 1643 344 1667 e
362 1632 461 1667 silva
478 1638 746 1671 excurrerunt,
762 1638 803 1666 et
821 1631 965 1666 minaci
978 1630 1091 1666 vultu
1105 1630 1378 1666 accelerabant
1392 1641 1551 1665 cursum
1570 1629 1620 1664 ad
1641 1640 1716 1665 me.

219 1685 405 1725 Aiebant,
425 1684 539 1720 “Cur
557 1684 621 1720 hic
638 1684 826 1720 consistis
843 1690 884 1720 et
901 1684 1077 1719 attendis
1095 1684 1144 1719 ad
1165 1689 1323 1718 nostros
1340 1694 1522 1718 susurros
1534 1681 1574 1718 ?”

292 1738 340 1773 Et
353 1738 551 1783 respondi,
568 1738 681 1774 “Cur
694 1748 773 1773 non
789 1737 805 1773 ?
826 1737 921 1783 quid
937 1736 1151 1783 prohibet?
1172 1742 1287 1772 erant
1300 1736 1482 1782 loquelae
1493 1735 1525 1776 ;''
1543 1742 1584 1771 et
1598 1734 1714 1771 retuli

217 1801 319 1837 quae
343 1791 393 1826 ab
421 1791 496 1826 illis
522 1790 668 1826 audivi.
720 1791 777 1826 Ex
803 1790 879 1826 hoc
905 1790 1147 1826 sedabantur
1166 1789 1287 1825 animi
1310 1789 1478 1828 illorum,
1496 1789 1604 1834 quod
1630 1794 1716 1824 erat

215 1855 264 1880 ex
284 1844 428 1879 timore
455 1854 504 1879 ne
531 1843 850 1890 divulgarentur:
883 1849 925 1878 et
950 1849 1047 1878 tunc
1069 1842 1310 1888 incipiebant
1332 1842 1512 1877 modeste
1534 1841 1654 1887 loqui,
1673 1848 1715 1877 et

218 1897 360 1943 pudice
378 1907 513 1942 agere:
539 1907 588 1931 ex
606 1907 688 1942 quo
705 1896 876 1942 cognovi
895 1896 1004 1942 quod
1023 1906 1102 1931 non
1122 1906 1171 1931 ex
1188 1895 1255 1931 vili
1275 1895 1400 1941 plebe,
1419 1895 1489 1930 sed
1511 1905 1559 1929 ex
1579 1905 1714 1940 prosa-

218 1949 283 1995 pia
296 1949 477 1995 digniore
491 1948 649 1985 fuerint.
698 1949 747 1984 Et
761 1956 858 1984 tunc
872 1948 1025 1984 narravi
1042 1948 1129 1989 illis,
1144 1948 1254 1995 quod
1268 1948 1436 1983 viderim
1452 1947 1542 1982 illos
1561 1947 1600 1982 in
1614 1947 1716 1983 silva

217 2008 261 2037 ut
278 2009 443 2049 satyros,
457 2002 600 2048 viginti
619 2009 664 2037 ut
681 2009 836 2048 satyros
850 2002 1052 2041 vitulinos,
1067 2013 1136 2037 sex
1153 2008 1198 2036 ut
1216 2007 1371 2048 satyros
1386 2001 1657 2047 pantherinos,
1673 2006 1714 2036 et

218 2061 389 2101 quatuor
406 2062 450 2090 ut
468 2062 624 2101 satyros
642 2055 822 2101 lupinos:
847 2061 961 2090 erant
979 2065 1146 2090 numero
1163 2054 1338 2101 triginta.

289 2107 379 2144 Hoc
401 2108 531 2143 mirati
551 2114 656 2148 sunt,
674 2108 769 2154 quia
790 2107 864 2154 ipsi
890 2119 933 2144 se
959 2108 1012 2143 ibi
1039 2119 1119 2144 non
1137 2107 1324 2143 viderunt
1342 2106 1418 2143 nisi
1444 2113 1490 2143 ut
1516 2106 1712 2148 homines,

217 2160 400 2196 similiter
417 2168 462 2195 ut
479 2171 521 2196 se
537 2161 728 2196 videbant
746 2161 811 2196 hic
828 2161 933 2207 apud
953 2172 1028 2197 me.

290 2213 339 2248 Et
358 2213 539 2254 instruxi,
557 2214 666 2260 quod
686 2214 742 2249 ita
759 2214 1016 2260 apparuerint
1034 2225 1056 2249 e
1074 2213 1295 2260 longinquo
1313 2224 1361 2249 ex
1378 2212 1543 2248 libidine
1561 2218 1712 2249 scorta-

215 2265 328 2305 toria,
343 2273 384 2300 et
401 2266 510 2311 quod
526 2267 718 2313 satyriaca
736 2266 835 2302 haec
853 2266 980 2302 forma
993 2273 1099 2302 esset
1117 2266 1245 2302 forma
1258 2266 1443 2301 adulterii
1459 2265 1656 2306 dissoluti,
1671 2272 1712 2300 et

217 2329 298 2353 non
324 2317 452 2353 forma
478 2330 690 2364 personae;
724 2330 882 2355 causam
909 2319 991 2354 dixi
1017 2320 1132 2359 hanc,
1158 2319 1266 2365 quod
1294 2318 1538 2364 unaquaevis
1563 2329 1712 2353 concu-

217 2371 410 2417 piscentia
431 2371 534 2407 mala
553 2371 670 2407 sistat
687 2372 991 2408 similitudinem
1013 2372 1072 2407 sui
1097 2373 1135 2407 in
1157 2372 1328 2418 quadam
1348 2371 1486 2410 forma.
1505 2382 1607 2417 quae
1630 2382 1710 2406 non

215 2423 461 2469 conspicitur
477 2424 527 2458 ab
541 2423 645 2469 ipsis,
661 2425 730 2460 sed
749 2435 772 2460 a
788 2425 986 2461 stantibus
1001 2425 1050 2460 ad
1066 2425 1298 2460 distantiam
1313 2434 1320 2459 :
1347 2430 1388 2459 et
1405 2423 1500 2463 dixi,
1519 2429 1539 2442 ‘⁴
1553 2423 1609 2458 Ut
1627 2434 1711 2459 cre-

216 2476 331 2516 datis,
346 2475 520 2511 emittite
537 2476 691 2523 aliquos
709 2488 731 2513 e
748 2477 862 2514 vobis
881 2477 921 2513 in
938 2478 1079 2514 silvam
1100 2477 1217 2518 illam,
1232 2487 1279 2512 ac
1295 2487 1368 2512 vos
1386 2483 1615 2523 permanete
1634 2476 1710 2517 hic,

215 2534 256 2564 et
272 2527 510 2574 aspediatess’

286 2581 348 2617 Ac
357 2581 537 2616 iecerunt
549 2581 616 2622 ita,
627 2588 668 2618 et
681 2582 898 2619 emiserunt
910 2583 1023 2623 duos,
1035 2589 1076 2618 et
1089 2583 1203 2628 juxta
1213 2592 1344 2618 casam
1358 2580 1588 2627 lupanarem
1602 2581 1709 2617 illam

215 2633 400 2669 viderunt
420 2633 508 2669 illos
528 2645 689 2679 prorsus
710 2642 754 2670 ut
779 2642 956 2682 satyros;
988 2642 1029 2672 et
1050 2646 1142 2670 cum
1162 2635 1357 2675 redibant,
1374 2634 1603 2670 salutabant
1620 2634 1709 2670 illos

214 2693 380 2733 satyros,
400 2693 440 2722 et
458 2686 654 2727 dixerunt,
673 2692 693 2706 ⁴‘
706 2687 743 2723 O
761 2689 893 2734 qualia
910 2687 1116 2724 ludibria.’'

286 2738 388 2774 Cum
411 2739 450 2774 in
474 2739 553 2774 risu
575 2746 698 2780 erant,
716 2740 873 2786 jocatus
893 2752 981 2777 sum
1002 2752 1093 2776 cum
1117 2740 1193 2776 illis
1213 2740 1333 2781 varia,
1351 2746 1392 2775 et
1414 2739 1580 2780 narravi,
1598 2739 1707 2785 quod

213 2791 417 2828 adulteros
434 2792 555 2827 etiam
573 2792 740 2828 viderim
759 2800 803 2829 ut
824 2805 989 2840 procos3
1015 2800 1056 2829 et
1076 2800 1175 2828 tunc
1193 2793 1425 2829 recordatus
1443 2803 1530 2828 sum
1552 2792 1708 2828 fabulae

214 2845 264 2880 de
284 2844 426 2891 Ulysse
444 2851 485 2880 et
502 2844 660 2885 ¹¹]Circe,
675 2846 782 2892 quod
802 2846 900 2882 haec
919 2846 1074 2893 Ulyssis
1091 2846 1261 2882 comites
1278 2853 1318 2881 et
1336 2845 1506 2881 famulos
1519 2855 1708 2890 consper-

213 2897 309 2933 serit
334 2897 467 2933 herbis
493 2898 679 2938 hecateis,
705 2904 746 2934 et
770 2899 985 2946 contigerit
1009 2899 1122 2945 virga
1147 2899 1310 2945 magica,
1332 2905 1374 2934 et
1398 2898 1641 2933 converterit
1667 2897 1707 2933 in

214 2960 378 2995 porcos;
404 2949 506 2986 forte
529 2950 568 2985 in
590 2951 804 2992 adulteros,
821 2952 917 2999 quia
934 2962 1014 2988 non
1034 2951 1166 2998 potuit
1185 2951 1267 2987 ulla
1284 2958 1368 2987 arte
1385 2957 1618 2987 convertere
1636 2950 1707 2986 ali-

213 3013 332 3049 quem
352 3003 390 3037 in
410 3013 586 3050 porcum.
