2014 3386
556 346 623 379 DE
655 342 834 378 AMORE
866 344 1292 388 CONJUGIAL1.—N.
1326 344 1415 389 137.
1650 346 1726 391 115

232 458 392 495 amandi
411 465 452 495 et
473 458 653 505 sapiendi
672 469 720 494 ex
746 469 810 499 se:
838 468 960 504 quare
986 457 1018 494 si
1041 457 1192 493 addicit
1209 468 1329 493 omne
1346 458 1496 493 bonum
1516 457 1662 494 amoris
1687 466 1731 495 et

231 524 370 549 verum
388 513 606 559 sapientiae
621 512 719 553 Deo,
731 512 775 548 fit
794 512 916 548 homo
929 511 1064 552 vivus;
1085 511 1176 547 at'si
1194 511 1345 547 addicit
1364 511 1431 546 illa
1447 511 1533 552 sibi,
1547 511 1593 547 fit
1606 512 1731 548 homo

233 566 451 602 mortuus.'’

305 619 415 655 Haec
427 618 712 664 inscripserunt
724 628 851 654 novae
861 617 1033 658 chartae,
1044 623 1084 653 et
1096 617 1200 653 hane
1213 622 1434 663 posuerunt
1443 628 1562 663 super
1572 628 1730 653 mensa:

231 679 272 708 et
289 683 380 708 ecce
398 672 532 707 subito
553 671 684 718 angeli
703 672 743 706 in
761 671 935 707 candida
950 671 1039 707 luce
1053 671 1230 711 aderant,
1249 677 1290 706 et
1307 670 1489 706 chartam
1516 670 1555 706 in
1574 671 1729 706 caelum

228 725 509 771 deportabant.

304 778 355 814 Et
375 784 587 824 postquam
611 776 664 812 ibi
685 776 788 813 letfta
808 784 881 818 est,
900 777 1087 813 sedentes
1106 787 1226 823 super
1245 776 1355 812 soliis
1376 776 1618 812 audiverunt
1637 776 1730 812 inde

229 841 359 871 voces,
379 836 399 849 ‘⁴
413 831 533 871 Bene,
557 831 678 870 Bene,
702 830 850 866 Bene.''
899 830 948 865 Et
974 836 1155 866 actutum
1181 830 1366 876 apparuit
1384 841 1487 865 unus
1512 830 1605 865 inde
1626 830 1731 865 sicut

228 885 379 924 volans,
395 884 458 919 cui
473 884 574 919 duae
592 883 677 919 alae
691 890 806 919 erant
819 884 924 919 circa
935 884 1057 930 pedes
1074 889 1116 919 et
1133 884 1236 918 duae
1249 884 1354 919 circa
1366 890 1560 929 tempora,
1577 883 1731 918 habens

230 937 270 972 in
297 948 416 972 manu
435 937 632 983 praemia:
666 948 768 983 quae
794 943 920 976 erant,
937 943 1068 983 togae,
1087 937 1193 982 pilei,
1212 943 1252 972 et
1278 936 1460 972 laureae:
1492 947 1539 972 ac
1565 937 1728 972 demisit

229 1001 282 1030 se,
301 997 342 1026 et
368 990 445 1026 illis
470 990 540 1036 qui
566 991 757 1026 sederunt
782 990 832 1025 ad
859 990 1174 1036 septentrionem
1193 989 1306 1025 dedit
1326 996 1442 1036 togas
1462 990 1609 1025 coloris
1630 1000 1731 1035 opa-

229 1043 321 1085 lini:
349 1043 424 1079 illis
438 1043 504 1089 qui
520 1043 569 1078 ad
585 1042 835 1079 occidentem
850 1050 966 1089 togas
980 1043 1127 1078 coloris
1139 1043 1316 1078 coccinei
1332 1055 1339 1084 ;
1367 1043 1443 1079 illis
1457 1043 1524 1089 qui
1542 1043 1592 1078 ad
1613 1043 1730 1078 meri-

229 1097 334 1132 diem
354 1097 491 1142 pileos,
511 1107 680 1142 quorum
699 1096 844 1132 limbos
862 1097 1058 1131 ornabant
1075 1095 1221 1131 fasciae
1247 1107 1295 1131 ex
1312 1106 1410 1131 auro
1431 1103 1471 1131 et
1493 1096 1729 1142 margaritis,

228 1156 269 1185 et
283 1149 431 1185 sinistri
446 1150 581 1184 lateris
596 1149 840 1185 elevationes
854 1149 1089 1185 adamantes
1103 1148 1201 1184 sefti
1215 1149 1455 1185 floriformes
1471 1161 1479 1189 ς
1502 1149 1578 1185 illis
1593 1156 1728 1184 autem

228 1203 295 1249 qui
314 1203 363 1238 ad
382 1203 578 1238 orientem
598 1203 710 1238 dedit
727 1203 892 1242 laureas.
909 1202 949 1238 in
968 1203 1113 1248 quibus
1127 1202 1259 1237 rubini
1277 1209 1319 1238 et
1336 1202 1525 1248 sapphiri.
1576 1202 1729 1238 Omnes

228 1256 291 1291 his
317 1256 503 1302 praemiis
529 1256 710 1291 decorati.
733 1267 755 1292 e
780 1256 879 1291 ludo
897 1256 1120 1302 sapientiae
1138 1255 1350 1291 abiverunt
1368 1256 1548 1296 domum,
1568 1261 1609 1291 et
1634 1266 1726 1291 curn

227 1315 479 1344 ostentarent
505 1320 547 1345 se
573 1310 765 1345 uxoribus
791 1309 884 1350 suis,
905 1315 1104 1344 venerunt
1131 1309 1222 1344 illae
1249 1309 1288 1344 in
1316 1319 1527 1344 occursum
1555 1308 1727 1350 illorum,

227 1363 347 1398 etiam
366 1363 575 1398 decoribus
593 1373 615 1398 e
632 1363 744 1398 caelo
763 1362 922 1399 donatis
942 1362 1166 1410 insignitae,
1186 1363 1295 1409 quod
1314 1362 1446 1398 mirati
1464 1367 1570 1398 sunt.
1589 1358 1601 1371 ⁹

227 1480 351 1526 137.
391 1469 605 1511 Alterum
632 1469 931 1512 Memorabile
947 1483 1019 1512 2-

298 1561 399 1597 Cum
419 1572 525 1597 eram
545 1562 583 1597 in
603 1561 865 1598 meditatione
882 1562 932 1597 de
950 1573 1087 1598 amore
1107 1562 1335 1609 conjugiali,
1354 1573 1446 1598 ecce
1464 1573 1486 1598 e
1502 1561 1727 1609 longinquo

225 1622 493 1661 apparuerunt
513 1615 594 1650 duo
617 1615 789 1651 infantes
811 1615 918 1656 nudi,
933 1625 1025 1650 curn
1043 1615 1226 1651 canistris
1249 1616 1288 1650 in
1307 1616 1501 1655 manibus,
1514 1623 1556 1651 et
1576 1616 1725 1651 circum

226 1668 314 1703 illos
335 1668 520 1703 volantes
541 1675 738 1709 turtures;
764 1675 804 1703 et
826 1668 922 1703 dum
945 1668 1109 1714 propius
1133 1668 1207 1704 visi
1230 1675 1334 1709 sunt,
1356 1669 1460 1704 sicut
1480 1675 1595 1704 erant
1616 1669 1726 1710 nudi,

224 1721 341 1757 sertis
367 1721 556 1756 decenter
576 1721 728 1761 ornati;
755 1721 928 1756 corollae
949 1732 998 1756 ex
1022 1721 1186 1757 floribus
1212 1722 1455 1757 decorabant
1480 1722 1614 1767 capita
1639 1721 1727 1757 illo-

224 1785 323 1814 rum,
345 1781 385 1809 et
415 1774 561 1809 fasciae
588 1785 637 1809 ex
667 1774 758 1809 liliis
784 1782 825 1809 et
853 1774 953 1810 rosis
982 1774 1231 1821 hyacinthini
1259 1774 1404 1810 coloris
1431 1785 1455 1810 a
1480 1775 1653 1821 scapulis
1674 1775 1725 1810 ad

223 1827 381 1863 lumbos
395 1827 556 1873 oblique
570 1827 791 1872 pendentes
806 1828 1004 1862 ornabant
1018 1826 1182 1873 pectora
1195 1827 1353 1863 illorum
1367 1839 1376 1869 ;
1402 1834 1442 1863 et
1455 1828 1605 1864 circum
1620 1828 1727 1864 circa

223 1880 339 1915 binos
357 1880 446 1916 illos
463 1887 548 1915 erat
565 1880 669 1916 sicut
688 1880 890 1916 vinculum
913 1891 1127 1916 commune
1149 1891 1198 1916 ex
1223 1880 1372 1916 foliolis
1393 1892 1483 1917 cum
1506 1880 1726 1927 interjec'tis

222 1933 340 1969 olivis
373 1940 618 1969 contextum.
669 1934 726 1969 At
759 1945 850 1969 cum
884 1934 1048 1980 propius
1077 1935 1335 1975 accedebant,
1361 1945 1443 1970 non
1478 1935 1725 1981 apparebant

223 1987 327 2022 sicut
345 1987 526 2027 infantes,
546 1997 620 2022 nec
637 1987 745 2027 nudi,
765 1987 833 2022 sed
854 1987 959 2023 sicut
977 1987 1059 2022 bini
1082 1987 1266 2023 homines
1289 1988 1328 2023 in
1351 1988 1481 2034 primo
1501 1988 1599 2024 flore
1616 1995 1724 2024 aeta—

221 2040 285 2079 tis,
303 2039 438 2075 amicti
463 2040 569 2086 togis
595 2047 635 2076 et
660 2040 807 2076 tunicis
832 2051 881 2076 ex
907 2040 1084 2087 fulgente
1106 2041 1244 2081 serico,
1267 2041 1412 2087 quibus
1439 2041 1583 2076 intexti
1609 2049 1725 2077 erant

222 2093 340 2128 flores
353 2091 516 2138 aspeftu
535 2093 814 2139 pulcherrimi3
839 2100 880 2129 et
895 2104 987 2128 curn
1005 2094 1119 2140 juxta
1136 2105 1199 2129 me
1218 2100 1342 2134 erant,
1357 2105 1407 2130 ex
1425 2095 1535 2130 caelo
1550 2106 1620 2140 per
1634 2095 1724 2130 illos

221 2146 382 2182 afflabat
399 2147 507 2182 calor
523 2147 696 2182 vernalis
714 2158 805 2182 curn
824 2147 1081 2183 suaveolente
1099 2148 1235 2189 odore,
1254 2148 1358 2183 sicut
1376 2159 1424 2183 ex
1443 2148 1656 2194 primitivis
1682 2149 1723 2183 in

222 2199 350 2235 hortis
367 2206 408 2235 et
425 2200 540 2246 agris.
593 2200 716 2235 Erant
733 2201 814 2236 duo
831 2201 1024 2247 conjuges
1043 2211 1064 2236 e
1083 2201 1214 2242 caelo;
1240 2207 1281 2236 et
1298 2208 1395 2236 tunc
1416 2201 1724 2247 alloquebantur

220 2262 307 2303 me:
332 2259 373 2288 et
386 2253 481 2299 quia
499 2253 538 2288 in
556 2253 803 2300 cogitatione
822 2260 936 2289 erant
954 2254 1130 2289 recentia
1143 2265 1246 2300 quae
1259 2254 1449 2295 videram,
1465 2255 1723 2300 quaerebant,

222 2311 242 2324 ‘⁴
256 2304 362 2353 Quid
381 2307 516 2342 vidisti
529 2306 570 2343 ?'’

295 2359 344 2395 Et
362 2371 452 2395 curn
471 2361 690 2401 narrabam,
709 2361 818 2407 quod
839 2361 895 2397 illi
914 2361 1013 2397 mihi
1034 2361 1206 2408 primum
1223 2361 1298 2397 visi
1321 2361 1403 2397 sint
1423 2361 1527 2398 sicut
1548 2361 1721 2398 infantes

220 2413 328 2453 nudi,
351 2421 492 2459 postea
519 2414 621 2449 sicut
652 2414 825 2450 infantes
855 2414 1032 2450 decorati
1062 2415 1190 2455 sertis,
1211 2422 1254 2450 et
1281 2415 1443 2450 demum
1474 2415 1721 2461 proceriores

219 2465 354 2502 amicti
373 2467 590 2503 florificatis
607 2468 807 2509 vestibus;
834 2475 874 2504 et
892 2469 1000 2514 quod
1018 2475 1116 2504 tunc
1135 2469 1241 2504 illico
1260 2480 1323 2504 me
1341 2469 1534 2504 afflaverit
1551 2480 1719 2505 vernum

219 2531 310 2556 cum
332 2522 418 2567 ejus
439 2522 612 2563 deliciis3
637 2522 686 2556 ad
709 2533 810 2567 quae
832 2522 1015 2558 ridebant
1036 2533 1215 2563 amoene,
1234 2529 1275 2558 et
1296 2523 1494 2563 dixerunt,
1512 2524 1622 2569 quod
1646 2523 1721 2569 ipsi

220 2575 260 2609 in
281 2574 346 2610 via
371 2586 451 2610 non
472 2575 546 2610 visi
573 2575 653 2610 sint
679 2576 753 2611 sibi
780 2582 825 2611 ut
852 2576 1034 2616 infantes,
1057 2587 1131 2612 nec
1157 2576 1268 2617 nudi,
1291 2587 1366 2612 nec
1385 2587 1476 2611 cum
1498 2577 1626 2617 sertis,
1649 2577 1719 2612 sed

218 2627 366 2674 jugiter
384 2628 422 2662 in
438 2628 557 2663 simili
575 2629 808 2674 apparentia
822 2636 868 2664 ut
882 2639 1008 2670 nunc;
1035 2636 1075 2665 et
1090 2629 1198 2675 quod
1218 2629 1308 2665 itae
1326 2630 1548 2676 longinquo
1564 2641 1720 2676 reprae-

219 2687 399 2716 sentatus
413 2681 466 2716 sit
479 2691 591 2716 amor
603 2682 840 2728 conjugialis
855 2693 1004 2722 eorum,
1017 2683 1103 2728 ejus
1117 2689 1245 2718 status
1261 2682 1512 2718 innocentiae
1527 2694 1597 2728 per
1609 2683 1718 2728 quod

219 2732 293 2768 visi
315 2733 395 2768 sint
415 2734 518 2769 sicut
540 2734 712 2770 infantes
735 2734 841 2774 nudi,
860 2735 947 2781 ejus
965 2735 1131 2771 deliciae
1149 2747 1219 2781 per
1236 2742 1352 2776 serta,
1371 2743 1412 2771 et
1430 2737 1592 2771 eaedem
1613 2746 1720 2770 nunc

220 2796 290 2831 per
314 2786 431 2822 flores
448 2787 553 2833 togis
579 2794 620 2822 et
645 2787 790 2823 tunicis
810 2788 967 2823 illorum
988 2788 1175 2824 intextos.
1226 2789 1311 2824 “Et
1328 2789 1422 2835 quia
1439 2789 1586 2828 dixisti,
1608 2789 1717 2834 quod

220 2838 324 2873 sicut
336 2839 753 2885 appropinquavimus,
765 2847 805 2876 te
819 2841 1012 2876 afflaverit
1025 2842 1135 2877 calor
1146 2842 1317 2878 vernalis
1331 2853 1422 2877 cum
1437 2842 1524 2888 ejus
1538 2842 1718 2877 amoenis

220 2890 427 2936 spiraculis
445 2892 548 2927 sicut
568 2903 616 2928 ex
634 2892 764 2934 horto,
784 2894 962 2929 dicemus
979 2905 1051 2929 cur
1068 2894 1181 2930 hoc.”
1234 2895 1283 2930 Et
1301 2895 1498 2934 dixerunt,
1518 2900 1538 2912 “
1553 2894 1718 2930 Fuimus

221 2945 412 2991 conjuges
431 2956 535 2981 nunc
556 2956 627 2992 per
643 2948 810 2988 saecula,
830 2954 870 2983 et
889 2948 1037 2994 jugiter
1055 2948 1094 2983 in
1116 2948 1215 2984 flore
1235 2949 1389 2988 aetatis,
1410 2948 1448 2983 in
1470 2959 1552 2994 quo
1572 2954 1616 2983 tu
1643 2959 1718 2985 nos

219 2996 352 3039 vides;
377 3004 418 3034 et
439 2997 589 3044 primus
610 3006 747 3036 noster
763 3006 892 3036 status
918 3000 993 3036 fuit
1018 3000 1122 3036 sicut
1147 3008 1209 3036 est
1229 3008 1358 3037 status
1379 3001 1529 3048 primus
1550 3001 1717 3048 virginis
