2014 3386
331 329 390 362 20
796 327 1040 362 DELICIAE
1072 327 1376 361 SAPIENTIAE

329 442 476 479 eoloris
493 443 612 484 badii,
631 443 776 490 quibus
795 443 999 480 intertexti
1018 450 1131 480 erant
1151 443 1270 480 flores
1290 443 1439 479 circum
1457 443 1657 491 aquilinos
1678 443 1830 491 pullos:

328 498 490 534 tunicae
508 499 582 534 sub
598 498 674 534 illis
692 509 740 534 ex
758 499 886 534 serico
903 498 1050 534 eoloris
1068 498 1238 545 opalini;
1263 498 1448 534 similiter
1460 498 1667 535 femoralia
1680 505 1722 535 et
1738 499 1831 534 tibi-

329 551 419 587 alia.
469 551 577 587 Talis
594 558 680 587 erat
697 552 866 588 vestitus
885 553 1055 588 illorum.

401 604 485 642 16.
520 603 843 640 Circumstabant
869 617 1046 641 mensam
1068 604 1284 641 consiliarii
1305 615 1329 640 a
1353 605 1486 646 latere,
1508 611 1549 641 et
1569 605 1785 641 consiliarii
1806 616 1831 641 a

328 658 508 700 cameris,
527 666 569 695 et
586 660 870 701 moderatores,
889 667 930 695 et
947 671 996 696 ex
1015 660 1127 706 jussu
1149 658 1339 705 principis
1359 658 1654 705 complicabant
1675 669 1828 699 manus,

329 720 370 748 et
387 713 505 748 simul
524 714 782 749 susurrabant
799 713 959 749 laudem
976 713 1155 749 votivam
1173 712 1223 748 ad
1243 711 1474 754 Dominum,
1492 719 1534 749 et
1551 719 1643 759 post
1660 713 1763 749 hanc
1780 724 1830 749 ex

329 773 430 802 nutu
448 767 638 813 principis
655 778 698 803 se
715 778 835 813 super
846 767 946 803 toris
964 768 1014 802 ad
1034 778 1211 803 mensam
1227 774 1501 813 reposuerunt.
1541 767 1591 803 Et
1605 767 1708 803 dixit
1721 767 1829 814 prin-

328 831 422 866 ceps
449 821 499 856 ad
526 821 665 856 decern
692 821 876 862 advenas,
903 821 1185 856 “Discumbite
1211 821 1332 856 etiam
1357 832 1430 857 vos
1456 832 1624 862 mecum,
1649 831 1742 856 ecce
1774 821 1828 856 ibi

328 874 445 909 sedes
462 880 619 909 vestrae
633 874 665 915 ;’'
690 881 731 909 et
749 874 1056 916 discubuerunt3
1082 881 1124 910 et
1141 874 1258 909 aulici
1280 874 1389 920 prius
1406 885 1431 909 a
1450 874 1628 920 principe
1646 873 1756 909 missi
1777 874 1828 909 ad

328 926 635 962 ministrandum
656 927 742 968 illis,
761 927 975 962 adstabant
993 927 1069 963 illis
1087 938 1110 963 a
1127 934 1255 974 tergo.
1308 927 1358 962 Et
1378 933 1476 962 tune
1495 927 1597 962 dixit
1618 927 1695 962 illis
1722 926 1829 972 prin-

327 990 432 1025 ceps,
455 979 640 1015 “Sumite
661 980 830 1026 quisque
856 980 1042 1026 patellam
1062 991 1111 1015 ex
1131 980 1294 1016 orbibus
1315 979 1407 1020 suis,
1426 986 1468 1015 et
1493 986 1634 1026 postea
1658 979 1828 1026 quisque

327 1033 535 1068 scutellam
550 1044 599 1068 ex
611 1033 814 1080 pyramide
828 1033 860 1074 ;''
886 1040 927 1068 et
941 1034 1260 1079 desumpserunt,
1275 1039 1316 1068 et
1330 1044 1422 1068 ecce
1437 1033 1544 1068 illico
1559 1043 1686 1068 novae
1701 1032 1827 1078 patel-

327 1086 388 1121 lae
410 1092 451 1121 et
473 1086 663 1122 scutellae
688 1086 779 1122 loco
804 1086 959 1121 illarum
985 1086 1317 1132 superimpositae
1338 1086 1601 1132 apparebant;
1627 1095 1674 1120 ac
1693 1085 1827 1132 cyathi

329 1138 489 1174 illorum
511 1150 560 1174 ex
586 1138 699 1175 fonte
720 1139 886 1175 saliente
910 1150 933 1175 e
954 1150 1098 1186 magna
1125 1139 1329 1186 pyramide
1353 1139 1449 1174 vino
1475 1138 1761 1184 implebantur;
1787 1145 1828 1174 et

326 1193 593 1228 comedebant
610 1199 651 1228 et
668 1193 870 1228 bibebant.

401 1245 500 1281 Post
521 1246 693 1281 mediam
715 1246 941 1281 satietatem
963 1245 1242 1291 alloquebatur
1259 1244 1444 1291 princeps
1465 1243 1604 1279 decem
1626 1243 1827 1284 invitatos,

327 1305 369 1335 et
394 1298 507 1339 dixit,
527 1298 708 1334 “Audivi
730 1299 838 1345 quod
866 1299 906 1333 in
931 1305 1047 1339 terra,
1066 1309 1167 1344 quae
1189 1299 1262 1333 sub
1289 1298 1366 1333 hoc
1391 1297 1503 1333 caelo
1528 1303 1600 1338 est,
1617 1296 1828 1332 convocati

327 1352 483 1387 fueritis
501 1352 550 1387 ad
571 1352 830 1398 aperie-ndum
848 1351 1114 1398 cogitationes
1132 1357 1284 1387 vestras
1306 1351 1356 1386 de
1376 1350 1532 1397 gaudiis
1553 1350 1651 1385 caeli
1673 1355 1714 1385 et
1734 1349 1828 1384 inde

328 1405 520 1441 felicitate
549 1412 723 1445 aeterna,
750 1411 791 1440 et
819 1405 929 1451 quod
959 1404 1205 1451 protuleritis
1236 1404 1322 1439 illas
1351 1403 1631 1443 diversimode,
1658 1402 1828 1448 quisque

328 1459 548 1494 secundum
562 1458 739 1504 jucunda
752 1468 942 1493 sensuum
957 1457 1135 1503 corporis
1148 1457 1229 1498 sui3
1251 1457 1319 1492 sed
1335 1456 1431 1502 quid
1448 1456 1626 1502 jucunda
1639 1465 1827 1491 sensuum

327 1511 507 1557 corporis
529 1511 678 1557 absque
702 1510 890 1557 jucundis
911 1509 1095 1546 animae?
1147 1510 1217 1546 Est
1242 1509 1376 1545 anima
1395 1520 1496 1555 quae
1521 1509 1715 1555 jucundat
1741 1508 1828 1547 illa:

326 1565 508 1611 jucunda
532 1564 688 1599 animae
714 1563 754 1598 in
780 1574 823 1599 se
849 1569 943 1599 sunt
968 1563 1240 1599 beatitudines
1266 1562 1612 1608 imperceptibiles,
1630 1561 1701 1597 sed
1727 1560 1830 1596 fiunt

329 1618 419 1663 plus
441 1624 482 1653 et
503 1618 591 1663 plus
613 1617 902 1663 perceptibiles,
921 1617 1024 1652 sicut
1050 1616 1300 1652 descendunt
1321 1616 1360 1650 in
1381 1615 1649 1662 cogitationes
1670 1613 1827 1654 mentis,

328 1677 370 1706 et
387 1671 437 1706 ab
455 1671 518 1706 his
545 1671 584 1705 in
606 1670 855 1706 sensationes
872 1669 1070 1716 corporis:
1097 1669 1137 1704 in
1158 1668 1470 1716 cogitationibus
1492 1667 1637 1703 mentis
1658 1666 1826 1713 percipi-

328 1730 451 1758 untur
467 1723 570 1759 sicut
588 1723 825 1763 faustitates,
846 1723 886 1758 in
907 1722 1201 1758 sensationibus
1221 1721 1400 1768 corporis
1421 1721 1525 1757 sicut
1543 1721 1827 1767 jucunditates.

328 1783 370 1811 et
388 1776 428 1811 in
447 1776 533 1822 ipso
551 1787 718 1822 corpore
736 1776 839 1812 sicut
856 1775 1105 1821 voluptates;
1130 1786 1179 1810 ex
1200 1774 1262 1810 his
1283 1780 1324 1809 et
1346 1774 1422 1810 illis
1441 1773 1558 1809 simul
1575 1779 1637 1809 est
1658 1772 1827 1808 felicitas

328 1835 509 1870 aeterna;
539 1835 581 1864 at
601 1840 650 1864 ex
671 1829 767 1864 solis
789 1828 1074 1874 posterioribus
1101 1828 1167 1863 illa
1188 1827 1357 1863 felicitas
1379 1837 1459 1862 non
1481 1833 1543 1862 est
1562 1832 1734 1866 aeterna,
1756 1825 1826 1860 sed

327 1882 581 1928 temporaria,
600 1892 702 1927 quae
723 1881 861 1916 finitur
877 1888 918 1916 et
934 1881 1088 1922 transit,
1106 1887 1147 1916 et
1165 1881 1406 1927 quandoque
1423 1879 1468 1914 fit
1486 1878 1709 1914 infelicitas.
1758 1877 1827 1913 Vi—

328 1935 444 1970 distis
465 1945 572 1970 nunc
585 1935 694 1981 quod
712 1934 848 1970 omnia
863 1934 1010 1980 gaudia
1026 1940 1159 1969 vestra
1176 1933 1297 1969 etiam
1315 1933 1396 1968 sint
1412 1931 1558 1978 gaudia
1574 1931 1683 1972 caeli,
1701 1937 1743 1967 et
1759 1941 1827 1966 ex-

328 1988 563 2023 cellentiora
592 1998 711 2033 quam
739 1997 908 2033 usquam
936 1987 1113 2033 cogitare
1143 1986 1341 2032 potuistis,
1369 1985 1439 2021 sed
1466 1995 1592 2030 usque
1621 1984 1720 2020 haec
1745 1994 1825 2020 non

329 2041 496 2076 interius
512 2040 690 2076 afficiunt
707 2040 862 2075 animos
881 2046 1052 2075 nostros.
1104 2039 1207 2075 Sunt
1223 2039 1310 2079 tria,
1329 2049 1430 2084 quae
1448 2045 1493 2073 ut
1510 2048 1634 2072 unum
1654 2037 1827 2072 influunt

328 2104 353 2129 a
379 2093 555 2129 Domino
581 2093 620 2128 in
647 2092 799 2128 animas
824 2099 1001 2134 nostras;
1032 2093 1131 2127 haec
1155 2092 1234 2127 tria
1253 2098 1299 2126 ut
1319 2102 1454 2132 unum,
1471 2101 1541 2126 seu
1567 2090 1646 2126 hoc
1665 2089 1826 2130 trinum,

328 2153 423 2182 sunt
440 2157 560 2187 amor,
573 2146 778 2191 sapientia,
792 2151 833 2181 et
851 2156 944 2180 usus
960 2155 968 2180 z
993 2151 1034 2180 at
1051 2156 1164 2180 amor
1177 2152 1217 2180 et
1235 2144 1431 2190 sapientia
1448 2155 1529 2179 non
1553 2143 1732 2179 existunt
1749 2142 1825 2178 nisi

329 2199 520 2240 idealiter,
538 2199 632 2245 quia
651 2199 780 2234 solum
800 2198 839 2233 in
857 2197 1068 2233 affefflone
1089 2204 1129 2233 et
1150 2197 1395 2244 cogitatione
1413 2196 1581 2238 mentis;
1601 2196 1670 2232 sed
1690 2195 1730 2231 in
1752 2206 1825 2231 usu

329 2253 498 2293 realiter,
520 2252 614 2298 quia
633 2251 750 2287 simul
772 2251 811 2285 in
833 2249 924 2286 actu
946 2257 987 2286 et
1013 2261 1133 2296 opere
1158 2250 1359 2296 corporis;
1384 2257 1425 2286 et
1445 2249 1513 2285 ubi
1540 2249 1699 2285 realiter
1722 2248 1826 2284 exis-

328 2312 432 2346 tunt,
460 2304 513 2340 ibi
543 2304 665 2340 etiam
693 2304 937 2344 subsistunt;
968 2310 1008 2339 et
1035 2303 1129 2349 quia
1154 2314 1268 2338 amor
1292 2309 1333 2338 et
1361 2302 1558 2348 sapientia
1584 2301 1761 2338 existunt
1785 2307 1827 2337 et

329 2358 552 2394 subsistunt
566 2357 605 2392 in
624 2368 710 2398 usu,
725 2363 786 2393 est
800 2367 895 2392 usus
908 2356 976 2402 qui
996 2367 1068 2391 nos
1082 2355 1214 2396 afficit,
1229 2367 1275 2391 ac
1293 2366 1388 2391 usus
1405 2363 1466 2391 est
1480 2354 1660 2395 fideliter,
1673 2354 1826 2389 sincere

329 2418 370 2447 et
390 2411 527 2447 sedule
547 2410 659 2446 obire
684 2420 778 2446 suae
803 2409 1020 2445 functionis
1042 2420 1183 2454 opera:
1209 2420 1322 2444 amor
1342 2420 1448 2449 usus,
1467 2414 1508 2444 et
1533 2408 1625 2443 inde
1645 2407 1823 2443 studium

331 2464 370 2499 in
390 2475 475 2504 usu,
494 2463 677 2499 continet
695 2469 869 2498 mentem
889 2473 938 2497 ne
956 2461 1121 2501 diffluat,
1137 2468 1178 2496 et
1196 2472 1245 2496 ne
1263 2462 1592 2507 circumvagetur,
1608 2466 1649 2495 et
1669 2459 1825 2495 hauriat

329 2527 470 2552 omnes
488 2516 739 2562 cupiditates,
759 2526 861 2561 quae
879 2526 900 2550 e
918 2525 1084 2560 corpore
1102 2521 1142 2549 et
1163 2525 1184 2549 e
1203 2514 1355 2549 mundo
1377 2525 1448 2559 per
1467 2523 1607 2548 sensus
1627 2523 1718 2548 eum
1741 2512 1825 2547 ille-

329 2569 458 2604 cebris
477 2569 659 2609 influunt,
673 2579 722 2604 ex
735 2568 879 2614 quibus
891 2578 986 2603 vera
1003 2567 1206 2613 religionis
1223 2574 1264 2602 et
1278 2577 1372 2601 vera
1389 2565 1625 2601 moralitatis
1638 2576 1728 2600 cum
1741 2565 1824 2600 suis

329 2622 446 2657 bonis
464 2621 708 2667 dissipantur
726 2621 764 2656 in
784 2631 924 2656 omnes
941 2627 1102 2661 ventos:
1128 2626 1169 2654 at
1186 2619 1363 2654 studium
1383 2618 1528 2654 mentis
1546 2618 1586 2652 in
1604 2628 1678 2653 usu
1697 2617 1825 2653 conti-

330 2682 400 2710 net
429 2681 470 2710 et
499 2674 663 2720 colligat
693 2674 770 2714 illa,
800 2679 841 2709 et
871 2673 1048 2718 disponit
1078 2678 1253 2707 mentem
1284 2672 1323 2706 in
1353 2671 1522 2706 formam
1553 2669 1824 2716 receptibilem

329 2727 549 2773 sapientiae
566 2738 615 2762 ex
632 2727 734 2762 veris
754 2726 849 2767 illis;
874 2732 914 2761 et
932 2732 1030 2760 tunc
1046 2736 1070 2760 a
1087 2724 1275 2760 lateribus
1293 2724 1530 2760 exterminat
1547 2730 1588 2759 et
1605 2722 1823 2758 falsitatum

329 2787 372 2815 et
401 2779 623 2815 vanitatum
655 2779 825 2814 ludibria
853 2785 894 2814 et
923 2778 1086 2813 ludicra.
1148 2776 1227 2812 Sed
1262 2777 1375 2823 plura
1404 2777 1454 2812 de
1483 2776 1545 2812 his
1574 2775 1745 2812 audietis
1774 2786 1824 2811 ex

330 2833 576 2879 sapientibus
597 2839 757 2868 nostrae
777 2831 992 2872 societatis,
1011 2841 1112 2877 quos
1133 2836 1224 2876 post
1244 2830 1450 2865 meridiem
1472 2829 1575 2864 hanc
1595 2828 1752 2864 mittam
1772 2828 1824 2864 ad

330 2885 438 2921 vos.''

406 2937 481 2974 His
499 2936 616 2974 dictis
633 2937 804 2974 surrexit
822 2937 1015 2983 princeps,
1034 2942 1075 2972 et
1096 2946 1175 2971 una
1195 2946 1285 2971 cum
1308 2935 1375 2970 illo
1396 2934 1599 2975 convivae,
1617 2945 1664 2970 ae
1685 2945 1822 2980 pacem

331 2990 443 3033 dixit,
462 2998 502 3027 et
523 2990 727 3027 mandavit
747 2991 891 3037 angelo
913 2990 1070 3025 illorum
1093 2987 1260 3030 duftori,
1279 2995 1324 3023 ut
1346 2988 1551 3024 reduceret
1571 2987 1660 3024 illos
1686 2988 1726 3023 in
1750 2997 1822 3024 sua
