2014 3386
325 327 409 381 360
767 335 1095 371 VOLUPTATES
1127 337 1372 371 INSANIAE
1404 368 1407 370 ,

1398 398 1403 415 Ι

317 451 421 505 quia
434 464 458 505 e
473 450 697 493 diametro
710 456 781 494 est
794 451 1008 506 opposita
1022 453 1144 494 vitae
1158 452 1322 494 amoris
1337 452 1620 507 conjugiafis,
1637 460 1684 496 et
1698 454 1817 499 hanc

317 528 458 568 usque
480 514 538 555 ad
560 515 919 557 internecionem
941 516 1136 557 destruit
1162 514 1390 570 (videatur
1410 530 1559 570 supra,
1578 531 1626 559 n.
1650 527 1700 571 25
1709 517 1777 574 5).⁴

399 578 540 631 469.
585 577 721 632 Quod
747 592 888 633 usque
915 593 1032 621 uxor
1058 580 1277 621 meretrix
1303 594 1330 621 a
1347 580 1549 633 pluribus
1574 582 1680 623 viris
1705 583 1816 624 reti-

318 648 480 681 neatur
501 641 625 682 dorni
647 647 753 683 sunt
775 655 962 685 causae:
1000 641 1079 696 (1.)
1114 641 1250 696 Quod
1273 643 1339 684 vir
1360 644 1522 685 timeat
1545 658 1647 686 cum
1670 659 1816 688 uxore

315 704 570 745 contestari
601 703 744 754 litem,
773 718 988 747 accusare
1019 705 1246 755 adulterii,
1279 712 1327 748 et
1358 707 1422 748 sic
1454 708 1499 748 in
1531 708 1676 750 sorum
1708 723 1815 764 pro·-

316 766 522 820 mulgare
548 768 746 819 crimem
783 781 889 810 nam
921 770 957 810 si
989 768 1340 811 testificationes
1366 770 1573 813 oculares
1599 778 1677 814 aut
1706 786 1815 814 ocu-

315 829 476 871 larium
502 844 634 884 pares
659 831 785 872 illam
812 846 904 873 non
930 831 1188 874 convictam
1214 833 1432 882 facerent,
1460 836 1712 888 operiretur
1737 835 1816 877 ille

315 894 605 935 contumeliis
627 893 762 936 tectis
787 896 831 936 in
858 896 1066 937 coetibus
1092 897 1304 945 virorum,
1329 903 1377 938 et
1403 899 1572 951 apertis
1598 899 1642 939 in
1669 900 1814 942 coeti-

314 956 397 997 bus
429 957 682 999 mulierum.
745 957 826 1013 (2.)
870 959 1026 1001 Timet
1058 960 1199 1000 etiam
1231 959 1421 1001 callidas
1453 963 1815 1015 expurgationes

314 1033 421 1061 suae
444 1022 709 1070 meretricis,
729 1028 775 1064 et
798 1036 977 1076 quoque
1000 1023 1393 1076 patrocinationes
1415 1023 1509 1077 ejus
1530 1038 1557 1064 a
1574 1024 1811 1078 judicibus,

313 1089 361 1125 et
384 1085 447 1125 sic
466 1086 843 1139 prostitutionem
860 1087 1055 1127 nominis
1073 1087 1153 1128 sui.
1187 1124 1189 1126 a
1218 1086 1298 1141 (3.)
1334 1087 1520 1129 Praeter
1536 1089 1628 1138 illa,
1647 1089 1815 1132 dantur

312 1147 672 1190 domesticorum
704 1162 863 1192 usuum
896 1151 1154 1199 commoda,
1182 1164 1297 1204 quae
1329 1151 1596 1193 dissuadent
1629 1166 1812 1207 separa-

312 1211 487 1253 tionem
514 1226 538 1253 e
564 1213 729 1264 dom03
763 1218 813 1254 ut
839 1213 876 1254 si
907 1213 997 1255 illis
1022 1214 1219 1255 infantes
1247 1220 1368 1264 sunt,
1397 1229 1507 1268 erga
1531 1229 1644 1269 quos
1670 1217 1811 1258 etiam

313 1276 566 1317 meretricis
584 1289 712 1318 amor
729 1283 800 1318 est
819 1283 1054 1319 maternus
1072 1292 1081 1329 3
1116 1279 1152 1319 si
1176 1278 1323 1319 officia
1345 1285 1502 1320 mutua
1519 1280 1811 1323 intercedunt

311 1344 359 1379 et
385 1338 688 1393 conjungunt,
717 1354 831 1395 quae
858 1354 950 1382 non
976 1348 1170 1395 possunt
1196 1342 1371 1393 dirimi;
1404 1343 1441 1383 si
1468 1343 1734 1396 parentelae
1758 1350 1808 1386 et

312 1401 558 1444 clientelae
585 1404 676 1445 sint
703 1405 836 1445 uxori
877 1405 935 1445 ab
965 1405 1149 1458 agnatis
1189 1411 1237 1447 et
1278 1407 1505 1459 cognatis,
1534 1413 1581 1448 et
1621 1421 1682 1448 ex
1720 1406 1811 1449 illis

312 1478 417 1518 spes
443 1466 752 1519 fortunarum;
795 1468 832 1508 si
868 1468 1089 1509 amabiles
1116 1470 1474 1510 consuetudines
1500 1483 1603 1511 cum
1643 1470 1723 1512 illa
1760 1471 1808 1513 in

310 1529 532 1583 principio
557 1530 751 1582 foverit;
789 1537 836 1573 et
868 1532 905 1572 si
936 1531 1027 1580 illa,
1055 1538 1301 1586 postquam
1328 1534 1546 1574 meretrix
1574 1532 1693 1575 sacta
1723 1539 1809 1585 est,

310 1591 493 1633 blandis
514 1593 691 1635 facetiis
713 1607 766 1635 ac
794 1594 1093 1636 civilitatibus
1116 1596 1341 1637 simulatis
1365 1596 1532 1638 callide
1554 1598 1670 1638 sciat
1693 1597 1811 1638 mul·

311 1668 415 1696 cere
446 1657 606 1706 virum,
640 1670 697 1698 ne
728 1657 1013 1712 inculpetur3
1056 1665 1241 1713 praeter
1271 1659 1373 1708 alia,
1401 1673 1516 1713 quae
1547 1660 1652 1714 quia
1682 1660 1727 1700 in
1758 1673 1809 1702 se

310 1724 416 1760 sunt
448 1733 614 1761 causae
646 1720 883 1774 legitimae
915 1722 1112 1772 divortii,
1146 1723 1287 1764 etiam
1319 1729 1426 1764 sunt
1458 1736 1622 1764 causae
1654 1723 1808 1777 legiti-

310 1795 412 1823 mae
434 1783 766 1825 concubinatus
787 1798 797 1836 ;
831 1798 936 1826 nam
968 1798 1132 1827 causae
1154 1786 1425 1827 retentionis
1447 1786 1571 1827 domi
1597 1800 1688 1828 non
1715 1787 1808 1829 tol-

310 1845 409 1887 lunt
441 1859 626 1887 causam
658 1847 855 1897 divortii,
890 1849 997 1890 dum
1029 1856 1237 1890 scortata
1267 1856 1353 1891 est.
1415 1848 1540 1902 QuiS,
1574 1851 1658 1891 nisi
1689 1850 1805 1901 vilis,

309 1915 466 1961 potest
489 1923 669 1951 servare
687 1910 785 1963 jura
808 1909 913 1952 lecti
936 1911 1219 1965 conjugialis,
1243 1926 1295 1954 ac
1319 1919 1468 1954 torum
1491 1914 1679 1964 sociare,
1703 1926 1806 1956 cum

309 1972 579 2013 meretrice?
640 1972 685 2014 Si
712 1973 805 2023 fiat,
832 1974 904 2015 hic
932 1981 979 2016 et
1006 1976 1079 2024 ibi,
1109 1989 1200 2016 non
1227 1976 1476 2018 concludit.

392 2042 526 2088 470.
560 2033 672 2090 (vii.)
711 2036 840 2087 Quod
863 2051 1022 2078 causae
1034 2038 1193 2091 justae
1220 2038 1350 2093 hujus
1374 2039 1682 2081 concubinatus
1712 2039 1807 2082 sint

307 2111 467 2138 causae
481 2098 638 2152 justae
661 2100 960 2152 separationis
1000 2115 1028 2142 a
1064 2101 1346 2143 tora—Sunt
1379 2115 1542 2144 causae
1570 2103 1806 2156 legitimae

309 2162 628 2214 separationis,
653 2168 701 2203 et
724 2169 829 2204 sunt
853 2177 1015 2205 causae
1033 2163 1183 2217 justae
1204 2178 1213 2215 ;
1247 2178 1410 2206 causae
1434 2166 1669 2219 legitimae
1691 2166 1805 2209 fiunt
1833 2188 1835 2191 ·

307 2236 388 2277 per
413 2222 667 2265 ediffiones
693 2239 719 2266 a
739 2225 979 2278 judicibus,
1007 2234 1054 2268 et
1082 2227 1233 2280 justae
1259 2242 1339 2282 per
1365 2227 1615 2270 edictiones
1646 2243 1672 2271 a
1702 2229 1805 2272 solo

307 2286 404 2327 viro
425 2286 666 2340 judicatas.
729 2288 904 2330 Causae
936 2296 1032 2331 tam
1065 2290 1303 2343 legitimae
1329 2305 1464 2346 quam
1491 2291 1638 2345 justae
1670 2306 1802 2347 sepa—

307 2350 497 2390 rationis
523 2364 549 2391 a
575 2357 692 2400 toro,
721 2357 767 2393 et
793 2366 972 2406 quoque
998 2366 1024 2394 a
1050 2353 1203 2402 domo,
1231 2354 1276 2394 in
1303 2356 1577 2409 compendio
1603 2357 1803 2398 recensi-

307 2418 384 2453 tae
415 2419 523 2454 sunt
554 2427 689 2467 supra
722 2413 785 2468 (n.
820 2413 951 2468 1¹¹252,
986 2415 1116 2470 253);
1161 2431 1222 2458 ex
1254 2418 1414 2471 quibus
1443 2418 1559 2459 vitia
1589 2419 1801 2472 corporis,

306 2482 413 2516 sunt
440 2477 598 2525 morbi,
628 2491 707 2531 per
732 2492 845 2531 quos
871 2485 1021 2520 totum
1048 2492 1210 2533 corpus
1236 2479 1432 2522 inficitur
1457 2482 1500 2522 in
1527 2488 1724 2532 tantum,
1753 2488 1803 2524 ut

307 2538 448 2579 letale
480 2553 539 2579 ex
572 2542 790 2594 contagio
816 2542 1083 2593 inducatur;
1118 2543 1236 2584 tales
1263 2551 1368 2585 sunt
1395 2545 1547 2585 febrae
1573 2545 1802 2598 malignae

305 2607 352 2642 et
370 2602 723 2655 pestilentiale3‚
744 2603 911 2657 leprae,
929 2604 1025 2646 lues
1047 2619 1285 2655 venereae,
1305 2608 1456 2648 cancri
1474 2620 1482 2648 :
1517 2614 1614 2649 turn
1638 2608 1799 2658 morbi,

305 2677 365 2704 ex
388 2665 547 2718 quibus
569 2671 718 2707 totum
737 2680 900 2721 corpus
922 2668 1211 2721 ingravatum
1238 2668 1289 2710 fit
1315 2670 1359 2710 in
1386 2676 1582 2719 tantum,
1603 2677 1651 2712 ut
1674 2671 1801 2713 nulla

305 2728 676 2769 consociabilitas
702 2730 777 2778 sit,
805 2736 851 2771 et
878 2744 937 2771 ex
965 2731 1124 2784 quibus
1150 2731 1428 2774 exhalantur
1453 2733 1631 2775 effluvia
1656 2735 1798 2776 detri-

305 2797 517 2831 mentosa
534 2797 581 2832 et
602 2805 796 2845 vapores
815 2794 955 2842 noxii,
975 2794 1069 2835 sive
1090 2808 1115 2835 e
1137 2795 1372 2848 superficie
1390 2797 1604 2850 corporis,
1624 2797 1719 2838 sive
1736 2811 1798 2839 ex

304 2852 725 2907 interioribusejus,
755 2856 798 2896 in
831 2857 983 2909 specie
1014 2870 1074 2898 ex
1099 2858 1354 2899 ventriculo
1380 2865 1427 2900 et
1460 2859 1703 2912 pulmone;
1735 2873 1796 2902 ex

305 2916 539 2969 superficie
565 2919 781 2971 corporis,
809 2925 921 2960 sunt⁴
938 2919 1165 2972 malignae
1191 2921 1404 2970 variolae,
1431 2935 1660 2971 verrucae,
1687 2936 1794 2977 pus-

306 2978 443 3030 tulae,
477 2980 672 3034 phthisis
713 2982 985 3032 scorbutica,
1019 2983 1194 3024 scabies
1225 2984 1465 3035 virulenta,
1499 2986 1716 3039 imprimis
1755 2986 1793 3028 si
