2014 3386
304 342 361 385 24
765 342 1007 376 DELICIAE
1039 343 1343 378 SAPIENTIAE

376 452 427 489 Et
447 459 544 489 tunc
565 453 736 490 ministri
757 465 806 491 ex
826 455 981 491 duabus
1007 457 1155 492 mensis
1178 457 1292 503 juxta
1312 458 1593 494 candelabrum
1619 468 1798 506 sumpse-

303 513 396 541 runt
417 517 548 552 panes,
571 513 612 542 et
632 518 680 543 ex
702 507 849 544 mensis
875 508 915 544 in
936 509 1093 556 angulis
1113 510 1279 557 cyathos
1300 522 1405 546 nunc
1425 511 1521 547 vino
1542 511 1738 558 impletos,
1757 519 1799 548 et

303 558 500 594 dederunt
517 559 643 596 cuivis
660 560 832 597 invitato
849 572 964 598 suum
986 573 1129 609 panem
1151 569 1193 599 et
1213 574 1328 599 suum
1346 563 1546 610 cyathum,
1565 575 1612 600 ac
1628 565 1798 601 ederunt

302 618 345 647 et
362 612 559 648 biberunt.
886 620 887 625 ¹

375 664 474 700 Post
492 665 591 700 haec
608 673 865 702 surrexerunt
882 667 1048 704 maritus
1064 674 1106 703 et
1123 668 1209 714 ejus
1227 680 1338 710 uxor,
1356 670 1615 716 sequentibus
1633 681 1702 706 sex
1718 671 1798 707 vir-

300 716 461 763 ginibus
478 729 569 753 cum
587 719 784 765 argenteis
803 730 910 755 nunc
934 721 1111 756 accensis
1137 722 1386 767 lampadibus
1412 722 1452 758 in
1471 723 1654 759 manibus
1671 734 1797 771 usque

301 770 352 805 ad
371 770 511 812 limen:
537 781 583 806 ac
600 771 792 818 conjuges
811 772 1058 808 intraverunt
1075 773 1308 815 thalamum,
1328 781 1370 810 et
1387 775 1521 811 clausa
1538 782 1599 811 est
1614 776 1748 822 janua.
1783 798 1787 801 -

339 844 343 848 -
372 830 448 860 21.
484 823 632 860 Postea
655 824 812 861 locutus
833 832 895 861 est
919 826 1083 872 angelus
1104 825 1248 862 duc'tor
1267 838 1357 862 curn
1384 828 1567 864 invitatis
1587 829 1637 864 de
1657 829 1796 865 decem

300 876 516 912 comitibus
534 877 627 918 suis,
646 877 754 923 quod
773 889 822 913 ex
840 879 1031 914 mandato
1051 879 1317 915 introduxerit
1338 880 1438 921 illos,
1456 887 1496 916 et
1515 882 1797 918 monstraverit

301 927 378 964 illis
400 929 611 975 magnifica
635 930 770 976 palatii
796 930 996 977 principis,
1019 938 1060 967 et
1086 932 1252 967 mirifica
1273 932 1337 973 ibi,
1355 939 1396 968 et
1416 934 1524 979 quod
1546 934 1694 980 epulati
1715 935 1798 970 sint

299 981 351 1016 ad
373 993 550 1017 mensam
571 993 662 1017 cum
685 983 776 1025 illo,
802 989 842 1019 et
863 984 972 1030 quod
996 991 1136 1029 postea
1160 985 1284 1020 locuti
1305 985 1386 1020 sint
1407 990 1528 1021 “cum
1551 987 1796 1032 sapientibus

300 1034 448 1070 nostris
461 1034 493 1076 ;''
523 1046 569 1070 ac
590 1035 716 1081 petiit,
736 1041 810 1071 “ut
834 1036 952 1072 liceat
977 1037 1054 1072 illis
1080 1037 1200 1072 etiarn
1218 1038 1426 1073 vobiscum
1451 1039 1603 1075 sociare
1622 1040 1795 1087 aliquem

299 1087 561 1123 sermonem.’¹
612 1088 663 1123 Et
683 1096 946 1130 accesserunt,
965 1095 1006 1125 et
1026 1090 1215 1125 collocuti
1234 1097 1338 1126 sunt.

373 1139 423 1175 Et
440 1151 542 1176 unus
560 1140 717 1186 sapiens
735 1152 784 1177 ex
797 1141 891 1178 viris
909 1142 1139 1189 nuptiarum
1157 1142 1269 1184 dixit,
1285 1148 1305 1162 “
1319 1143 1547 1191 Intelligitis
1560 1144 1656 1191 quid
1674 1145 1797 1192 signi-

300 1191 421 1228 ficant
440 1193 507 1228 illa
523 1204 625 1239 quae
641 1194 798 1230 vidistis
809 1193 850 1230 ?'¹

373 1245 570 1281 Dixerunt
590 1247 698 1292 quod
720 1257 882 1293 parum:
907 1253 948 1283 et
968 1253 1066 1283 tunc
1085 1248 1370 1295 quaesiverunt
1395 1249 1513 1291 illum,
1535 1260 1606 1286 cur
1625 1261 1796 1297 sponsus

300 1309 406 1333 nunc
424 1299 589 1334 maritus
607 1299 647 1334 in
665 1299 735 1334 tali
753 1300 903 1335 vestitu
922 1299 1010 1336 fuit.

373 1351 609 1398 Respondit,
632 1353 740 1399 quod
761 1364 931 1399 sponsus
953 1364 1061 1389 nunc
1083 1353 1248 1390 maritus
1273 1355 1630 1400 repraesentaverit
1656 1355 1796 1392 Domi-

300 1415 406 1445 num,
425 1415 471 1439 ac
489 1416 636 1450 sponsa
653 1417 758 1441 nunc
774 1417 876 1441 uxor
893 1407 1251 1452 repraesentaverit
1271 1407 1498 1449 Ecclesiam,
1517 1409 1610 1455 quia
1627 1409 1795 1455 nuptiae*

299 1457 339 1492 in
366 1457 477 1493 caelo
499 1465 798 1503 repraesentant
815 1459 1049 1505 conjugium
1073 1459 1235 1495 Domini
1257 1471 1347 1495 cum
1370 1461 1558 1502 ecclesia;
1588 1466 1608 1480 ‘⁴
1621 1461 1714 1497 inde
1733 1469 1797 1498 est

298 1511 407 1556 quod
426 1521 546 1556 super
564 1511 668 1546 illius
685 1511 815 1557 capite
834 1519 940 1547 esset
957 1512 1111 1553 cidaris,
1127 1519 1168 1548 et
1186 1513 1251 1548 ille
1271 1514 1434 1549 indutus
1453 1514 1579 1560 pallio,
1594 1514 1740 1556 tunica,
1755 1521 1797 1550 et

298 1563 460 1609 ephodo
487 1563 590 1599 sicut
615 1564 804 1606 Aharon;
829 1571 870 1600 et
894 1565 1002 1611 quod
1029 1577 1152 1611 super
1176 1577 1347 1611 sponsae
1373 1578 1480 1602 nunc
1505 1567 1638 1603 uxoris
1664 1567 1795 1614 capite

297 1622 403 1651 esset
424 1627 582 1658 corona,
604 1623 645 1652 et
671 1617 738 1653 illa
759 1617 900 1653 induta
919 1618 1131 1665 chlamyde
1156 1619 1260 1654 sicut
1285 1620 1445 1665 regina3
1471 1620 1541 1655 sed
1567 1631 1654 1656 cras
1675 1627 1794 1656 erunt

297 1669 413 1704 aliter
429 1668 575 1710 amiCti,
594 1670 688 1716 quia
706 1671 1019 1716 repraesentatio
1037 1671 1136 1707 haec
1154 1672 1275 1708 modo
1293 1679 1444 1718 perstat
1462 1672 1617 1709 hodie.”

369 1721 662 1768 Quaesiverunt
681 1723 837 1765 iterum,
853 1729 873 1742 ¹‘
885 1723 989 1770 Quia
1007 1724 1073 1760 ille
1094 1725 1407 1770 repraesentavit
1427 1725 1655 1767 Dominum,
1670 1732 1711 1762 et
1729 1726 1796 1762 illa

296 1775 516 1815 ecclesiam,
535 1786 605 1811 cur
623 1776 688 1811 illa
705 1776 755 1811 ad
774 1777 955 1812 dextram
971 1777 1058 1823 ejus
1076 1778 1180 1813 sedit
1192 1777 1232 1813 ?'’

370 1827 595 1873 Respondit
613 1829 781 1874 sapiens,
802 1834 822 1847 ‘¹
835 1829 940 1876 Quia
957 1830 1039 1865 duo
1057 1837 1151 1866 sunt
1169 1841 1272 1876 quae
1290 1830 1444 1867 faciunt
1460 1831 1691 1878 conjugium
1711 1830 1794 1868 Do·

299 1880 395 1915 mini
417 1887 458 1915 et
478 1881 689 1922 Ecclesiae,
703 1893 816 1917 amor
832 1889 873 1917 et
890 1883 1096 1928 sapientia,
1108 1893 1154 1918 ac
1174 1883 1370 1919 Dominus
1388 1890 1450 1920 est
1466 1895 1587 1925 amor,
1602 1891 1644 1920 et
1660 1884 1795 1920 Eccle-

296 1933 354 1968 sia
368 1939 427 1968 est
441 1933 646 1979 sapientia,
662 1942 703 1969 et
716 1935 913 1980 sapientia
925 1936 975 1971 ad
991 1935 1172 1971 dextram
1186 1937 1333 1972 amoris
1347 1944 1419 1978 est,
1433 1937 1537 1983 sapit
1549 1937 1655 1973 enim
1670 1937 1794 1973 homo

297 1986 487 2021 ecclesiae
508 1986 611 2022 sicut
628 1998 651 2022 a
668 1998 721 2027 se,
741 1994 782 2022 et
803 1987 906 2023 sicut
927 1989 1041 2034 sapit,
1061 1989 1202 2034 recipit
1223 2000 1399 2025 amorem
1418 2001 1441 2025 a
1464 1990 1662 2032 Domino;
1697 1990 1794 2025 dex·

295 2046 359 2074 tra
376 2039 496 2074 etiam
516 2039 714 2085 significat
728 2041 960 2086 potentiam,
975 2048 1016 2076 et
1034 2042 1216 2087 potentia
1233 2043 1358 2078 amori
1373 2049 1434 2078 est
1453 2054 1522 2089 per
1534 2043 1768 2089 sapientiam
1785 2052 1794 2078 ε

298 2092 368 2127 sed
395 2098 440 2127 ut
464 2091 615 2127 dietum
641 2099 712 2133 est,
732 2099 823 2138 post
849 2094 1010 2139 nuptias
1032 2101 1211 2129 mutatur
1232 2096 1555 2140 repraesentatio,
1578 2106 1669 2131 nam
1695 2102 1794 2132 tunc

298 2145 463 2180 maritus
490 2152 762 2190 repraesentat
787 2146 1035 2192 sapientiam,
1057 2153 1097 2182 et
1123 2157 1223 2182 uxor
1243 2148 1462 2193 sapientiae
1484 2149 1569 2194 ejus
1594 2159 1794 2189 amorem:

295 2208 434 2233 verum
461 2198 526 2233 hic
543 2209 656 2233 amor
673 2209 753 2234 non
775 2206 836 2234 est
855 2210 967 2234 amor
988 2199 1103 2245 prior,
1123 2200 1192 2235 sed
1219 2207 1280 2235 est
1305 2211 1418 2236 amor
1437 2201 1706 2242 secundarius,
1725 2201 1794 2247 qui

296 2256 358 2285 est
382 2261 406 2285 a
432 2250 609 2286 Domino
631 2251 745 2286 uxori
772 2262 844 2297 per
868 2251 1102 2298 sapientiam
1129 2253 1283 2288 mariti:
1312 2263 1424 2288 arnor
1447 2253 1620 2294 Domini,
1642 2254 1710 2300 qui
1731 2260 1794 2290 est

297 2313 410 2338 amor
430 2303 548 2349 prior,
571 2310 632 2339 est
657 2315 770 2339 amor
789 2305 969 2350 sapiendi
995 2305 1105 2351 apud·
1127 2305 1335 2346 maritum:
1360 2317 1481 2351 quare
1507 2313 1599 2351 post
1620 2306 1791 2353 nuptias,

296 2356 415 2391 ambo
433 2356 561 2396 simul,
581 2357 745 2392 maritus
763 2364 804 2393 et
821 2358 907 2403 ejus
925 2369 1035 2398 uxor,
1054 2364 1354 2403 repraesentant
1371 2358 1616 2394 ecclesiam.”

369 2407 665 2455 Quaesiverunt
686 2410 830 2451 denuo,
849 2415 870 2428 ‘¹
883 2409 965 2446 Cur
981 2421 1060 2446 non
1078 2421 1151 2446 vos
1172 2410 1246 2445 viri
1268 2410 1435 2446 stetistis
1456 2411 1505 2446 ad
1527 2411 1632 2446 latus
1654 2412 1791 2457 sponsi

298 2472 404 2496 nunc
434 2462 577 2503 mariti,
605 2463 708 2498 sicut
738 2473 807 2498 sex
835 2463 1011 2510 virgines
1040 2469 1238 2499 steterunt
1267 2464 1317 2499 ad
1347 2464 1451 2499 latus
1480 2474 1651 2510 sponsae
1685 2474 1791 2499 nunc

298 2514 433 2550 uxoris
444 2514 484 2549 ?''

370 2566 595 2612 Respondit
613 2568 781 2614 sapiens,
802 2573 822 2587 ‘⁴
835 2567 966 2605 Causa
982 2575 1053 2610 est,
1072 2569 1166 2615 quia
1183 2579 1257 2604 nos
1275 2568 1395 2604 hodie
1413 2580 1670 2605 numeramur
1688 2569 1793 2606 inter

296 2619 480 2667 virgines,
499 2631 546 2655 ae
563 2632 750 2657 numerus
769 2621 1053 2668 sex'significat
1069 2632 1208 2658 omnes
1227 2628 1267 2657 et
1284 2622 1566 2668 completum.”

369 2673 426 2708 At
444 2673 642 2714 dixerunt,
662 2679 683 2692 ⁴‘
697 2673 805 2721 Quid
825 2674 902 2710 hoc
916 2674 956 2710 ?'’

370 2725 607 2772 Respondit,
635 2726 853 2773 “Virgines
886 2727 1112 2774 significant
1141 2727 1360 2768 ecclesiam,
1383 2734 1424 2763 et
1453 2727 1620 2763 ecclesia
1653 2734 1715 2763 est
1743 2738 1792 2764 ex

298 2784 468 2825 utroque
497 2790 615 2820 sexu;
650 2790 770 2825 quare
796 2780 916 2815 etiam
943 2791 1016 2815 nos
1041 2780 1174 2826 quoad
1201 2780 1407 2816 ecclesiam
1434 2791 1570 2816 sumus
1595 2781 1792 2827 virgines;

298 2831 407 2877 quod
429 2832 485 2867 ita
502 2832 564 2873 sit,
583 2839 742 2868 constat
759 2843 808 2868 ex
826 2833 888 2868 his
907 2833 946 2868 in
963 2833 1206 2879 Apocalypsi,

359 2900 367 2914 ⁸
380 2899 426 2928 Hi
440 2903 524 2933 sunt,
540 2899 595 2936 qui
618 2908 692 2928 cum
707 2899 892 2929 mulieribus
906 2908 972 2928 non
987 2899 1142 2936 inquinati
1157 2902 1240 2933 sunt,
1255 2899 1391 2937 virgines
1409 2899 1494 2928 enim
1508 2904 1592 2935 sunt,
1607 2904 1640 2930 et
1653 2908 1794 2938 sequun—

460 2944 511 2968 tur
524 2940 656 2977 Agnum
671 2949 866 2978 quocunque
879 2940 967 2970 vadit
979 2939 986 2950 ⁹
1003 2940 1087 2978 (cap.
1103 2939 1165 2969 xiv.
1181 2938 1235 2978 4):

297 3013 340 3043 et
349 3007 444 3055 quia
455 3008 655 3055 ‘virgines’
665 3008 889 3055 significant
900 3008 1118 3050 ecclesiam,
1130 3008 1220 3044 ideo
1234 3007 1430 3044 Dominus
1441 3009 1675 3046 assimilavit
1685 3009 1789 3045 illam
