2014 3386
304 333 384 374 140
763 335 1005 368 DELICIAE
1038 337 1342 371 SAPIENTIAE

300 447 403 489 Hae
429 449 621 489 virtutes
647 455 693 490 et
720 449 823 490 illae
849 449 893 490 in
920 463 1085 504 genere
1113 451 1264 493 referri
1290 459 1482 506 possunt
1508 453 1566 495 ad
1593 468 1797 498 amorem

297 519 345 553 et
371 511 518 553 zelum
551 526 632 565 pro
657 512 891 565 religione,
920 527 1003 567 pro
1034 514 1156 555 bono
1187 515 1382 568 publico,
1411 530 1492 571 pro
1519 519 1682 570 patria,
1715 534 1798 574 pro

299 575 486 624 civibus,
519 589 601 628 pro
641 576 921 629 parentibus,
956 590 1038 630 pro
1079 577 1287 632 conjuge,
1321 586 1368 621 et
1401 593 1482 633 pro
1514 580 1680 623 liberis.
1743 583 1797 625 In

296 638 367 680 his
412 639 623 680 omnibus
670 639 965 681 dominantur
1005 639 1185 693 justitia
1229 648 1278 684 et
1319 642 1534 696 judicium
1559 658 1568 695 ;
1615 644 1798 698 justitia

297 708 370 743 est
402 703 654 756 sapientiae
686 702 886 753 moralis,
920 709 968 744 et
999 703 1218 758 judicium
1255 713 1327 748 est
1364 707 1618 761 sapientiae
1653 709 1796 751 ratio-

299 765 430 807 nalis.

381 829 512 882 165.
554 827 690 882 Quod
722 828 982 883 conjuntstio
1013 831 1169 872 uxoris
1195 844 1298 872 cum
1329 833 1555 887 sapientia
1580 835 1796 878 rationali

295 892 378 933 viri
404 892 461 933 sit
485 892 544 932 ab
568 893 703 942 intra,
731 899 803 934 est
829 894 933 947 quia
958 893 1072 935 haec
1100 895 1325 948 sapientia
1350 903 1422 937 est
1449 898 1630 950 propria
1655 898 1795 940 intel·-

296 954 442 997 lectus
473 956 686 1005 virorum,
714 962 762 997 et
794 957 975 998 scandit
1007 958 1051 998 in
1084 958 1248 1008 lucem,
1281 959 1326 1000 in
1357 973 1446 1013 qua
1476 960 1670 1002 feminae
1702 975 1795 1004 non

295 1025 430 1070 sunt;
463 1033 579 1074 quae
601 1033 739 1061 causa
764 1026 836 1062 est
858 1021 979 1074 quod
1004 1021 1200 1063 feminae
1227 1036 1319 1064 non
1346 1022 1590 1076 loquantur
1612 1039 1672 1066 ex
1698 1025 1792 1076 illa,

295 1083 377 1124 sed
417 1083 462 1124 in
502 1084 747 1124 consortiis
778 1084 990 1134 virorum,
1023 1085 1069 1126 in
1100 1085 1260 1139 quibus
1300 1086 1463 1128 similia
1493 1087 1792 1139 ventilantur,

286 1143 495 1195 taceant,
520 1153 567 1188 et
590 1147 729 1188 modo
751 1147 1035 1189 auscultent:
1069 1149 1191 1202 quod
1218 1155 1373 1191 tamen
1397 1164 1536 1204 usque
1559 1152 1650 1193 sint
1673 1152 1794 1206 apud

294 1223 462 1251 uxores
488 1210 546 1251 ab
568 1210 703 1259 intra,
727 1217 858 1264 patet
885 1225 944 1252 ex
967 1212 1319 1262 auscultatione,
1344 1214 1465 1267 quod
1487 1214 1608 1255 intus
1631 1228 1794 1268 recog·

294 1279 491 1314 noscant
523 1273 615 1323 illa,
649 1279 696 1315 et
727 1274 912 1315 faveant
944 1274 1047 1324 illis,
1075 1289 1190 1329 quae
1222 1277 1412 1318 audiunt
1444 1284 1491 1318 et
1523 1278 1794 1320 audiverant

293 1350 355 1377 ex
382 1337 568 1378 maritis.
631 1335 767 1390 Quod
799 1344 952 1378 autem
980 1337 1238 1391 conjunctio
1263 1341 1417 1381 uxoris
1442 1353 1544 1381 cum
1570 1341 1795 1394 sapientia

292 1400 488 1441 virorum
514 1400 674 1440 morali
700 1401 759 1441 sit
781 1401 839 1441 ab
861 1407 1010 1450 extra,
1035 1408 1106 1443 est
1130 1403 1233 1456 quia
1254 1403 1448 1444 virtutes
1470 1403 1589 1444 illius
1611 1404 1794 1458 sapien-

293 1463 386 1504 tiae
418 1463 568 1516 quoad
609 1463 850 1516 plurimam
883 1470 1062 1518 partem
1094 1471 1199 1507 sunt
1231 1465 1389 1507 affines
1422 1467 1641 1508 similibus
1671 1467 1794 1521 apud

291 1527 497 1576 feminas,
518 1533 566 1568 et
588 1527 777 1569 trahunt
800 1541 860 1569 ex
882 1528 1123 1570 voluntate
1145 1528 1445 1571 intelleffiuali
1466 1531 1562 1580 viri,
1582 1544 1684 1572 cum
1702 1544 1794 1585 qua

292 1589 506 1631 voluntas
538 1591 694 1631 uxoris
725 1605 775 1632 se
801 1591 912 1640 unit,
941 1598 988 1633 et
1018 1592 1127 1634 facit
1154 1592 1440 1646 conjugium;
1473 1600 1520 1635 et
1546 1595 1650 1648 quia
1675 1607 1793 1636 uxor

292 1654 534 1706 cognoscit
570 1653 672 1694 illas
703 1654 822 1708 apud
853 1656 1012 1705 virum,
1046 1655 1147 1708 plus
1179 1669 1314 1710 quam
1345 1657 1412 1698 vir
1441 1656 1542 1698 illas
1574 1657 1694 1711 apud
1725 1671 1790 1708 se,

292 1718 455 1759 dicitur
480 1718 601 1771 quod
628 1717 887 1771 conjunfflo
913 1720 1069 1760 uxoris
1095 1733 1197 1760 cum
1223 1719 1312 1760 illis
1337 1720 1395 1761 sit
1421 1720 1479 1761 ab
1505 1728 1652 1762 extra.
1841 1764 1847 1771 ,

376 1782 512 1823 166.
557 1780 686 1835 (viii.)
724 1779 854 1830 Quod
864 1787 1055 1834 propter
1075 1782 1410 1836 conjunctionem
1430 1783 1556 1824 illam
1577 1789 1627 1824 ut
1633 1783 1788 1838 finem,

291 1842 427 1884 uxori
439 1843 500 1883 sit
516 1844 627 1884 data
641 1845 866 1896 perceptio
883 1844 1165 1899 affectionum
1185 1845 1353 1894 mariti,
1373 1851 1415 1886 et
1434 1859 1600 1899 quoque
1615 1860 1790 1888 summa

289 1906 531 1959 prudentia
548 1907 813 1948 moderandi
826 1907 1144 1961 illas.-——Quod
1162 1922 1330 1949 uxores
1348 1915 1635 1962 cognoscant
1653 1909 1788 1951 affec-

291 1970 442 2010 tiones
469 1970 734 2010 maritorum
766 1983 963 2020 suorum,
991 1977 1038 2012 et
1064 1971 1184 2024 quod
1216 1972 1462 2025 prudenter
1493 1973 1791 2015 moderentur

290 2032 408 2082 illas,
448 2039 519 2074 est
561 2047 740 2087 quoque
783 2034 903 2075 inter
942 2047 1110 2075 arcana
1149 2035 1317 2076 amoris
1363 2035 1631 2089 conjugialis
1668 2030 1789 2090 apud

292 2110 460 2136 uxores
491 2097 754 2137 recondita:
794 2103 1082 2150 cognoscunt
1114 2097 1215 2138 illas
1248 2098 1391 2139 tribus
1422 2099 1642 2147 sensibus,
1675 2100 1788 2149 visu,

292 2159 464 2207 auditu,
499 2165 546 2200 et
582 2158 721 2209 tastu,
749 2166 797 2201 et
828 2160 1126 2202 moderantur
1155 2161 1258 2202 illas
1289 2162 1334 2203 in
1366 2163 1490 2202 omni
1530 2162 1790 2215 ignorantia

291 2223 557 2263 maritorum
584 2236 778 2264 suorum.
840 2222 971 2265 Nunc
1005 2225 1108 2277 quia
1138 2224 1217 2265 illa
1247 2226 1366 2266 inter
1396 2239 1563 2266 arcana
1594 2238 1787 2267 uxorum

291 2292 412 2335 sunt,
438 2299 528 2326 non
551 2286 685 2327 decet
708 2299 780 2327 me
802 2287 975 2339 aperire
1001 2287 1079 2328 illa
1100 2288 1251 2341 quoad
1278 2289 1672 2340 circumstantias;
1706 2289 1788 2330 sed

290 2350 394 2402 quia
420 2349 554 2389 decet
586 2349 707 2402 ipsas
738 2363 920 2399 uxores,
949 2350 1053 2391 ideo
1085 2357 1334 2404 sequuntur
1360 2357 1464 2404 post
1496 2352 1649 2405 capita
1675 2365 1786 2405 qua-

291 2419 395 2453 tuor
426 2412 756 2462 Memorabilia,
784 2413 828 2453 in
860 2413 1021 2466 quibus
1052 2413 1111 2454 ab
1141 2414 1251 2467 ipsis
1282 2415 1572 2468 aperiuntur;
1605 2414 1696 2455 duo
1727 2428 1788 2456 ex

289 2476 434 2516 tribus
475 2475 691 2515 uxoribus
731 2475 1046 2517 habitantibus
1087 2477 1132 2517 in
1172 2476 1275 2517 aula
1306 2490 1439 2530 super
1469 2491 1558 2530 qua
1588 2478 1685 2518 visa
1715 2485 1788 2520 est

290 2539 406 2579 sicut
438 2537 591 2591 pluvia
617 2552 753 2579 aurea
777 2540 974 2590 cadens;
1008 2545 1054 2580 et
1079 2540 1170 2580 duo
1201 2554 1228 2581 a
1258 2547 1436 2593 septem
1464 2541 1681 2582 uxoribus
1713 2554 1786 2582 se-

290 2602 504 2643 dentibus
527 2602 571 2642 in
589 2609 772 2654 roseto;
804 2617 918 2657 quae
941 2604 979 2644 si
1000 2603 1227 2657 leguntur,
1247 2610 1437 2658 apparet
1459 2603 1546 2646 hoc
1569 2617 1786 2647 arcanum

290 2663 537 2706 detectum.

374 2729 501 2781 16¹7.
545 2727 648 2782 (ix.)
685 2727 815 2779 Quod
833 2743 992 2770 uxores
1016 2728 1132 2770 lianc
1148 2729 1468 2782 perceptionem
1488 2730 1616 2783 apud
1641 2744 1689 2771 se
1710 2745 1784 2773 re·

289 2791 490 2839 condant,
513 2797 556 2832 et
579 2805 608 2832 a
628 2792 808 2832 maritis
833 2792 1116 2840 abscondant,
1134 2798 1325 2845 propter
1349 2806 1658 2847 causas,⁴quae
1681 2799 1788 2835 sunt

290 2854 582 2903 necessitates,
611 2861 660 2895 ut
687 2855 952 2910 conjugialis
983 2869 1121 2903 amor,
1148 2855 1347 2896 amicitia
1375 2862 1419 2897 et
1445 2856 1720 2911 confidentia,
1742 2861 1786 2898 et

290 2918 354 2958 sic
384 2917 609 2959 beatitudo
639 2917 992 2966 cohabitationis,
1015 2924 1057 2959 et
1083 2917 1287 2969 felicitas
1317 2918 1437 2960 vitae
1464 2919 1782 2960 constabilian-

289 2981 716 3024 tur.·--Reconditi0
753 2987 801 3023 et
832 2981 1118 3023 absconditio
1150 2982 1457 3034 perceptionis
1493 2981 1781 3024 affet‘stionum
