<?xml version="1.0" encoding="UTF-8"?>
<!DOCTYPE html PUBLIC "-//W3C//DTD XHTML 1.0 Transitional//EN"
    "http://www.w3.org/TR/xhtml1/DTD/xhtml1-transitional.dtd">
<html xmlns="http://www.w3.org/1999/xhtml" xml:lang="en" lang="en">
 <head>
  <title>
</title>
<meta http-equiv="Content-Type" content="text/html;charset=utf-8" />
  <meta name='ocr-system' content='tesseract 3.04.00' />
  <meta name='ocr-capabilities' content='ocr_page ocr_carea ocr_par ocr_line ocrx_word'/>
</head>
<body>
  <div class='ocr_page' id='page_1' title='image "./deliciaesapienti00sweduoft_0068.png"; bbox 0 0 2014 3386; ppageno 0'>
   <div class='ocr_carea' id='block_1_1' title="bbox 282 338 1328 386">
    <p class='ocr_par' dir='ltr' id='par_1_1' title="bbox 282 338 1328 386">
     <span class='ocr_line' id='line_1_1' title="bbox 282 338 1328 386; baseline 0.006 -6"><span class='ocrx_word' id='word_1_1' title='bbox 282 338 337 380; x_wconf 89' lang='lat'>62</span> <span class='ocrx_word' id='word_1_2' title='bbox 748 350 992 384; x_wconf 85' lang='lat' dir='ltr'>DELICIAE</span> <span class='ocrx_word' id='word_1_3' title='bbox 1022 351 1328 386; x_wconf 77' lang='lat' dir='ltr'>SAPIENTIAE</span> 
     </span>
    </p>
   </div>
   <div class='ocr_carea' id='block_1_2' title="bbox 275 458 1779 3048">
    <p class='ocr_par' dir='ltr' id='par_1_2' title="bbox 275 458 1779 1462">
     <span class='ocr_line' id='line_1_2' title="bbox 281 458 1777 519; baseline 0.005 -17"><span class='ocrx_word' id='word_1_4' title='bbox 281 467 326 503; x_wconf 86' lang='lat' dir='ltr'>et</span> <span class='ocrx_word' id='word_1_5' title='bbox 353 460 399 503; x_wconf 83' lang='lat' dir='ltr'>in</span> <span class='ocrx_word' id='word_1_6' title='bbox 425 458 500 503; x_wconf 84' lang='lat' dir='ltr'>z&#39;llo</span> <span class='ocrx_word' id='word_1_7' title='bbox 520 476 616 503; x_wconf 86' lang='lat' dir='ltr'>esse</span> <span class='ocrx_word' id='word_1_8' title='bbox 637 463 830 516; x_wconf 83' lang='lat' dir='ltr'><em>possint,</em></span> <span class='ocrx_word' id='word_1_9' title='bbox 854 477 988 518; x_wconf 84' lang='lat' dir='ltr'>quam</span> <span class='ocrx_word' id='word_1_10' title='bbox 1017 464 1100 519; x_wconf 81' lang='lat' dir='ltr'>qui</span> <span class='ocrx_word' id='word_1_11' title='bbox 1122 466 1286 507; x_wconf 83' lang='lat' dir='ltr'>adeunt</span> <span class='ocrx_word' id='word_1_12' title='bbox 1313 466 1563 517; x_wconf 77' lang='lat' dir='ltr'>Dominum,</span> <span class='ocrx_word' id='word_1_13' title='bbox 1587 481 1639 509; x_wconf 87' lang='lat' dir='ltr'>ac</span> <span class='ocrx_word' id='word_1_14' title='bbox 1668 468 1777 510; x_wconf 44' lang='lat' dir='ltr'>vera</span> 
     </span>
     <span class='ocr_line' id='line_1_3' title="bbox 279 525 1773 583; baseline 0.004 -17"><span class='ocrx_word' id='word_1_15' title='bbox 279 525 482 567; x_wconf 73' lang='lat' dir='ltr'>ecclesiae</span> <span class='ocrx_word' id='word_1_16' title='bbox 511 533 678 576; x_wconf 86' lang='lat' dir='ltr'>amant,</span> <span class='ocrx_word' id='word_1_17' title='bbox 705 533 748 567; x_wconf 83' lang='lat' dir='ltr'>et</span> <span class='ocrx_word' id='word_1_18' title='bbox 787 526 898 568; x_wconf 84' lang='lat' dir='ltr'>bona</span> <span class='ocrx_word' id='word_1_19' title='bbox 927 528 1020 582; x_wconf 71' lang='lat' dir='ltr'>ejus</span> <span class='ocrx_word' id='word_1_20' title='bbox 1047 528 1440 583; x_wconf 80' lang='lat' dir='ltr'>faciunt.———Quod</span> <span class='ocrx_word' id='word_1_21' title='bbox 1481 544 1572 572; x_wconf 90' lang='lat' dir='ltr'>non</span> <span class='ocrx_word' id='word_1_22' title='bbox 1613 530 1689 572; x_wconf 87' lang='lat' dir='ltr'>alii</span> <span class='ocrx_word' id='word_1_23' title='bbox 1728 531 1773 572; x_wconf 87' lang='lat' dir='ltr'>in</span> 
     </span>
     <span class='ocr_line' id='line_1_4' title="bbox 278 588 1778 646; baseline 0.004 -17"><span class='ocrx_word' id='word_1_24' title='bbox 278 588 408 630; x_wconf 87' lang='lat' dir='ltr'>illum</span> <span class='ocrx_word' id='word_1_25' title='bbox 449 602 651 631; x_wconf 90' lang='lat' dir='ltr'>amorem</span> <span class='ocrx_word' id='word_1_26' title='bbox 677 590 877 640; x_wconf 86' lang='lat' dir='ltr'>veniant,</span> <span class='ocrx_word' id='word_1_27' title='bbox 901 604 1039 645; x_wconf 86' lang='lat' dir='ltr'>quam</span> <span class='ocrx_word' id='word_1_28' title='bbox 1081 592 1155 646; x_wconf 87' lang='lat' dir='ltr'>qui</span> <span class='ocrx_word' id='word_1_29' title='bbox 1201 593 1372 635; x_wconf 88' lang='lat' dir='ltr'>adeunt</span> <span class='ocrx_word' id='word_1_30' title='bbox 1411 593 1673 643; x_wconf 85' lang='lat' dir='ltr'>Dominum,</span> <span class='ocrx_word' id='word_1_31' title='bbox 1708 600 1778 636; x_wconf 90' lang='lat' dir='ltr'>est</span> 
     </span>
     <span class='ocr_line' id='line_1_5' title="bbox 280 651 1776 709; baseline 0.004 -17"><span class='ocrx_word' id='word_1_32' title='bbox 280 652 384 706; x_wconf 84' lang='lat' dir='ltr'>quia</span> <span class='ocrx_word' id='word_1_33' title='bbox 414 651 622 706; x_wconf 87' lang='lat' dir='ltr'>conjugia</span> <span class='ocrx_word' id='word_1_34' title='bbox 648 655 979 707; x_wconf 85' lang='lat' dir='ltr'>monogamica,</span> <span class='ocrx_word' id='word_1_35' title='bbox 1007 669 1122 709; x_wconf 91' lang='lat' dir='ltr'>quae</span> <span class='ocrx_word' id='word_1_36' title='bbox 1148 662 1254 697; x_wconf 87' lang='lat' dir='ltr'>sunt</span> <span class='ocrx_word' id='word_1_37' title='bbox 1280 656 1408 697; x_wconf 90' lang='lat' dir='ltr'>unius</span> <span class='ocrx_word' id='word_1_38' title='bbox 1438 657 1519 697; x_wconf 90' lang='lat' dir='ltr'>viri</span> <span class='ocrx_word' id='word_1_39' title='bbox 1551 670 1653 698; x_wconf 90' lang='lat' dir='ltr'>cum</span> <span class='ocrx_word' id='word_1_40' title='bbox 1686 671 1776 699; x_wconf 89' lang='lat' dir='ltr'>una</span> 
     </span>
     <span class='ocr_line' id='line_1_6' title="bbox 281 716 1779 773; baseline 0.003 -18"><span class='ocrx_word' id='word_1_41' title='bbox 281 729 439 764; x_wconf 89' lang='lat' dir='ltr'>uxore,</span> <span class='ocrx_word' id='word_1_42' title='bbox 464 716 823 769; x_wconf 85' lang='lat' dir='ltr'>correspondent</span> <span class='ocrx_word' id='word_1_43' title='bbox 844 716 1054 771; x_wconf 87' lang='lat' dir='ltr'>conjugio</span> <span class='ocrx_word' id='word_1_44' title='bbox 1073 718 1257 759; x_wconf 90' lang='lat' dir='ltr'>Domini</span> <span class='ocrx_word' id='word_1_45' title='bbox 1278 725 1325 760; x_wconf 89' lang='lat' dir='ltr'>et</span> <span class='ocrx_word' id='word_1_46' title='bbox 1347 718 1582 768; x_wconf 84' lang='lat' dir='ltr'>ecclesiae,</span> <span class='ocrx_word' id='word_1_47' title='bbox 1607 726 1654 760; x_wconf 91' lang='lat' dir='ltr'>et</span> <span class='ocrx_word' id='word_1_48' title='bbox 1676 720 1779 773; x_wconf 90' lang='lat' dir='ltr'>quia</span> 
     </span>
     <span class='ocr_line' id='line_1_7' title="bbox 281 779 1779 837; baseline 0.003 -18"><span class='ocrx_word' id='word_1_49' title='bbox 281 785 407 820; x_wconf 91' lang='lat' dir='ltr'>ortus</span> <span class='ocrx_word' id='word_1_50' title='bbox 429 779 606 820; x_wconf 88' lang='lat' dir='ltr'>illorum</span> <span class='ocrx_word' id='word_1_51' title='bbox 633 786 703 821; x_wconf 90' lang='lat' dir='ltr'>est</span> <span class='ocrx_word' id='word_1_52' title='bbox 730 793 790 820; x_wconf 86' lang='lat' dir='ltr'>ex</span> <span class='ocrx_word' id='word_1_53' title='bbox 816 780 1026 834; x_wconf 87' lang='lat' dir='ltr'>conjugio</span> <span class='ocrx_word' id='word_1_54' title='bbox 1048 782 1155 823; x_wconf 88' lang='lat' dir='ltr'>boni</span> <span class='ocrx_word' id='word_1_55' title='bbox 1181 789 1228 823; x_wconf 90' lang='lat' dir='ltr'>et</span> <span class='ocrx_word' id='word_1_56' title='bbox 1253 783 1351 823; x_wconf 89' lang='lat' dir='ltr'>veri</span> <span class='ocrx_word' id='word_1_57' title='bbox 1377 782 1434 823; x_wconf 91' lang='lat' dir='ltr'>de</span> <span class='ocrx_word' id='word_1_58' title='bbox 1461 783 1622 836; x_wconf 90' lang='lat' dir='ltr'>quibus</span> <span class='ocrx_word' id='word_1_59' title='bbox 1645 797 1779 837; x_wconf 87' lang='lat' dir='ltr'>supra</span> 
     </span>
     <span class='ocr_line' id='line_1_8' title="bbox 284 841 1779 899; baseline 0.003 -17"><span class='ocrx_word' id='word_1_60' title='bbox 284 841 348 895; x_wconf 89' lang='lat' dir='ltr'>(n.</span> <span class='ocrx_word' id='word_1_61' title='bbox 374 842 431 883; x_wconf 89' lang='lat'>60</span> <span class='ocrx_word' id='word_1_62' title='bbox 456 848 503 884; x_wconf 86' lang='lat' dir='ltr'>et</span> <span class='ocrx_word' id='word_1_63' title='bbox 529 842 621 897; x_wconf 85' lang='lat'>62).</span> <span class='ocrx_word' id='word_1_64' title='bbox 685 842 822 897; x_wconf 80' lang='lat' dir='ltr'>Quod</span> <span class='ocrx_word' id='word_1_65' title='bbox 854 858 913 885; x_wconf 86' lang='lat' dir='ltr'>ex</span> <span class='ocrx_word' id='word_1_66' title='bbox 940 844 1027 885; x_wconf 91' lang='lat' dir='ltr'>hoc</span> <span class='ocrx_word' id='word_1_67' title='bbox 1054 851 1172 894; x_wconf 85' lang='lat' dir='ltr'>ortu,</span> <span class='ocrx_word' id='word_1_68' title='bbox 1199 851 1247 886; x_wconf 90' lang='lat' dir='ltr'>et</span> <span class='ocrx_word' id='word_1_69' title='bbox 1278 845 1356 886; x_wconf 90' lang='lat' dir='ltr'>illa</span> <span class='ocrx_word' id='word_1_70' title='bbox 1378 847 1779 899; x_wconf 86' lang='lat' dir='ltr'>correspondentia</span> 
     </span>
     <span class='ocr_line' id='line_1_9' title="bbox 280 906 1778 961; baseline 0.003 -15"><span class='ocrx_word' id='word_1_71' title='bbox 280 912 497 959; x_wconf 87' lang='lat' dir='ltr'>sequatur</span> <span class='ocrx_word' id='word_1_72' title='bbox 519 906 640 960; x_wconf 92' lang='lat' dir='ltr'>quod</span> <span class='ocrx_word' id='word_1_73' title='bbox 666 919 794 947; x_wconf 88' lang='lat' dir='ltr'>amor</span> <span class='ocrx_word' id='word_1_74' title='bbox 815 920 920 948; x_wconf 91' lang='lat' dir='ltr'>vere</span> <span class='ocrx_word' id='word_1_75' title='bbox 943 907 1209 961; x_wconf 88' lang='lat' dir='ltr'>conjugialis</span> <span class='ocrx_word' id='word_1_76' title='bbox 1235 909 1293 949; x_wconf 90' lang='lat' dir='ltr'>sit</span> <span class='ocrx_word' id='word_1_77' title='bbox 1319 922 1346 949; x_wconf 94' lang='lat' dir='ltr'>a</span> <span class='ocrx_word' id='word_1_78' title='bbox 1373 908 1586 958; x_wconf 92' lang='lat' dir='ltr'>Domino,</span> <span class='ocrx_word' id='word_1_79' title='bbox 1611 923 1663 950; x_wconf 90' lang='lat' dir='ltr'>ac</span> <span class='ocrx_word' id='word_1_80' title='bbox 1689 909 1778 950; x_wconf 91' lang='lat' dir='ltr'>illis</span> 
     </span>
     <span class='ocr_line' id='line_1_10' title="bbox 279 967 1775 1026; baseline 0.003 -17"><span class='ocrx_word' id='word_1_81' title='bbox 279 970 354 1022; x_wconf 93' lang='lat' dir='ltr'>qui</span> <span class='ocrx_word' id='word_1_82' title='bbox 377 967 546 1010; x_wconf 64' lang='lat' dir='ltr'>directe</span> <span class='ocrx_word' id='word_1_83' title='bbox 565 970 717 1023; x_wconf 92' lang='lat' dir='ltr'>Ipsum</span> <span class='ocrx_word' id='word_1_84' title='bbox 735 970 921 1019; x_wconf 85' lang='lat' dir='ltr'>adeunt,</span> <span class='ocrx_word' id='word_1_85' title='bbox 941 983 1031 1011; x_wconf 91' lang='lat' dir='ltr'>non</span> <span class='ocrx_word' id='word_1_86' title='bbox 1051 977 1206 1024; x_wconf 91' lang='lat' dir='ltr'>potest</span> <span class='ocrx_word' id='word_1_87' title='bbox 1224 970 1479 1012; x_wconf 88' lang='lat' dir='ltr'>confirmari</span> <span class='ocrx_word' id='word_1_88' title='bbox 1496 972 1554 1012; x_wconf 87' lang='lat' dir='ltr'>ad</span> <span class='ocrx_word' id='word_1_89' title='bbox 1576 972 1775 1026; x_wconf 91' lang='lat' dir='ltr'>plenum,</span> 
     </span>
     <span class='ocr_line' id='line_1_11' title="bbox 279 1032 1778 1088; baseline 0.003 -17"><span class='ocrx_word' id='word_1_90' title='bbox 279 1032 365 1072; x_wconf 90' lang='lat' dir='ltr'>nisi</span> <span class='ocrx_word' id='word_1_91' title='bbox 390 1032 434 1072; x_wconf 87' lang='lat' dir='ltr'>in</span> <span class='ocrx_word' id='word_1_92' title='bbox 461 1033 610 1085; x_wconf 90' lang='lat' dir='ltr'>specie</span> <span class='ocrx_word' id='word_1_93' title='bbox 637 1032 692 1072; x_wconf 91' lang='lat' dir='ltr'>de</span> <span class='ocrx_word' id='word_1_94' title='bbox 720 1033 895 1073; x_wconf 88' lang='lat' dir='ltr'>duobus</span> <span class='ocrx_word' id='word_1_95' title='bbox 921 1033 1009 1073; x_wconf 84' lang='lat' dir='ltr'>illis</span> <span class='ocrx_word' id='word_1_96' title='bbox 1031 1035 1207 1074; x_wconf 86' lang='lat' dir='ltr'>arcanis</span> <span class='ocrx_word' id='word_1_97' title='bbox 1230 1035 1528 1087; x_wconf 80' lang='lat' dir='ltr'>transigatur,</span> <span class='ocrx_word' id='word_1_98' title='bbox 1552 1035 1673 1088; x_wconf 92' lang='lat' dir='ltr'>quod</span> <span class='ocrx_word' id='word_1_99' title='bbox 1699 1034 1778 1077; x_wconf 86' lang='lat' dir='ltr'>fiet</span> 
     </span>
     <span class='ocr_line' id='line_1_12' title="bbox 279 1094 1776 1151; baseline 0.002 -15"><span class='ocrx_word' id='word_1_100' title='bbox 279 1095 324 1136; x_wconf 92' lang='lat' dir='ltr'>in</span> <span class='ocrx_word' id='word_1_101' title='bbox 357 1094 752 1144; x_wconf 62' lang='lat' dir='ltr'>transactionibus,</span> <span class='ocrx_word' id='word_1_102' title='bbox 781 1110 896 1150; x_wconf 87' lang='lat' dir='ltr'>quae</span> <span class='ocrx_word' id='word_1_103' title='bbox 928 1096 1045 1138; x_wconf 89' lang='lat' dir='ltr'>hanc</span> <span class='ocrx_word' id='word_1_104' title='bbox 1078 1097 1286 1149; x_wconf 88' lang='lat' dir='ltr'>proxime</span> <span class='ocrx_word' id='word_1_105' title='bbox 1312 1098 1562 1150; x_wconf 86' lang='lat' dir='ltr'>excipiunt,</span> <span class='ocrx_word' id='word_1_106' title='bbox 1591 1111 1776 1151; x_wconf 89' lang='lat' dir='ltr'>quarum</span> 
     </span>
     <span class='ocr_line' id='line_1_13' title="bbox 280 1159 1777 1214; baseline 0.003 -16"><span class='ocrx_word' id='word_1_107' title='bbox 280 1171 370 1199; x_wconf 88' lang='lat' dir='ltr'>una</span> <span class='ocrx_word' id='word_1_108' title='bbox 393 1160 477 1200; x_wconf 90' lang='lat' dir='ltr'>erit</span> <span class='ocrx_word' id='word_1_109' title='bbox 501 1159 558 1200; x_wconf 93' lang='lat' dir='ltr'>de</span> <span class='ocrx_word' id='word_1_110' title='bbox 585 1159 759 1212; x_wconf 86' lang='lat' dir='ltr'>origine</span> <span class='ocrx_word' id='word_1_111' title='bbox 786 1160 951 1200; x_wconf 91' lang='lat' dir='ltr'>amoris</span> <span class='ocrx_word' id='word_1_112' title='bbox 978 1159 1245 1213; x_wconf 86' lang='lat' dir='ltr'>conjugialis</span> <span class='ocrx_word' id='word_1_113' title='bbox 1271 1175 1331 1201; x_wconf 87' lang='lat' dir='ltr'>ex</span> <span class='ocrx_word' id='word_1_114' title='bbox 1357 1160 1571 1214; x_wconf 90' lang='lat' dir='ltr'>conjugio</span> <span class='ocrx_word' id='word_1_115' title='bbox 1597 1161 1704 1202; x_wconf 89' lang='lat' dir='ltr'>boni</span> <span class='ocrx_word' id='word_1_116' title='bbox 1729 1168 1777 1204; x_wconf 88' lang='lat' dir='ltr'>et</span> 
     </span>
     <span class='ocr_line' id='line_1_14' title="bbox 278 1222 1778 1278; baseline 0.002 -15"><span class='ocrx_word' id='word_1_117' title='bbox 278 1223 386 1271; x_wconf 90' lang='lat' dir='ltr'>veri,</span> <span class='ocrx_word' id='word_1_118' title='bbox 411 1236 463 1263; x_wconf 89' lang='lat' dir='ltr'>ac</span> <span class='ocrx_word' id='word_1_119' title='bbox 491 1222 637 1263; x_wconf 88' lang='lat' dir='ltr'>altera</span> <span class='ocrx_word' id='word_1_120' title='bbox 658 1223 714 1263; x_wconf 91' lang='lat' dir='ltr'>de</span> <span class='ocrx_word' id='word_1_121' title='bbox 741 1222 951 1276; x_wconf 91' lang='lat' dir='ltr'>conjugio</span> <span class='ocrx_word' id='word_1_122' title='bbox 973 1222 1159 1264; x_wconf 88' lang='lat' dir='ltr'>Domini</span> <span class='ocrx_word' id='word_1_123' title='bbox 1185 1230 1232 1265; x_wconf 94' lang='lat' dir='ltr'>et</span> <span class='ocrx_word' id='word_1_124' title='bbox 1258 1223 1509 1273; x_wconf 85' lang='lat' dir='ltr'>Ecclesiae,</span> <span class='ocrx_word' id='word_1_125' title='bbox 1534 1231 1580 1267; x_wconf 88' lang='lat' dir='ltr'>et</span> <span class='ocrx_word' id='word_1_126' title='bbox 1606 1225 1663 1266; x_wconf 90' lang='lat' dir='ltr'>de</span> <span class='ocrx_word' id='word_1_127' title='bbox 1685 1224 1778 1278; x_wconf 92' lang='lat' dir='ltr'>ejus</span> 
     </span>
     <span class='ocr_line' id='line_1_15' title="bbox 278 1284 1776 1348; baseline 0.002 -22"><span class='ocrx_word' id='word_1_128' title='bbox 278 1285 701 1338; x_wconf 86' lang='lat' dir='ltr'>correspondentia.</span> <span class='ocrx_word' id='word_1_129' title='bbox 763 1284 899 1338; x_wconf 83' lang='lat' dir='ltr'>Quod</span> <span class='ocrx_word' id='word_1_130' title='bbox 925 1299 985 1327; x_wconf 89' lang='lat' dir='ltr'>ex</span> <span class='ocrx_word' id='word_1_131' title='bbox 1017 1286 1087 1327; x_wconf 90' lang='lat' dir='ltr'>his</span> <span class='ocrx_word' id='word_1_132' title='bbox 1109 1293 1338 1340; x_wconf 89' lang='lat' dir='ltr'>sequatur,</span> <span class='ocrx_word' id='word_1_133' title='bbox 1366 1287 1489 1348; x_wconf 70' lang='lat' dir='ltr'>quod</span> <span class='ocrx_word' id='word_1_134' title='bbox 1514 1300 1642 1328; x_wconf 89' lang='lat' dir='ltr'>amor</span> <span class='ocrx_word' id='word_1_135' title='bbox 1667 1301 1776 1329; x_wconf 79' lang='lat' dir='ltr'>con—</span> 
     </span>
     <span class='ocr_line' id='line_1_16' title="bbox 275 1348 1776 1405; baseline 0.003 -16"><span class='ocrx_word' id='word_1_136' title='bbox 275 1348 457 1402; x_wconf 88' lang='lat' dir='ltr'>jugialis</span> <span class='ocrx_word' id='word_1_137' title='bbox 480 1350 538 1391; x_wconf 89' lang='lat' dir='ltr'>sit</span> <span class='ocrx_word' id='word_1_138' title='bbox 561 1349 679 1403; x_wconf 87' lang='lat' dir='ltr'>apud</span> <span class='ocrx_word' id='word_1_139' title='bbox 702 1349 933 1390; x_wconf 90' lang='lat' dir='ltr'>hominem</span> <span class='ocrx_word' id='word_1_140' title='bbox 956 1350 1206 1391; x_wconf 88' lang='lat' dir='ltr'>secundum</span> <span class='ocrx_word' id='word_1_141' title='bbox 1224 1356 1396 1391; x_wconf 89' lang='lat' dir='ltr'>statum</span> <span class='ocrx_word' id='word_1_142' title='bbox 1414 1351 1635 1392; x_wconf 89' lang='lat' dir='ltr'>ecclesiae</span> <span class='ocrx_word' id='word_1_143' title='bbox 1657 1352 1776 1405; x_wconf 88' lang='lat' dir='ltr'>apud</span> 
     </span>
     <span class='ocr_line' id='line_1_17' title="bbox 278 1412 941 1462; baseline 0 -9"><span class='ocrx_word' id='word_1_144' title='bbox 278 1412 420 1462; x_wconf 88' lang='lat' dir='ltr'>illum,</span> <span class='ocrx_word' id='word_1_145' title='bbox 448 1413 586 1453; x_wconf 89' lang='lat' dir='ltr'>etiam</span> <span class='ocrx_word' id='word_1_146' title='bbox 613 1413 672 1453; x_wconf 91' lang='lat' dir='ltr'>ibi</span> <span class='ocrx_word' id='word_1_147' title='bbox 698 1413 941 1454; x_wconf 86' lang='lat' dir='ltr'>videbitur.</span> 
     </span>
    </p>

    <p class='ocr_par' dir='ltr' id='par_1_3' title="bbox 277 1475 1777 3048">
     <span class='ocr_line' id='line_1_18' title="bbox 363 1475 1776 1532; baseline 0.003 -16"><span class='ocrx_word' id='word_1_148' title='bbox 363 1484 448 1529; x_wconf 82' lang='lat'>¹71.</span> <span class='ocrx_word' id='word_1_149' title='bbox 491 1475 626 1529; x_wconf 79' lang='lat' dir='ltr'>Quod</span> <span class='ocrx_word' id='word_1_150' title='bbox 659 1489 750 1516; x_wconf 92' lang='lat' dir='ltr'>non</span> <span class='ocrx_word' id='word_1_151' title='bbox 776 1475 852 1516; x_wconf 88' lang='lat' dir='ltr'>alii</span> <span class='ocrx_word' id='word_1_152' title='bbox 882 1477 926 1516; x_wconf 88' lang='lat' dir='ltr'>in</span> <span class='ocrx_word' id='word_1_153' title='bbox 958 1488 1113 1518; x_wconf 90' lang='lat' dir='ltr'>amore</span> <span class='ocrx_word' id='word_1_154' title='bbox 1137 1490 1243 1518; x_wconf 88' lang='lat' dir='ltr'>vere</span> <span class='ocrx_word' id='word_1_155' title='bbox 1269 1476 1512 1530; x_wconf 88' lang='lat' dir='ltr'>conjugiali</span> <span class='ocrx_word' id='word_1_156' title='bbox 1539 1491 1638 1519; x_wconf 91' lang='lat' dir='ltr'>esse</span> <span class='ocrx_word' id='word_1_157' title='bbox 1669 1492 1776 1532; x_wconf 89' lang='lat' dir='ltr'>pos·</span> 
     </span>
     <span class='ocr_line' id='line_1_19' title="bbox 279 1539 1777 1596; baseline 0.002 -17"><span class='ocrx_word' id='word_1_158' title='bbox 279 1539 384 1588; x_wconf 91' lang='lat' dir='ltr'>sint,</span> <span class='ocrx_word' id='word_1_159' title='bbox 418 1552 553 1593; x_wconf 82' lang='lat' dir='ltr'>quam</span> <span class='ocrx_word' id='word_1_160' title='bbox 594 1540 669 1593; x_wconf 89' lang='lat' dir='ltr'>qui</span> <span class='ocrx_word' id='word_1_161' title='bbox 708 1539 932 1592; x_wconf 87' lang='lat' dir='ltr'>recipiunt</span> <span class='ocrx_word' id='word_1_162' title='bbox 963 1539 1091 1580; x_wconf 93' lang='lat' dir='ltr'>illum</span> <span class='ocrx_word' id='word_1_163' title='bbox 1130 1553 1157 1580; x_wconf 93' lang='lat' dir='ltr'>a</span> <span class='ocrx_word' id='word_1_164' title='bbox 1197 1540 1410 1589; x_wconf 90' lang='lat' dir='ltr'>Domin0‚</span> <span class='ocrx_word' id='word_1_165' title='bbox 1444 1541 1518 1594; x_wconf 90' lang='lat' dir='ltr'>qui</span> <span class='ocrx_word' id='word_1_166' title='bbox 1554 1548 1660 1582; x_wconf 87' lang='lat' dir='ltr'>sunt</span> <span class='ocrx_word' id='word_1_167' title='bbox 1702 1539 1777 1596; x_wconf 87' lang='lat' dir='ltr'>qui</span> 
     </span>
     <span class='ocr_line' id='line_1_20' title="bbox 279 1600 1774 1658; baseline 0.002 -15"><span class='ocrx_word' id='word_1_168' title='bbox 279 1603 436 1655; x_wconf 89' lang='lat' dir='ltr'>Ipsum</span> <span class='ocrx_word' id='word_1_169' title='bbox 468 1600 638 1643; x_wconf 65' lang='lat' dir='ltr'>directe</span> <span class='ocrx_word' id='word_1_170' title='bbox 666 1602 851 1651; x_wconf 87' lang='lat' dir='ltr'>adeunt,</span> <span class='ocrx_word' id='word_1_171' title='bbox 878 1609 925 1643; x_wconf 90' lang='lat' dir='ltr'>et</span> <span class='ocrx_word' id='word_1_172' title='bbox 957 1603 1117 1644; x_wconf 90' lang='lat' dir='ltr'>vivunt</span> <span class='ocrx_word' id='word_1_173' title='bbox 1143 1603 1283 1644; x_wconf 87' lang='lat' dir='ltr'>vitam</span> <span class='ocrx_word' id='word_1_174' title='bbox 1310 1603 1531 1645; x_wconf 90' lang='lat' dir='ltr'>ecclesiae</span> <span class='ocrx_word' id='word_1_175' title='bbox 1562 1605 1620 1645; x_wconf 90' lang='lat' dir='ltr'>ab</span> <span class='ocrx_word' id='word_1_176' title='bbox 1652 1605 1774 1658; x_wconf 89' lang='lat' dir='ltr'>Ipso,</span> 
     </span>
     <span class='ocr_line' id='line_1_21' title="bbox 279 1666 1777 1721; baseline 0 -12"><span class='ocrx_word' id='word_1_177' title='bbox 279 1673 351 1709; x_wconf 90' lang='lat' dir='ltr'>est</span> <span class='ocrx_word' id='word_1_178' title='bbox 377 1667 479 1720; x_wconf 88' lang='lat' dir='ltr'>quia</span> <span class='ocrx_word' id='word_1_179' title='bbox 504 1666 581 1707; x_wconf 84' lang='lat' dir='ltr'>ille</span> <span class='ocrx_word' id='word_1_180' title='bbox 607 1679 748 1715; x_wconf 88' lang='lat' dir='ltr'>amor,</span> <span class='ocrx_word' id='word_1_181' title='bbox 777 1680 837 1706; x_wconf 88' lang='lat' dir='ltr'>ex</span> <span class='ocrx_word' id='word_1_182' title='bbox 863 1679 946 1707; x_wconf 89' lang='lat' dir='ltr'>suo</span> <span class='ocrx_word' id='word_1_183' title='bbox 971 1672 1074 1707; x_wconf 90' lang='lat' dir='ltr'>ortu</span> <span class='ocrx_word' id='word_1_184' title='bbox 1101 1672 1148 1707; x_wconf 88' lang='lat' dir='ltr'>et</span> <span class='ocrx_word' id='word_1_185' title='bbox 1179 1680 1239 1707; x_wconf 88' lang='lat' dir='ltr'>ex</span> <span class='ocrx_word' id='word_1_186' title='bbox 1266 1680 1346 1707; x_wconf 89' lang='lat' dir='ltr'>sua</span> <span class='ocrx_word' id='word_1_187' title='bbox 1372 1667 1777 1721; x_wconf 87' lang='lat' dir='ltr'>correspondentia</span> 
     </span>
     <span class='ocr_line' id='line_1_22' title="bbox 278 1726 1774 1783; baseline 0.001 -12"><span class='ocrx_word' id='word_1_188' title='bbox 278 1726 525 1783; x_wconf 57' lang='lat' dir='ltr'>speetat‘us,</span> <span class='ocrx_word' id='word_1_189' title='bbox 549 1735 621 1770; x_wconf 88' lang='lat' dir='ltr'>est</span> <span class='ocrx_word' id='word_1_190' title='bbox 644 1729 872 1778; x_wconf 90' lang='lat' dir='ltr'>caelestis,</span> <span class='ocrx_word' id='word_1_191' title='bbox 896 1729 1156 1782; x_wconf 85' lang='lat' dir='ltr'>spiritualis,</span> <span class='ocrx_word' id='word_1_192' title='bbox 1181 1727 1377 1778; x_wconf 53' lang='lat' dir='ltr'>sanetus,</span> <span class='ocrx_word' id='word_1_193' title='bbox 1402 1743 1550 1783; x_wconf 91' lang='lat' dir='ltr'>purus,</span> <span class='ocrx_word' id='word_1_194' title='bbox 1574 1737 1622 1771; x_wconf 91' lang='lat' dir='ltr'>et</span> <span class='ocrx_word' id='word_1_195' title='bbox 1644 1743 1774 1772; x_wconf 89' lang='lat' dir='ltr'>mun·</span> 
     </span>
     <span class='ocr_line' id='line_1_23' title="bbox 279 1791 1773 1847; baseline 0.002 -14"><span class='ocrx_word' id='word_1_196' title='bbox 279 1793 362 1834; x_wconf 91' lang='lat' dir='ltr'>dus</span> <span class='ocrx_word' id='word_1_197' title='bbox 403 1806 510 1846; x_wconf 88' lang='lat' dir='ltr'>prae</span> <span class='ocrx_word' id='word_1_198' title='bbox 550 1792 673 1833; x_wconf 89' lang='lat' dir='ltr'>omni</span> <span class='ocrx_word' id='word_1_199' title='bbox 714 1805 868 1833; x_wconf 89' lang='lat' dir='ltr'>amore</span> <span class='ocrx_word' id='word_1_200' title='bbox 909 1792 984 1845; x_wconf 91' lang='lat' dir='ltr'>qui</span> <span class='ocrx_word' id='word_1_201' title='bbox 1025 1792 1144 1845; x_wconf 90' lang='lat' dir='ltr'>apud</span> <span class='ocrx_word' id='word_1_202' title='bbox 1184 1791 1376 1845; x_wconf 87' lang='lat' dir='ltr'>angelos</span> <span class='ocrx_word' id='word_1_203' title='bbox 1418 1793 1530 1833; x_wconf 89' lang='lat' dir='ltr'>caeli</span> <span class='ocrx_word' id='word_1_204' title='bbox 1570 1799 1618 1834; x_wconf 90' lang='lat' dir='ltr'>et</span> <span class='ocrx_word' id='word_1_205' title='bbox 1653 1794 1773 1847; x_wconf 90' lang='lat' dir='ltr'>apud</span> 
     </span>
     <span class='ocr_line' id='line_1_24' title="bbox 277 1854 1774 1909; baseline 0.001 -13"><span class='ocrx_word' id='word_1_206' title='bbox 277 1856 486 1897; x_wconf 90' lang='lat' dir='ltr'>homines</span> <span class='ocrx_word' id='word_1_207' title='bbox 509 1855 728 1896; x_wconf 86' lang='lat' dir='ltr'>ecclesiae</span> <span class='ocrx_word' id='word_1_208' title='bbox 750 1862 821 1896; x_wconf 89' lang='lat' dir='ltr'>est</span> <span class='ocrx_word' id='word_1_209' title='bbox 847 1854 916 1909; x_wconf 87' lang='lat' dir='ltr'>(ut</span> <span class='ocrx_word' id='word_1_210' title='bbox 942 1868 1090 1908; x_wconf 89' lang='lat' dir='ltr'>supra,</span> <span class='ocrx_word' id='word_1_211' title='bbox 1118 1868 1159 1896; x_wconf 91' lang='lat' dir='ltr'>n.</span> <span class='ocrx_word' id='word_1_212' title='bbox 1185 1854 1260 1909; x_wconf 85' lang='lat'>64)</span> <span class='ocrx_word' id='word_1_213' title='bbox 1280 1869 1289 1906; x_wconf 90' lang='lat'>;</span> <span class='ocrx_word' id='word_1_214' title='bbox 1322 1861 1369 1896; x_wconf 85' lang='lat' dir='ltr'>et</span> <span class='ocrx_word' id='word_1_215' title='bbox 1391 1854 1503 1896; x_wconf 89' lang='lat' dir='ltr'>haec</span> <span class='ocrx_word' id='word_1_216' title='bbox 1527 1854 1620 1908; x_wconf 91' lang='lat' dir='ltr'>ejus</span> <span class='ocrx_word' id='word_1_217' title='bbox 1641 1858 1774 1898; x_wconf 86' lang='lat' dir='ltr'>attri-</span> 
     </span>
     <span class='ocr_line' id='line_1_25' title="bbox 277 1918 1773 1974; baseline 0.001 -13"><span class='ocrx_word' id='word_1_218' title='bbox 277 1921 390 1962; x_wconf 91' lang='lat' dir='ltr'>buta</span> <span class='ocrx_word' id='word_1_219' title='bbox 430 1933 521 1960; x_wconf 91' lang='lat' dir='ltr'>non</span> <span class='ocrx_word' id='word_1_220' title='bbox 562 1925 754 1972; x_wconf 83' lang='lat' dir='ltr'>possunt</span> <span class='ocrx_word' id='word_1_221' title='bbox 795 1919 891 1960; x_wconf 87' lang='lat' dir='ltr'>dari</span> <span class='ocrx_word' id='word_1_222' title='bbox 936 1931 1072 1972; x_wconf 90' lang='lat' dir='ltr'>quam</span> <span class='ocrx_word' id='word_1_223' title='bbox 1112 1919 1231 1972; x_wconf 90' lang='lat' dir='ltr'>apud</span> <span class='ocrx_word' id='word_1_224' title='bbox 1276 1918 1378 1959; x_wconf 91' lang='lat' dir='ltr'>illos</span> <span class='ocrx_word' id='word_1_225' title='bbox 1408 1919 1499 1974; x_wconf 62' lang='lat' dir='ltr'>&gt;qui</span> <span class='ocrx_word' id='word_1_226' title='bbox 1546 1919 1773 1973; x_wconf 66' lang='lat' dir='ltr'>conjuncti</span> 
     </span>
     <span class='ocr_line' id='line_1_26' title="bbox 279 1981 1773 2035; baseline 0.001 -10"><span class='ocrx_word' id='word_1_227' title='bbox 279 1984 479 2025; x_wconf 89' lang='lat' dir='ltr'>Domino</span> <span class='ocrx_word' id='word_1_228' title='bbox 506 1989 624 2031; x_wconf 91' lang='lat' dir='ltr'>sunt,</span> <span class='ocrx_word' id='word_1_229' title='bbox 649 1989 695 2023; x_wconf 91' lang='lat' dir='ltr'>et</span> <span class='ocrx_word' id='word_1_230' title='bbox 722 1983 779 2024; x_wconf 87' lang='lat' dir='ltr'>ab</span> <span class='ocrx_word' id='word_1_231' title='bbox 806 1982 913 2035; x_wconf 88' lang='lat' dir='ltr'>Ipso</span> <span class='ocrx_word' id='word_1_232' title='bbox 939 1982 1190 2023; x_wconf 90' lang='lat' dir='ltr'>consociati</span> <span class='ocrx_word' id='word_1_233' title='bbox 1212 1981 1387 2035; x_wconf 84' lang='lat' dir='ltr'>angelis</span> <span class='ocrx_word' id='word_1_234' title='bbox 1410 1982 1549 2034; x_wconf 84' lang='lat' dir='ltr'>caeli;</span> <span class='ocrx_word' id='word_1_235' title='bbox 1581 1983 1627 2023; x_wconf 94' lang='lat' dir='ltr'>hi</span> <span class='ocrx_word' id='word_1_236' title='bbox 1653 1985 1773 2026; x_wconf 88' lang='lat' dir='ltr'>enirn</span> 
     </span>
     <span class='ocr_line' id='line_1_27' title="bbox 279 2044 1773 2100; baseline 0.002 -13"><span class='ocrx_word' id='word_1_237' title='bbox 279 2047 455 2100; x_wconf 87' lang='lat' dir='ltr'>fugiunt</span> <span class='ocrx_word' id='word_1_238' title='bbox 488 2059 667 2086; x_wconf 88' lang='lat' dir='ltr'>amores</span> <span class='ocrx_word' id='word_1_239' title='bbox 699 2044 1128 2099; x_wconf 84' lang='lat' dir='ltr'>extraconjugiales,</span> <span class='ocrx_word' id='word_1_240' title='bbox 1162 2045 1237 2099; x_wconf 92' lang='lat' dir='ltr'>qui</span> <span class='ocrx_word' id='word_1_241' title='bbox 1279 2051 1384 2086; x_wconf 85' lang='lat' dir='ltr'>sunt</span> <span class='ocrx_word' id='word_1_242' title='bbox 1430 2044 1773 2097; x_wconf 71' lang='lat' dir='ltr'>conjunffiones</span> 
     </span>
     <span class='ocr_line' id='line_1_28' title="bbox 280 2108 1773 2163; baseline 0.001 -12"><span class='ocrx_word' id='word_1_243' title='bbox 280 2123 382 2152; x_wconf 90' lang='lat' dir='ltr'>curn</span> <span class='ocrx_word' id='word_1_244' title='bbox 414 2109 511 2151; x_wconf 85' lang='lat' dir='ltr'>aliis</span> <span class='ocrx_word' id='word_1_245' title='bbox 543 2122 677 2162; x_wconf 89' lang='lat' dir='ltr'>quam</span> <span class='ocrx_word' id='word_1_246' title='bbox 718 2122 820 2150; x_wconf 90' lang='lat' dir='ltr'>cum</span> <span class='ocrx_word' id='word_1_247' title='bbox 861 2109 1042 2163; x_wconf 88' lang='lat' dir='ltr'>propria</span> <span class='ocrx_word' id='word_1_248' title='bbox 1072 2122 1151 2150; x_wconf 91' lang='lat' dir='ltr'>seu</span> <span class='ocrx_word' id='word_1_249' title='bbox 1193 2109 1374 2162; x_wconf 89' lang='lat' dir='ltr'>proprio</span> <span class='ocrx_word' id='word_1_250' title='bbox 1414 2108 1622 2163; x_wconf 89' lang='lat' dir='ltr'>conjuge,</span> <span class='ocrx_word' id='word_1_251' title='bbox 1657 2111 1773 2153; x_wconf 88' lang='lat' dir='ltr'>sicut</span> 
     </span>
     <span class='ocr_line' id='line_1_29' title="bbox 280 2172 1771 2228; baseline 0.001 -14"><span class='ocrx_word' id='word_1_252' title='bbox 280 2175 448 2215; x_wconf 86' lang='lat' dir='ltr'>damna</span> <span class='ocrx_word' id='word_1_253' title='bbox 470 2173 646 2214; x_wconf 89' lang='lat' dir='ltr'>animae</span> <span class='ocrx_word' id='word_1_254' title='bbox 668 2179 715 2214; x_wconf 91' lang='lat' dir='ltr'>et</span> <span class='ocrx_word' id='word_1_255' title='bbox 741 2173 857 2214; x_wconf 83' lang='lat' dir='ltr'>sicut</span> <span class='ocrx_word' id='word_1_256' title='bbox 883 2179 1049 2226; x_wconf 90' lang='lat' dir='ltr'>stagna</span> <span class='ocrx_word' id='word_1_257' title='bbox 1070 2172 1255 2223; x_wconf 90' lang='lat' dir='ltr'>inferni;</span> <span class='ocrx_word' id='word_1_258' title='bbox 1288 2178 1335 2213; x_wconf 90' lang='lat' dir='ltr'>et</span> <span class='ocrx_word' id='word_1_259' title='bbox 1361 2179 1580 2226; x_wconf 85' lang='lat' dir='ltr'>quantum</span> <span class='ocrx_word' id='word_1_260' title='bbox 1602 2174 1771 2228; x_wconf 86' lang='lat' dir='ltr'>conjux</span> 
     </span>
     <span class='ocr_line' id='line_1_30' title="bbox 279 2235 1773 2290; baseline 0.001 -12"><span class='ocrx_word' id='word_1_261' title='bbox 279 2237 379 2279; x_wconf 87' lang='lat' dir='ltr'>illas</span> <span class='ocrx_word' id='word_1_262' title='bbox 402 2235 756 2289; x_wconf 71' lang='lat' dir='ltr'>conjunffiones,</span> <span class='ocrx_word' id='word_1_263' title='bbox 776 2237 914 2277; x_wconf 85' lang='lat' dir='ltr'>etiam</span> <span class='ocrx_word' id='word_1_264' title='bbox 932 2236 1080 2290; x_wconf 91' lang='lat' dir='ltr'>quoad</span> <span class='ocrx_word' id='word_1_265' title='bbox 1103 2235 1310 2276; x_wconf 89' lang='lat' dir='ltr'>libidines</span> <span class='ocrx_word' id='word_1_266' title='bbox 1331 2235 1580 2277; x_wconf 84' lang='lat' dir='ltr'>voluntatis</span> <span class='ocrx_word' id='word_1_267' title='bbox 1602 2242 1647 2277; x_wconf 89' lang='lat' dir='ltr'>et</span> <span class='ocrx_word' id='word_1_268' title='bbox 1668 2238 1773 2279; x_wconf 90' lang='lat' dir='ltr'>inde</span> 
     </span>
     <span class='ocr_line' id='line_1_31' title="bbox 279 2298 1772 2353; baseline 0 -11"><span class='ocrx_word' id='word_1_269' title='bbox 279 2300 559 2342; x_wconf 89' lang='lat' dir='ltr'>intentiones</span> <span class='ocrx_word' id='word_1_270' title='bbox 576 2298 704 2352; x_wconf 91' lang='lat' dir='ltr'>fugit,</span> <span class='ocrx_word' id='word_1_271' title='bbox 724 2306 904 2340; x_wconf 86' lang='lat' dir='ltr'>tantum</span> <span class='ocrx_word' id='word_1_272' title='bbox 923 2298 1180 2353; x_wconf 89' lang='lat' dir='ltr'>purificatur</span> <span class='ocrx_word' id='word_1_273' title='bbox 1201 2298 1276 2339; x_wconf 90' lang='lat' dir='ltr'>ille</span> <span class='ocrx_word' id='word_1_274' title='bbox 1299 2311 1426 2339; x_wconf 87' lang='lat' dir='ltr'>amor</span> <span class='ocrx_word' id='word_1_275' title='bbox 1447 2299 1564 2351; x_wconf 90' lang='lat' dir='ltr'>apud</span> <span class='ocrx_word' id='word_1_276' title='bbox 1587 2299 1704 2349; x_wconf 87' lang='lat' dir='ltr'>illos,</span> <span class='ocrx_word' id='word_1_277' title='bbox 1725 2308 1772 2342; x_wconf 90' lang='lat' dir='ltr'>et</span> 
     </span>
     <span class='ocr_line' id='line_1_32' title="bbox 279 2361 1770 2416; baseline -0.001 -11"><span class='ocrx_word' id='word_1_278' title='bbox 279 2363 330 2405; x_wconf 85' lang='lat' dir='ltr'>fit</span> <span class='ocrx_word' id='word_1_279' title='bbox 370 2363 623 2404; x_wconf 88' lang='lat' dir='ltr'>successive</span> <span class='ocrx_word' id='word_1_280' title='bbox 664 2361 939 2416; x_wconf 59' lang='lat' dir='ltr'>spiritualis,</span> <span class='ocrx_word' id='word_1_281' title='bbox 958 2363 1149 2416; x_wconf 89' lang='lat' dir='ltr'>primum</span> <span class='ocrx_word' id='word_1_282' title='bbox 1190 2362 1296 2402; x_wconf 92' lang='lat' dir='ltr'>dum</span> <span class='ocrx_word' id='word_1_283' title='bbox 1335 2362 1494 2402; x_wconf 88' lang='lat' dir='ltr'>vivunt</span> <span class='ocrx_word' id='word_1_284' title='bbox 1535 2363 1579 2402; x_wconf 90' lang='lat' dir='ltr'>in</span> <span class='ocrx_word' id='word_1_285' title='bbox 1625 2364 1770 2413; x_wconf 89' lang='lat' dir='ltr'>terris,</span> 
     </span>
     <span class='ocr_line' id='line_1_33' title="bbox 280 2425 1771 2480; baseline 0.001 -13"><span class='ocrx_word' id='word_1_286' title='bbox 280 2433 327 2468; x_wconf 90' lang='lat' dir='ltr'>et</span> <span class='ocrx_word' id='word_1_287' title='bbox 349 2432 510 2479; x_wconf 85' lang='lat' dir='ltr'>postea</span> <span class='ocrx_word' id='word_1_288' title='bbox 532 2426 576 2466; x_wconf 91' lang='lat' dir='ltr'>in</span> <span class='ocrx_word' id='word_1_289' title='bbox 600 2426 741 2466; x_wconf 88' lang='lat' dir='ltr'>caelo.</span> <span class='ocrx_word' id='word_1_290' title='bbox 802 2425 941 2479; x_wconf 91' lang='lat' dir='ltr'>Apud</span> <span class='ocrx_word' id='word_1_291' title='bbox 963 2425 1171 2466; x_wconf 91' lang='lat' dir='ltr'>homines</span> <span class='ocrx_word' id='word_1_292' title='bbox 1193 2437 1413 2478; x_wconf 89' lang='lat' dir='ltr'>nusquam</span> <span class='ocrx_word' id='word_1_293' title='bbox 1437 2431 1590 2477; x_wconf 87' lang='lat' dir='ltr'>potest</span> <span class='ocrx_word' id='word_1_294' title='bbox 1612 2426 1771 2480; x_wconf 88' lang='lat' dir='ltr'>aliquis</span> 
     </span>
     <span class='ocr_line' id='line_1_34' title="bbox 280 2487 1771 2542; baseline -0.001 -11"><span class='ocrx_word' id='word_1_295' title='bbox 280 2502 407 2531; x_wconf 85' lang='lat' dir='ltr'>amor</span> <span class='ocrx_word' id='word_1_296' title='bbox 437 2488 529 2529; x_wconf 89' lang='lat' dir='ltr'>fieri</span> <span class='ocrx_word' id='word_1_297' title='bbox 568 2501 717 2541; x_wconf 87' lang='lat' dir='ltr'>purus,</span> <span class='ocrx_word' id='word_1_298' title='bbox 747 2502 830 2530; x_wconf 88' lang='lat' dir='ltr'>nec</span> <span class='ocrx_word' id='word_1_299' title='bbox 862 2489 981 2542; x_wconf 91' lang='lat' dir='ltr'>apud</span> <span class='ocrx_word' id='word_1_300' title='bbox 1008 2487 1211 2542; x_wconf 86' lang='lat' dir='ltr'>angelos,</span> <span class='ocrx_word' id='word_1_301' title='bbox 1239 2488 1304 2528; x_wconf 89' lang='lat' dir='ltr'>ita</span> <span class='ocrx_word' id='word_1_302' title='bbox 1343 2501 1486 2541; x_wconf 91' lang='lat' dir='ltr'>neque</span> <span class='ocrx_word' id='word_1_303' title='bbox 1513 2487 1584 2529; x_wconf 91' lang='lat' dir='ltr'>hic</span> <span class='ocrx_word' id='word_1_304' title='bbox 1618 2502 1771 2541; x_wconf 81' lang='lat' dir='ltr'>amor3</span> 
     </span>
     <span class='ocr_line' id='line_1_35' title="bbox 279 2549 1773 2607; baseline 0 -13"><span class='ocrx_word' id='word_1_305' title='bbox 279 2553 360 2594; x_wconf 89' lang='lat' dir='ltr'>sed</span> <span class='ocrx_word' id='word_1_306' title='bbox 386 2552 489 2607; x_wconf 89' lang='lat' dir='ltr'>quia</span> <span class='ocrx_word' id='word_1_307' title='bbox 514 2552 709 2592; x_wconf 90' lang='lat' dir='ltr'>intentio</span> <span class='ocrx_word' id='word_1_308' title='bbox 741 2566 855 2605; x_wconf 87' lang='lat' dir='ltr'>quae</span> <span class='ocrx_word' id='word_1_309' title='bbox 881 2559 951 2593; x_wconf 85' lang='lat' dir='ltr'>est</span> <span class='ocrx_word' id='word_1_310' title='bbox 976 2551 1228 2592; x_wconf 88' lang='lat' dir='ltr'>voluntatis</span> <span class='ocrx_word' id='word_1_311' title='bbox 1259 2551 1469 2604; x_wconf 88' lang='lat' dir='ltr'>primario</span> <span class='ocrx_word' id='word_1_312' title='bbox 1491 2549 1722 2604; x_wconf 63' lang='lat' dir='ltr'>spectatur</span> <span class='ocrx_word' id='word_1_313' title='bbox 1745 2566 1773 2594; x_wconf 88' lang='lat' dir='ltr'>a</span> 
     </span>
     <span class='ocr_line' id='line_1_36' title="bbox 280 2613 1771 2667; baseline 0 -11"><span class='ocrx_word' id='word_1_314' title='bbox 280 2615 495 2663; x_wconf 91' lang='lat' dir='ltr'>Domin0‚</span> <span class='ocrx_word' id='word_1_315' title='bbox 524 2615 627 2655; x_wconf 90' lang='lat' dir='ltr'>ideo</span> <span class='ocrx_word' id='word_1_316' title='bbox 649 2621 869 2667; x_wconf 85' lang='lat' dir='ltr'>quantum</span> <span class='ocrx_word' id='word_1_317' title='bbox 895 2614 1034 2655; x_wconf 91' lang='lat' dir='ltr'>homo</span> <span class='ocrx_word' id='word_1_318' title='bbox 1060 2615 1105 2655; x_wconf 90' lang='lat' dir='ltr'>in</span> <span class='ocrx_word' id='word_1_319' title='bbox 1137 2614 1221 2655; x_wconf 89' lang='lat' dir='ltr'>hac</span> <span class='ocrx_word' id='word_1_320' title='bbox 1248 2620 1334 2662; x_wconf 87' lang='lat' dir='ltr'>est,</span> <span class='ocrx_word' id='word_1_321' title='bbox 1362 2619 1409 2654; x_wconf 87' lang='lat' dir='ltr'>et</span> <span class='ocrx_word' id='word_1_322' title='bbox 1435 2614 1479 2653; x_wconf 88' lang='lat' dir='ltr'>in</span> <span class='ocrx_word' id='word_1_323' title='bbox 1506 2613 1590 2654; x_wconf 87' lang='lat' dir='ltr'>hac</span> <span class='ocrx_word' id='word_1_324' title='bbox 1618 2627 1771 2667; x_wconf 86' lang='lat' dir='ltr'>perse-</span> 
     </span>
     <span class='ocr_line' id='line_1_37' title="bbox 279 2675 1770 2731; baseline -0.001 -11"><span class='ocrx_word' id='word_1_325' title='bbox 279 2684 422 2727; x_wconf 88' lang='lat' dir='ltr'>verat,</span> <span class='ocrx_word' id='word_1_326' title='bbox 451 2684 631 2719; x_wconf 82' lang='lat' dir='ltr'>tantum</span> <span class='ocrx_word' id='word_1_327' title='bbox 657 2678 859 2718; x_wconf 87' lang='lat' dir='ltr'>initiatur</span> <span class='ocrx_word' id='word_1_328' title='bbox 890 2678 933 2718; x_wconf 92' lang='lat' dir='ltr'>in</span> <span class='ocrx_word' id='word_1_329' title='bbox 966 2677 1210 2731; x_wconf 88' lang='lat' dir='ltr'>puritatem</span> <span class='ocrx_word' id='word_1_330' title='bbox 1250 2682 1298 2718; x_wconf 87' lang='lat' dir='ltr'>et</span> <span class='ocrx_word' id='word_1_331' title='bbox 1338 2675 1630 2717; x_wconf 71' lang='lat' dir='ltr'>sanffitatem</span> <span class='ocrx_word' id='word_1_332' title='bbox 1662 2677 1770 2731; x_wconf 90' lang='lat' dir='ltr'>ejus,</span> 
     </span>
     <span class='ocr_line' id='line_1_38' title="bbox 279 2739 1772 2793; baseline -0.001 -10"><span class='ocrx_word' id='word_1_333' title='bbox 279 2748 326 2783; x_wconf 86' lang='lat' dir='ltr'>et</span> <span class='ocrx_word' id='word_1_334' title='bbox 350 2742 601 2782; x_wconf 87' lang='lat' dir='ltr'>successive</span> <span class='ocrx_word' id='word_1_335' title='bbox 624 2740 925 2793; x_wconf 87' lang='lat' dir='ltr'>progreditur.</span> <span class='ocrx_word' id='word_1_336' title='bbox 988 2739 1122 2793; x_wconf 81' lang='lat' dir='ltr'>Quod</span> <span class='ocrx_word' id='word_1_337' title='bbox 1145 2752 1235 2780; x_wconf 90' lang='lat' dir='ltr'>non</span> <span class='ocrx_word' id='word_1_338' title='bbox 1258 2739 1331 2780; x_wconf 89' lang='lat' dir='ltr'>alii</span> <span class='ocrx_word' id='word_1_339' title='bbox 1355 2740 1529 2792; x_wconf 90' lang='lat' dir='ltr'>possint</span> <span class='ocrx_word' id='word_1_340' title='bbox 1552 2740 1595 2780; x_wconf 89' lang='lat' dir='ltr'>in</span> <span class='ocrx_word' id='word_1_341' title='bbox 1618 2754 1772 2782; x_wconf 88' lang='lat' dir='ltr'>amore</span> 
     </span>
     <span class='ocr_line' id='line_1_39' title="bbox 280 2802 1772 2858; baseline 0.001 -13"><span class='ocrx_word' id='word_1_342' title='bbox 280 2803 521 2858; x_wconf 88' lang='lat' dir='ltr'>conjugiali</span> <span class='ocrx_word' id='word_1_343' title='bbox 539 2803 757 2857; x_wconf 85' lang='lat' dir='ltr'>spirituali</span> <span class='ocrx_word' id='word_1_344' title='bbox 772 2816 885 2852; x_wconf 89' lang='lat' dir='ltr'>esse,</span> <span class='ocrx_word' id='word_1_345' title='bbox 905 2815 1039 2856; x_wconf 86' lang='lat' dir='ltr'>quam</span> <span class='ocrx_word' id='word_1_346' title='bbox 1062 2803 1135 2856; x_wconf 91' lang='lat' dir='ltr'>qui</span> <span class='ocrx_word' id='word_1_347' title='bbox 1157 2816 1183 2843; x_wconf 93' lang='lat' dir='ltr'>a</span> <span class='ocrx_word' id='word_1_348' title='bbox 1205 2802 1403 2843; x_wconf 84' lang='lat' dir='ltr'>Domino</span> <span class='ocrx_word' id='word_1_349' title='bbox 1421 2802 1537 2843; x_wconf 88' lang='lat' dir='ltr'>tales</span> <span class='ocrx_word' id='word_1_350' title='bbox 1559 2810 1680 2854; x_wconf 88' lang='lat' dir='ltr'>sunt,</span> <span class='ocrx_word' id='word_1_351' title='bbox 1701 2810 1772 2846; x_wconf 86' lang='lat' dir='ltr'>est</span> 
     </span>
     <span class='ocr_line' id='line_1_40' title="bbox 280 2864 1772 2921; baseline 0 -13"><span class='ocrx_word' id='word_1_352' title='bbox 280 2868 384 2921; x_wconf 90' lang='lat' dir='ltr'>quia</span> <span class='ocrx_word' id='word_1_353' title='bbox 406 2874 475 2908; x_wconf 92' lang='lat' dir='ltr'>est</span> <span class='ocrx_word' id='word_1_354' title='bbox 498 2866 673 2908; x_wconf 90' lang='lat' dir='ltr'>caelum</span> <span class='ocrx_word' id='word_1_355' title='bbox 698 2866 742 2907; x_wconf 91' lang='lat' dir='ltr'>in</span> <span class='ocrx_word' id='word_1_356' title='bbox 765 2865 871 2917; x_wconf 81' lang='lat' dir='ltr'>illo3</span> <span class='ocrx_word' id='word_1_357' title='bbox 904 2872 950 2907; x_wconf 85' lang='lat' dir='ltr'>et</span> <span class='ocrx_word' id='word_1_358' title='bbox 977 2866 1116 2907; x_wconf 90' lang='lat' dir='ltr'>homo</span> <span class='ocrx_word' id='word_1_359' title='bbox 1138 2864 1367 2914; x_wconf 88' lang='lat' dir='ltr'>naturalis,</span> <span class='ocrx_word' id='word_1_360' title='bbox 1391 2865 1510 2918; x_wconf 89' lang='lat' dir='ltr'>apud</span> <span class='ocrx_word' id='word_1_361' title='bbox 1537 2879 1670 2919; x_wconf 90' lang='lat' dir='ltr'>quem</span> <span class='ocrx_word' id='word_1_362' title='bbox 1695 2867 1772 2908; x_wconf 90' lang='lat' dir='ltr'>ille</span> 
     </span>
     <span class='ocr_line' id='line_1_41' title="bbox 280 2928 1772 2983; baseline 0 -12"><span class='ocrx_word' id='word_1_363' title='bbox 280 2943 408 2972; x_wconf 90' lang='lat' dir='ltr'>amor</span> <span class='ocrx_word' id='word_1_364' title='bbox 430 2930 576 2972; x_wconf 88' lang='lat' dir='ltr'>solum</span> <span class='ocrx_word' id='word_1_365' title='bbox 598 2944 625 2971; x_wconf 91' lang='lat' dir='ltr'>a</span> <span class='ocrx_word' id='word_1_366' title='bbox 645 2942 779 2971; x_wconf 86' lang='lat' dir='ltr'>carne</span> <span class='ocrx_word' id='word_1_367' title='bbox 802 2928 1095 2970; x_wconf 61' lang='lat' dir='ltr'>trahit&#39;suum</span> <span class='ocrx_word' id='word_1_368' title='bbox 1117 2928 1295 2982; x_wconf 91' lang='lat' dir='ltr'>volupe,</span> <span class='ocrx_word' id='word_1_369' title='bbox 1315 2942 1405 2969; x_wconf 92' lang='lat' dir='ltr'>non</span> <span class='ocrx_word' id='word_1_370' title='bbox 1429 2935 1585 2981; x_wconf 90' lang='lat' dir='ltr'>potest</span> <span class='ocrx_word' id='word_1_371' title='bbox 1608 2943 1772 2983; x_wconf 89' lang='lat' dir='ltr'>appro-</span> 
     </span>
     <span class='ocr_line' id='line_1_42' title="bbox 281 2991 1771 3048; baseline -0.001 -13"><span class='ocrx_word' id='word_1_372' title='bbox 281 2994 497 3048; x_wconf 88' lang='lat' dir='ltr'>pinquare</span> <span class='ocrx_word' id='word_1_373' title='bbox 515 2994 571 3035; x_wconf 93' lang='lat' dir='ltr'>ad</span> <span class='ocrx_word' id='word_1_374' title='bbox 595 2993 785 3044; x_wconf 89' lang='lat' dir='ltr'>caelum,</span> <span class='ocrx_word' id='word_1_375' title='bbox 805 3005 888 3034; x_wconf 90' lang='lat' dir='ltr'>nec</span> <span class='ocrx_word' id='word_1_376' title='bbox 911 2992 969 3033; x_wconf 90' lang='lat' dir='ltr'>ad</span> <span class='ocrx_word' id='word_1_377' title='bbox 992 2991 1188 3046; x_wconf 89' lang='lat' dir='ltr'>aliquem</span> <span class='ocrx_word' id='word_1_378' title='bbox 1206 2991 1432 3046; x_wconf 90' lang='lat' dir='ltr'>angelum,</span> <span class='ocrx_word' id='word_1_379' title='bbox 1453 2992 1591 3034; x_wconf 89' lang='lat' dir='ltr'>immo</span> <span class='ocrx_word' id='word_1_380' title='bbox 1609 3005 1691 3036; x_wconf 89' lang='lat' dir='ltr'>nec</span> <span class='ocrx_word' id='word_1_381' title='bbox 1714 2993 1771 3035; x_wconf 92' lang='lat' dir='ltr'>ad</span> 
     </span>
    </p>
   </div>
  </div>
 </body>
</html>
