2028 3406
652 835 1090 890 PRAEFATmNcULA
1120 854 1359 888 EDITORIS.

344 996 437 1029 Vitia
450 996 651 1040 typothetae,
664 1001 698 1030 et
714 996 824 1040 lapsus
843 996 975 1035 calami,
994 996 1051 1039 qui
1066 1000 1217 1039 poterant
1234 984 1330 1028 nulla
1342 995 1534 1029 temeritatis
1551 1000 1632 1028 nota
1647 1005 1759 1028 emen·

258 1054 340 1095 dari,
358 1055 396 1088 in
414 1060 528 1088 nostra
546 1055 692 1098 editione
710 1054 842 1089 silentio
865 1054 1068 1087 correximus
1073 1066 1084 1095 ;
1109 1054 1167 1087 ubi
1190 1054 1322 1097 gravius
1338 1054 1420 1098 quid
1439 1054 1575 1095 latebat,
1594 1065 1666 1087 rem
1685 1054 1760 1087 dili-

258 1117 374 1156 genter
386 1113 658 1156 significavimus.

346 1171 488 1204 Modum
504 1171 681 1211 scribendi,
693 1170 737 1204 ad
751 1171 854 1204 verba
872 1170 1052 1214 complura,
1068 1170 1143 1203 usui
1154 1171 1275 1203 horum
1285 1175 1471 1214 temporum
1488 1170 1613 1213 optimo
1629 1179 1760 1203 accom-

258 1229 484 1262 modavimus:
509 1239 586 1262 cum
601 1228 749 1262 Doeaere
766 1230 884 1272 Beyer,
901 1229 1066 1268 Deliciae,
1083 1229 1269 1270 Delicium,
1285 1229 1469 1269 Deliciari,
1486 1228 1687 1272 scripsimus,
1701 1228 1760 1261 ubi

258 1287 359 1320 editio
372 1287 526 1331 princeps
541 1287 641 1321 habet
654 1292 676 1309 ⁶¹
687 1288 866 1327 Delitiae‚''
879 1291 902 1307 “
913 1287 1110 1327 Delitium‚'’
1126 1292 1147 1308 “
1156 1287 1310 1320 Delitiari
1319 1287 1355 1328 ;''
1375 1292 1448 1320 tum
1459 1297 1592 1331 quoque
1608 1287 1759 1331 Alioqui,

261 1346 416 1386 Caelibes,
443 1346 544 1386 Cena,
573 1347 696 1386 Cetera,
724 1347 872 1386 Cottidie,
904 1346 1098 1388 Crystallus,
1127 1346 1314 1386 Exsulare,
1342 1346 1498 1385 Femina,
1525 1345 1760 1385 Femininum,

257 1403 422 1444 Frmum,
444 1405 656 1444 Her-efflare,
675 1404 947 1444 H‘ereditarium,
965 1405 1086 1443 Immo,
1106 1404 1249 1444 Littera,
1270 1405 1429 1444 Locutus,
1452 1405 1618 1444 Oestrum,
1635 1404 1759 1447 Profa-

258 1472 354 1502 nare,
371 1462 578 1505 Profanum,
597 1463 808 1506 Sepulcrum,
826 1463 934 1502 Silva,
952 1462 1097 1505 Sumpsi,
1109 1463 1189 1502 ‘etc.,
1207 1467 1270 1495 etc.

348 1519 503 1553 Grandes
519 1520 653 1560 litteras,
670 1520 776 1553 oculis
795 1525 828 1553 et
843 1520 1075 1553 consuetudini
1097 1525 1229 1553 nostrae
1247 1520 1362 1553 aetatis
1382 1520 1612 1563 obsequentes,
1628 1520 1759 1563 parcius

258 1578 499 1620 usurpavimus.
545 1579 732 1612 Verborum
754 1578 891 1622 quidem
914 1577 1198 1622 interpuntstiones
1221 1578 1266 1611 ad
1288 1583 1415 1611 certam
1434 1589 1586 1611 normam
1609 1578 1760 1621 redigere

258 1636 380 1675 eonati,
396 1645 466 1668 non
480 1637 679 1670 mutavimus
695 1636 753 1670 ubi
767 1636 953 1680 periculum
971 1646 1015 1669 ne
1031 1636 1217 1669 sententiae
1232 1641 1448 1670 mutarentur.

348 1695 641 1736 Commutationes,
656 1705 738 1739 quas
753 1695 1033 1735 enumeravimus,
1049 1694 1159 1727 faeiae
1173 1699 1252 1728 sunt
1266 1700 1303 1728 ut
1314 1695 1438 1728 auxilio
1453 1694 1519 1728 sint
1533 1695 1691 1728 studioso.

291 1778 294 1781 >
348 1754 583 1787 Revelationes
604 1764 664 1797 pro
683 1753 784 1786 Nova
806 1753 968 1793 Ecclesia,
987 1764 1009 1786 a
1029 1753 1178 1786 Domino
1200 1763 1260 1796 per
1274 1763 1408 1786 servum
1427 1753 1535 1797 Ipsius
1553 1753 1662 1793 datae,
1682 1753 1760 1786 Pto-

258 1811 406 1845 videnda
421 1811 549 1844 Divina
563 1812 746 1844 custoditae
761 1816 849 1845 sunt.
896 1811 1046 1855 Operum
1066 1811 1320 1854 Swedenborgii
1335 1811 1537 1855 exemplaria
1554 1821 1624 1844 non
1638 1821 1759 1854 pauca,

258 1869 414 1913 principis
430 1870 597 1910 editionis,
614 1870 725 1903 adhuc
741 1874 997 1903 conservantur:
1023 1874 1056 1902 et
1070 1879 1172 1910 nunc,
1188 1874 1257 1902 arte
1280 1879 1378 1910 nova,
1395 1879 1459 1912 ope
1477 1869 1645 1902 radiorum
1669 1869 1759 1908 solis,

258 1926 408 1970 singulae
426 1927 553 1961 litterae
571 1928 768 1972 singulaque
786 1927 1063 1972 interpunctionis
1082 1927 1187 1971 signa,
1207 1927 1350 1960 describi
1369 1932 1402 1960 et
1423 1922 1585 1960 delineari
1605 1938 1666 1969 per
1686 1937 1757 1960 sae-

258 1985 334 2018 cula
349 1991 497 2029 possunt.
543 1986 601 2020 Ad
624 1986 705 2020 talia
725 1987 942 2030 exemplaria,
957 1997 1027 2020 non
1049 1986 1093 2019 ad
1116 1990 1265 2019 nostrum
1281 1985 1410 2019 etiamsi
1434 1985 1685 2029 diligentissime
1701 1995 1758 2018 ex-

259 2052 386 2085 cusum,
401 2044 438 2077 iu
449 2044 559 2078 dubiis
575 2044 819 2078 decurrendum
835 2050 894 2078 est.

646 2162 649 2164 -
1305 2141 1333 2169 S.
1358 2141 1397 2168 H.
1429 2139 1692 2168 WORCESTER.

325 2201 566 2235 Bnmczwxrzn,
585 2202 691 2235 MAss..
706 2202 878 2234 November,
893 2203 968 2238 1889.
