2014 3386
568 359 635 393 DE
667 357 847 392 AMORE
877 355 1305 400 CONJUGIAL1.—N.
1332 357 1430 398 422.
1664 358 1743 400 323

252 475 358 523 quod
371 481 432 511 est
446 473 625 510 infimum
641 471 876 513 intellectus,
890 470 1073 518 apparuit
1086 470 1188 506 sicut
1201 470 1406 511 velamen:
1431 469 1535 515 apud
1550 469 1745 515 quosdam

251 529 456 575 fulgurans
482 538 531 562 ex
556 526 647 572 igne
666 525 860 566 infernali,
878 525 983 571 apud
1001 524 1198 571 quosdam
1217 531 1347 560 atrum
1374 523 1478 559 sicut
1498 522 1686 569 fuliginis,
1705 530 1747 558 et

250 582 355 628 apud
373 581 567 628 quosdam
586 579 752 614 lividum
771 579 874 614 sicut
895 578 1108 614 cadaveris.
1159 576 1311 614 Caveat
1325 578 1459 624 itaque
1478 577 1645 623 quisque
1670 577 1746 612 sibi

250 645 274 671 a
292 632 661 671 confirmationibus
682 643 754 679 pro
780 638 933 673 natura,
950 631 1160 667 confirmet
1180 643 1224 668 se
1245 643 1317 678 pro
1340 630 1507 672 Divino;
1534 641 1614 666 non
1632 631 1747 666 deest

250 688 439 735 supellex.

318 748 432 789 422.
466 745 487 760 ‘⁸
500 739 741 787 Ignoscendi
761 739 922 786 quidem
944 744 1038 774 sunt
1058 737 1193 784 aliqui,
1211 738 1320 784 quod
1343 744 1507 773 naturae
1525 737 1747 782 adscripse-

250 793 331 830 rint
347 794 542 840 quaedam
559 793 742 834 visibilia,
761 804 810 829 ex
830 803 960 833 causa,
979 792 1087 838 quod
1110 802 1190 826 non
1213 791 1402 826 sciverint
1419 791 1569 837 aliquid
1592 791 1641 826 de
1662 791 1747 827 sole

250 846 389 882 mundi
407 847 634 893 spiritualis,
654 847 720 881 ubi
742 853 804 882 est
826 845 1033 886 Dominus,
1052 851 1093 880 et
1119 845 1169 880 de
1191 844 1341 879 influxu
1364 844 1477 885 inde;
1504 855 1578 879 nec
1595 844 1747 890 aliquid

250 901 299 936 de
319 900 388 935 illo
403 900 565 940 mundo,
579 907 619 935 et
636 900 722 946 ejus
736 906 855 939 statu,
869 899 991 934 immo
1006 909 1079 933 nec
1093 898 1143 933 de
1157 898 1384 943 praesentia
1397 898 1482 944 ejus
1496 898 1602 943 apud
1618 897 1747 932 homi-

250 964 361 995 nem:
387 960 428 990 et
448 954 555 1000 quod
579 953 671 989 inde
693 964 773 988 non
794 953 911 988 aliter
930 951 1105 999 cogitare
1126 951 1342 997 potuerint,
1360 962 1479 997 quam
1502 951 1610 997 quod
1633 950 1747 996 spiri-

251 1007 357 1043 tuale
375 1014 482 1043 esset
494 1007 630 1052 purius
648 1006 849 1047 naturale;
875 1011 916 1041 et
932 1004 990 1041 sic
1006 1005 1115 1051 quod
1133 1004 1262 1051 angeli
1281 1011 1416 1040 essent
1432 1004 1495 1039 vel
1515 1004 1553 1039 in
1573 1003 1746 1044 aethere,

251 1061 312 1097 vel
328 1060 368 1096 in
386 1060 531 1101 stellis;
556 1066 642 1095 tum
661 1059 711 1095 de
729 1058 904 1099 diabolo,
922 1058 1032 1105 quod
1050 1058 1113 1093 vel
1131 1064 1238 1093 esset
1255 1057 1430 1093 hominis
1449 1057 1609 1098 malum,
1626 1057 1691 1093 vel
1712 1057 1746 1092 si

250 1112 459 1150 actualiter
483 1113 682 1154 existeret,
705 1118 811 1148 esset
834 1112 898 1147 vel
925 1111 965 1146 in
991 1122 1092 1152 aere,
1113 1110 1244 1146 vel'in
1271 1110 1499 1157 profundis:
1528 1117 1615 1145 tum
1637 1110 1747 1156 quod

251 1167 405 1203 animae
426 1166 634 1201 hominum
657 1171 750 1211 post
774 1171 943 1200 mortem
969 1164 1034 1200 vel
1060 1170 1196 1199 essent
1221 1163 1261 1199 in
1288 1163 1432 1198 intimo
1453 1170 1593 1203 terrae,
1614 1163 1679 1198 vel
1706 1163 1746 1198 in

251 1220 385 1265 aliquo
402 1219 469 1254 ubi
489 1230 559 1254 seu
579 1230 642 1265 pu,
658 1229 784 1264 usque
801 1218 851 1253 ad
870 1217 975 1253 diem
993 1217 1153 1263 judicii;
1179 1223 1220 1253 et
1236 1217 1382 1253 similia
1398 1217 1485 1257 alia,
1500 1227 1602 1263 quae
1620 1216 1748 1262 phan-

252 1273 353 1309 tasia
379 1272 536 1308 induxit
561 1283 610 1307 ex
636 1271 863 1318 ignorantia
887 1271 1026 1306 mundi
1052 1270 1271 1316 spiritualis
1295 1277 1336 1306 et
1362 1270 1449 1316 ejus
1475 1270 1582 1306 solis.
1634 1269 1748 1305 Haec

252 1337 370 1362 causa
394 1331 457 1361 est
481 1325 591 1372 quod
618 1324 851 1371 ignoscendi
877 1323 968 1364 sint,
986 1323 1054 1369 qui
1080 1323 1336 1359 crediderunt
1361 1323 1469 1369 quod
1488 1329 1631 1358 natura
1656 1333 1747 1368 prof

252 1380 372 1415 ducat
383 1378 556 1414 visibilia
568 1389 617 1413 ex
631 1377 752 1414 insito
769 1388 793 1413 a
809 1377 1035 1413 creatione:
1059 1377 1129 1412 sed
1144 1387 1271 1422 usque
1286 1376 1353 1416 illi,
1368 1376 1436 1422 qui
1454 1387 1524 1422 per
1537 1375 1746 1411 confirma-

253 1432 384 1469 tiones
414 1442 486 1478 pro
511 1437 655 1466 natura
686 1441 730 1467 se
762 1430 905 1466 atheos
931 1429 1123 1470 fecerunt,
1150 1440 1231 1465 non
1262 1429 1496 1476 ignoscendi
1522 1435 1627 1469 sunt,
1652 1428 1748 1474 quia

253 1491 468 1532 potuerunt
484 1495 526 1520 se
543 1483 776 1519 confirmare
791 1494 863 1529 pro
878 1482 1025 1518 Divino
1038 1495 1046 1524 ;
1074 1482 1298 1529 ignorantia
1310 1482 1470 1528 quidem
1485 1487 1660 1521 excusat,
1676 1481 1746 1517 sed

253 1549 331 1574 non
349 1538 457 1573 tollit
474 1536 615 1572 falsum
635 1536 927 1578 confirmatum,
941 1547 1034 1572 nam
1056 1536 1134 1572 hoc
1150 1535 1294 1572 falsum
1311 1535 1500 1572 cohaeret
1517 1545 1609 1571 cum
1629 1534 1745 1575 malo,

253 1601 297 1628 ac
314 1591 462 1627 malum
479 1601 571 1627 cum
590 1589 781 1627 inferno.”
