2014 3386
301 356 381 400 252
622 383 623 386 ¹
763 358 1005 391 DELICIAE
1037 360 1339 395 SAPIENTIAE

299 476 429 512 tenet
475 471 816 514 inclinationem
862 475 978 515 sicut
1017 476 1235 517 trutinam
1276 477 1318 518 in
1361 477 1553 528 bilance,
1596 486 1642 521 et
1684 480 1790 523 facit

232 564 233 567 η
299 535 652 587 superpondium
672 537 920 578 secundum
938 538 1030 578 veri
1053 540 1218 589 amoris
1236 542 1677 595 appropriationem:
1711 545 1792 585 sed

299 597 401 649 quia
424 598 626 638 accessio
649 599 706 638 ad
729 599 847 640 hunc
866 614 1067 641 amorem
1086 615 1186 643 raro
1207 602 1342 644 hodie
1360 603 1410 645 fit
1433 605 1517 645 nisi
1539 606 1596 646 ad
1620 605 1792 660 aliquot

299 672 473 712 passm,
507 661 611 701 ideo
643 661 767 702 scala
804 665 1095 716 superpondii
1134 665 1439 708 inclinationis
1471 674 1520 708 ut
1551 668 1792 721 plurimum

299 721 476 764 attollit
503 737 552 764 se
578 724 635 764 ad
661 727 997 778 aequationem,
1026 733 1073 768 et
1105 741 1165 768 ex
1196 727 1282 769 hac
1315 735 1447 770 nutat
1479 736 1526 771 et
1556 732 1791 784 protendit

299 786 357 826 ad
387 786 581 828 alteram
615 793 804 840 partem,
838 788 924 830 hoc
957 796 1044 839 est,
1077 790 1134 831 ad
1166 790 1440 846 conjugium.
1501 793 1790 835 Contrarium

298 855 369 891 est
392 850 511 904 apud
542 850 646 891 illos
672 865 859 905 quorum
886 865 1013 893 amor
1039 855 1319 906 praecedens
1349 856 1392 896 in
1420 855 1631 909 conjugio
1657 858 1792 910 priori

297 914 355 954 ab
381 927 535 954 amore
560 928 666 955 vere
688 914 931 968 conjugiali
953 917 1142 957 recessit
1161 931 1170 967 ;
1203 930 1339 959 causa
1360 924 1446 967 est,
1470 920 1574 972 quia
1594 921 1792 960 recessio

298 976 357 1017 ab
381 976 460 1017 illo
484 977 528 1017 in
556 977 690 1018 simili
715 978 860 1031 gradu
885 984 957 1019 est
983 978 1222 1032 disjunffio
1248 981 1482 1030 mentium,
1510 995 1625 1035 quae
1651 983 1792 1023 etiam

298 1040 342 1081 in
369 1040 464 1081 vita
489 1041 691 1094 corporis
717 1042 845 1082 unius
871 1050 1027 1084 manet
1053 1049 1158 1096 post
1181 1043 1356 1084 obitur'n
1379 1044 1580 1094 alterius,
1604 1051 1652 1086 et
1678 1045 1790 1087 haec

299 1103 442 1145 intrat
470 1103 758 1144 voluntatem
785 1104 843 1145 ab
868 1104 1055 1146 alterius
1082 1105 1367 1159 disjunctam,
1395 1113 1442 1148 et
1467 1107 1574 1148 facit
1600 1107 1791 1149 inclina—

299 1167 472 1207 tionem
495 1167 551 1207 ad
575 1166 940 1220 conjunctionem
968 1182 1133 1209 novam
1155 1183 1163 1220 ;
1198 1183 1278 1223 pro
1304 1184 1392 1224 qua
1416 1171 1642 1223 cogitatio
1663 1170 1793 1212 illata

299 1230 358 1270 ab
388 1230 686 1271 inclinatione
717 1230 970 1272 voluntatis
1002 1232 1136 1273 insert
1168 1246 1296 1286 spem
1329 1233 1386 1274 de
1418 1234 1626 1283 unitiore,
1651 1240 1698 1275 et
1729 1234 1791 1278 sic

293 1291 558 1346 jucundiore
591 1294 950 1335 cohabitatione.
1014 1294 1150 1348 Quod
1181 1295 1500 1337 inclinationes
1537 1297 1595 1338 ad
1626 1298 1794 1345 iterata

299 1355 509 1409 conjugia
535 1357 723 1398 trahunt
750 1371 878 1398 suum
905 1364 1054 1399 ortum
1081 1372 1140 1399 ex
1167 1365 1293 1400 statu
1319 1360 1638 1413 praecedentis
1664 1374 1795 1402 amo-

299 1420 371 1468 ris,
397 1426 557 1460 notum
580 1426 665 1469 est,
685 1426 732 1461 et
751 1434 927 1474 quoque
949 1422 1066 1462 ratio
1087 1421 1174 1462 hoc
1197 1422 1349 1472 videt;
1382 1424 1524 1463 amori
1546 1423 1665 1464 enim
1687 1437 1794 1465 vere

299 1482 542 1535 conjugiali
569 1484 688 1524 inest
716 1484 853 1524 timor
873 1482 1089 1537 jacturae,
1118 1490 1166 1525 et
1198 1491 1303 1538 post
1324 1483 1545 1537 jacturam
1571 1486 1716 1535 dolor,
1745 1493 1794 1528 et

299 1545 372 1586 hic
399 1545 531 1586 dolor
557 1552 603 1586 et
630 1546 869 1587 ille·timor
895 1553 964 1588 est
991 1547 1035 1587 in
1067 1547 1176 1600 ipsis
1207 1548 1376 1588 intimis
1403 1549 1653 1599 mentium;
1686 1549 1793 1591 inde

299 1614 383 1656 est,
412 1609 532 1662 quod
559 1615 778 1662 quantum
805 1624 865 1650 ex
892 1609 970 1650 illo
996 1623 1151 1651 amore
1181 1610 1314 1659 inest,
1342 1617 1523 1652 tantum
1548 1612 1699 1653 anima
1723 1613 1792 1653 in-

299 1670 441 1712 clinet
465 1677 511 1712 et
537 1671 779 1713 voluntate
805 1679 852 1713 et
885 1673 1184 1726 cogitatione,
1213 1673 1299 1715 hoc
1332 1680 1418 1723 est,
1446 1675 1719 1724 intentione,
1743 1681 1793 1717 ut

299 1735 358 1775 sit
390 1735 433 1774 in
466 1733 668 1787 subjecto
701 1749 802 1776 cum
834 1749 923 1789 quo
955 1742 1001 1777 et
1042 1737 1084 1777 in
1117 1750 1206 1790 quo
1237 1736 1346 1788 suit;
1379 1751 1439 1777 ex
1471 1737 1540 1778 his
1571 1738 1790 1791 sequitur,

298 1798 419 1851 quod
447 1811 575 1838 mens
601 1799 644 1838 in
671 1798 784 1839 libra
809 1805 1021 1840 teneatur
1042 1799 1099 1839 ad
1125 1799 1319 1840 alterum
1346 1799 1602 1853 conjugium
1629 1814 1790 1842 secun-

300 1860 406 1900 dum
429 1861 620 1912 gradum
643 1862 808 1901 amoris
831 1862 875 1901 in
898 1876 986 1915 quo
1008 1861 1088 1902 fuit
1111 1862 1154 1902 in
1179 1862 1339 1915 priori;
1373 1876 1432 1903 ex
1455 1862 1540 1903 hoc
1564 1869 1649 1911 est,
1668 1863 1790 1916 quod

299 1929 406 1976 post
439 1930 634 1964 mortem
667 1924 802 1969 iidem
834 1925 1111 1974 reuniantur,
1139 1937 1190 1965 ac
1223 1925 1431 1965 similiter
1462 1931 1511 1966 ut
1543 1926 1587 1965 in
1619 1927 1790 1968 mundo

300 1999 348 2026 se
375 1992 533 2027 mutuo
560 1993 738 2027 ament:
772 1987 867 2035 sed,
896 1993 944 2028 ut
975 2001 1110 2040 supra
1135 1986 1305 2028 dietum
1337 1993 1420 2036 est,
1449 1987 1583 2029 hodie
1609 1995 1681 2030 est
1712 1989 1790 2030 ille

299 2061 428 2089 amor
457 2063 595 2097 rarus,
630 2055 676 2090 et
708 2056 813 2090 sunt
844 2049 974 2103 pauci
1005 2050 1080 2104 qui
1111 2050 1258 2103 digito
1289 2051 1523 2103 attingunt
1555 2051 1708 2102 illum;
1742 2058 1789 2093 et

299 2111 362 2152 illi
389 2112 462 2166 qui
489 2125 578 2152 non
605 2113 856 2165 attingunt,
884 2118 931 2154 et
958 2111 1058 2166 plus
1083 2113 1157 2166 qui
1183 2113 1240 2154 ab
1266 2112 1344 2153 illo
1371 2113 1527 2166 procul
1553 2114 1787 2163 recedunt,

298 2175 345 2216 hi
367 2176 483 2216 sicut
506 2176 771 2228 cupiverunt
790 2176 1126 2229 separationem
1148 2176 1192 2216 in
1210 2176 1306 2216 vita
1328 2183 1541 2217 consorte
1559 2176 1788 2226 autemsta,

299 2252 413 2293 quae
439 2238 600 2291 frigida
626 2239 722 2287 fuit,
750 2239 815 2279 ita
846 2245 950 2292 post
977 2245 1171 2280 mortem
1203 2239 1390 2292 cupiunt
1422 2238 1789 2291 conjunctionem

298 2315 402 2343 cum
433 2302 522 2342 alia
554 2316 632 2342 seu
663 2301 766 2343 alio.
837 2301 927 2343 Sed
959 2302 1015 2343 de
1046 2301 1115 2343 his
1146 2308 1193 2343 et
1224 2301 1312 2342 illis
1345 2302 1471 2355 plura
1511 2304 1555 2343 in
1596 2317 1789 2357 sequen-

298 2366 434 2406 tibus.

381 2438 513 2481 319.
557 2427 639 2481 (ii.)
676 2427 806 2478 Quod
814 2434 920 2482 post
940 2434 1122 2469 mortem
1144 2427 1337 2482 conjugis
1358 2427 1517 2469 iterum
1533 2428 1791 2470 contrahere

298 2491 630 2532 matrimonium
655 2492 894 2543 dependeat
917 2492 1049 2532 etiam
1070 2505 1099 2532 a
1119 2497 1242 2532 statu
1265 2491 1464 2547 conjugyi,
1489 2492 1536 2532 in
1558 2506 1640 2545 quo
1664 2492 1787 2533 vixe-

298 2554 560 2594 rant.-Per
578 2561 750 2595 statum
769 2552 966 2608 conjugii
989 2567 1079 2595 non
1102 2554 1172 2595 hic
1199 2554 1472 2607 intelligitur
1493 2561 1643 2595 status
1660 2567 1788 2596 amo-

297 2618 371 2665 ris,
399 2618 455 2658 de
482 2630 571 2670 quo
598 2618 641 2657 in
668 2619 977 2659 antecedente
1003 2617 1210 2666 articulo,
1239 2618 1342 2671 quia
1367 2618 1438 2658 hic
1465 2618 1572 2658 facit
1597 2617 1787 2659 inclina-

298 2681 471 2721 tionem
498 2681 721 2721 internam
748 2682 806 2721 ad
838 2681 1096 2734 conjugium
1123 2687 1200 2722 aut
1228 2695 1255 2721 a
1280 2680 1504 2734 conjugio,
1533 2681 1612 2721 sed
1639 2687 1788 2722 status

299 2743 509 2796 conjugii,
538 2744 610 2796 qui
636 2743 743 2784 facit
770 2744 1112 2785 inclinationem
1139 2750 1380 2784 externam
1406 2744 1464 2784 ad
1490 2743 1599 2784 illud
1626 2750 1704 2785 aut
1729 2744 1788 2785 ab

297 2806 402 2857 illo;
434 2813 481 2847 et
504 2806 576 2847 hic
601 2813 750 2847 status
773 2820 874 2847 cum
901 2808 990 2848 suis
1022 2807 1390 2848 inclinationibus
1413 2813 1484 2848 est
1510 2806 1784 2860 multiplex:

298 2869 529 2918 sicut,—1.
564 2868 609 2909 Si
647 2869 842 2910 infantes
877 2871 920 2911 in
958 2871 1096 2911 domo
1133 2876 1253 2918 sunt,
1286 2876 1333 2911 et
1364 2869 1452 2910 illis
1489 2883 1607 2911 nova
1643 2875 1788 2911 mater

298 2932 614 2984 prospicienda
636 2938 720 2972 est.
783 2943 819 2973 2.
852 2931 898 2973 Si
919 2933 1115 2973 infantes
1137 2932 1282 2973 adhuc
1306 2932 1454 2985 plures
1473 2932 1516 2972 in
1533 2937 1644 2973 voto
1666 2938 1784 2973 sunt.

300 3004 336 3046 3.
371 2993 416 3035 Si
447 2996 610 3036 domus
641 2994 792 3048 ampla
824 3002 908 3045 est,
942 3009 994 3036 ac
1034 2993 1254 3036 instructa
1289 2994 1519 3035 famulitiis
1557 2995 1785 3048 utriusque
