2014 3386
261 345 318 387 80
726 352 970 386 DELICIAE
1001 353 1305 387 SAPIENTIAE

258 465 359 501 fides
374 464 555 501 salvifica
571 465 624 501 sit
641 465 805 501 credere
826 465 866 500 in
887 465 1045 512 Ipsum:
1081 465 1166 510 (iii.)
1194 465 1312 513 Quod
1340 464 1528 513 fugienda
1545 465 1626 502 sint
1644 466 1757 508 mala,

257 518 352 565 quia
369 525 463 554 sunt
481 518 630 553 diaboli
648 525 689 554 et
709 529 733 554 a
753 518 937 554 diabolo:
976 518 1057 563 (iv.)
1087 517 1205 565 Quod
1231 518 1413 554 facienda
1429 519 1510 554 sint
1530 520 1646 560 bona,
1665 519 1760 566 quia

257 578 352 607 sunt
371 571 446 606 Dei
469 578 509 606 et
529 582 553 606 a
575 570 686 606 Deo:
724 572 792 616 (v.)
820 571 937 619 Quod
965 571 1064 607 haec
1082 571 1264 607 facienda
1283 571 1364 607 sint
1383 572 1433 607 ab
1454 571 1617 607 homine
1637 578 1683 607 ut
1707 572 1759 607 ab

258 625 357 670 ipso,
371 624 441 660 sed
455 624 565 671 quod
579 624 824 660 credendum
839 624 902 665 sit,
918 625 1027 671 quod
1045 624 1126 660 sint
1143 635 1167 660 a
1186 623 1362 660 Domino
1375 625 1480 671 apud
1496 624 1609 660 illum
1628 631 1669 660 et
1687 635 1758 671 per

258 677 407 713 illum.”

331 729 406 765 His
423 729 571 765 auditis
589 740 660 775 per
676 729 830 775 aliquot
847 736 1053 765 momenta
1070 729 1233 765 recessit
1250 729 1336 776 ejus
1353 728 1483 771 furor3
1513 736 1555 765 at
1575 736 1668 776 post
1685 729 1756 765 ali-

257 793 377 828 quam
396 783 726 818 deliberationem
746 783 889 818 iterum
913 793 976 818 me
1000 789 1118 818 torvo
1135 783 1249 818 vultu
1271 782 1437 828 aspexit,
1456 783 1603 823 dicens,
1623 782 1759 818 “Sunt

258 835 358 871 haec
377 835 555 882 quinque
573 843 795 882 praecepta,
815 834 1052 872 doitrinalia
1068 835 1160 871 fidei
1178 841 1220 871 et
1237 835 1444 871 charitatis
1463 835 1602 871 Novae
1622 835 1757 872 Eccle-

257 890 338 925 siae
349 889 390 925 ?''

331 943 382 978 Et
399 942 599 988 respondi,
614 947 635 961 ‘¹
647 941 786 978 Sunt.''

331 995 382 1031 Et
402 1002 499 1030 tunc
516 1006 654 1041 aspere
674 994 944 1041 interrogavit,
963 999 984 1012 ‘¹
997 992 1214 1041 Quomodo
1236 1000 1351 1039 potes
1369 993 1643 1030 demonstrare
1661 995 1755 1040 pri-

258 1060 375 1089 mum,
395 1048 533 1095 ‘Quod
552 1048 604 1084 sit
624 1059 727 1083 unus
748 1047 867 1088 Deus,
888 1047 926 1082 in
948 1058 1029 1094 quo
1051 1053 1111 1083 est
1131 1046 1277 1082 Divina
1294 1047 1480 1088 Trinitas,
1499 1054 1540 1082 et
1557 1047 1665 1094 quod
1686 1047 1757 1084 Ille

257 1102 311 1138 sit
330 1102 527 1138 Dominus
543 1102 660 1149 Jesus
678 1101 862 1137 Christus
874 1100 902 1136 ?'
915 1100 935 1113 ''
1792 1102 1794 1104 '

331 1155 435 1197 Dixi,
459 1155 736 1191 “Demonstro
759 1154 836 1189 ita:
871 1154 993 1190 Estne
1019 1164 1122 1189 unus
1148 1159 1190 1189 et
1215 1152 1446 1188 individuus
1473 1152 1610 1190 Deus?
1643 1159 1757 1190 estne

258 1208 463 1245 Trinitas?
506 1208 546 1244 Si
565 1220 667 1243 unus
685 1214 726 1243 et
748 1207 976 1243 individuus
997 1207 1117 1247 Deus,
1136 1213 1250 1242 estne
1268 1218 1347 1242 una
1366 1206 1570 1242 Persona?
1616 1205 1658 1242 Si
1676 1217 1758 1243 una

259 1261 446 1303 Persona,
468 1268 582 1297 estne
603 1261 778 1296 Trinitas
801 1260 840 1295 in
862 1259 956 1296 illa?
998 1259 1117 1307 Quod
1139 1259 1192 1295 sit
1211 1259 1409 1295 Dominus
1425 1259 1541 1307 Jesus
1560 1259 1756 1301 Christus,

257 1325 307 1351 ex
325 1314 399 1357 his,

562 1378 663 1416 Quod
685 1381 860 1416 conceptus
876 1377 915 1407 sit
929 1386 949 1407 a
963 1377 1036 1407 Deo
1052 1377 1146 1406 Patre
1162 1375 1256 1416 (Luc.
1272 1376 1294 1408 i.
1309 1385 1359 1414 34.
1374 1375 1449 1415 35);

258 1459 300 1490 et
317 1454 375 1490 sic
392 1453 501 1500 quod
519 1452 653 1499 quoad
673 1451 847 1487 animam
866 1451 919 1487 sit
937 1450 1068 1492 Deus;
1094 1457 1136 1486 et
1153 1450 1258 1491 inde,
1275 1450 1381 1486 sicut
1400 1449 1490 1496 Ipse
1507 1449 1617 1491 dicit,

320 1528 419 1566 Quod
436 1528 529 1557 Pater
543 1531 574 1557 et
591 1527 666 1565 Ipse
679 1535 781 1556 unum
796 1526 858 1555 sint
874 1524 970 1565 (Joh.
987 1535 1016 1555 x.
1033 1524 1087 1564 30)
1105 1534 1112 1561 ς

319 1569 418 1606 Quod
435 1569 507 1606 Ipse
522 1568 554 1597 in
568 1568 660 1596 Patre
674 1572 706 1596 et
723 1567 815 1596 Pater
829 1566 861 1595 in
877 1567 952 1604 Ipso
969 1565 1066 1605 (Joh.
1084 1565 1146 1596 xiv.
1163 1573 1211 1600 10,
1228 1564 1280 1604 11)
1294 1574 1302 1600 ς

320 1609 419 1647 Quod
433 1609 488 1646 qui
503 1609 589 1638 videt
604 1608 715 1646 Ipsum
730 1611 762 1637 et
775 1606 940 1645 cognoscit
962 1607 1073 1645 Ipsum
1087 1606 1194 1635 videat
1207 1610 1239 1635 et
1253 1609 1426 1644 cognoscat
1438 1605 1564 1634 Patrem
1577 1602 1677 1645 (Joh.
1694 1603 1756 1636 xiv.

320 1648 531 1728 Quod7ne9131o
546 1689 652 1718 videat
662 1692 698 1718 et
712 1691 886 1726 cognoscat
901 1687 1038 1722 Patrem,
1053 1686 1113 1716 nisi
1137 1686 1211 1724 Ipse
1225 1686 1280 1724 qui
1302 1685 1335 1715 in
1357 1686 1430 1715 sinu
1451 1685 1552 1716 Patris
1565 1689 1613 1715 est
1624 1683 1723 1725 (Joh.
1737 1683 1759 1716 i.

321 1730 544 1808 Quodlgmnia
559 1769 660 1799 Patris
674 1769 735 1798 sint
751 1768 856 1806 Ipsius
871 1766 969 1808 (Joh.
985 1767 1027 1797 iii.
1043 1773 1101 1805 353
1128 1776 1197 1804 cap.
1213 1766 1275 1796 xvi.
1291 1764 1343 1804 15)
1357 1775 1364 1801 ;

322 1812 420 1849 Quod
426 1810 689 1888 {itergaJflveritas
705 1814 738 1839 et
748 1809 832 1844 Vita,
842 1814 874 1838 et
885 1809 975 1846 quod
986 1817 1082 1837 nemo
1093 1807 1199 1836 veniat
1207 1807 1250 1836 ad
1261 1807 1386 1836 Patrem
1397 1805 1455 1835 nisi
1467 1814 1524 1844 per
1536 1805 1646 1844 Ipsum
1659 1803 1760 1845 (Joh.

263 1919 320 1954 ita
335 1919 385 1953 ab
401 1917 506 1964 Ipso,
525 1917 618 1964 quia
635 1922 697 1952 est
715 1916 756 1951 in
777 1915 869 1962 Ipso
885 1927 893 1957 ;
919 1921 959 1951 et
977 1914 1198 1950 secundum
1214 1913 1395 1954 Paulum,

345 1984 443 2022 Quod
458 1983 561 2012 omnis
575 1982 742 2020 plenitudo
758 1980 939 2011 Divinitatis
952 1980 985 2009 in
1001 1980 1076 2018 Ipso
1091 1978 1295 2017 corporaliter
1308 1978 1429 2007 habitet
1443 1975 1576 2017 (Coloss.
1591 1976 1622 2007 ii.
1637 1974 1691 2016 9):

263 2062 310 2088 ac
327 2057 541 2097 praeterea,

405 2117 504 2154 Quod
520 2115 586 2153 Ipsi
601 2115 640 2145 sit
653 2119 794 2153 potestas
809 2113 912 2143 omnis
927 2113 1028 2143 carnis
1043 2111 1140 2152 (Joh.
1157 2111 1230 2142 xvii.
1247 2110 1280 2150 2)
1295 2121 1303 2146 ς

406 2157 447 2187 Et
462 2158 551 2195 quod
567 2157 631 2195 Ipsi
646 2157 685 2185 sit
699 2156 803 2185 omnis
817 2159 957 2193 potestas
972 2154 1004 2183 in
1019 2154 1108 2183 caelo
1120 2157 1151 2182 et
1165 2153 1197 2181 in
1212 2157 1294 2181 terra
1309 2151 1444 2190 (Matth.
1461 2151 1567 2182 xxviii.
1585 2149 1658 2190 18):

264 2243 313 2269 ex
331 2230 474 2277 quibus
492 2229 682 2276 sequitur,
701 2228 809 2275 quod
828 2227 880 2264 sit
901 2227 1010 2263 Deus
1028 2226 1125 2262 caeli
1145 2232 1185 2261 et
1202 2224 1368 2261 terrae.”

337 2285 485 2320 Postea
511 2282 781 2328 interrogavit,
803 2280 1008 2327 quomodo
1034 2280 1267 2315 demonstro
1288 2278 1466 2319 alterum,
1489 2276 1639 2324 “Quod
1660 2275 1761 2313 fides

265 2337 442 2375 salvifica
458 2336 511 2372 sit
528 2335 691 2371 credere
711 2334 750 2369 in
772 2333 943 2380 Ipsum.''

339 2389 444 2430 Dixi,
464 2394 484 2408 ⁸⁴
499 2388 742 2424 Demonstro
761 2398 832 2433 per
849 2386 947 2422 haec
969 2385 1100 2432 Ipsius
1119 2383 1282 2420 Domini
1300 2383 1421 2419 verba
1434 2409 1443 2419 .

326 2466 334 2481 ⁸
345 2464 438 2494 Haec
452 2467 498 2492 est
512 2463 660 2513 yoluntas
673 2461 792 2508 Patris,
807 2465 843 2490 ut
858 2460 970 2495 omnis.
985 2482 993 2491 .
1006 2483 1015 2491 .
1028 2482 1036 2491 .
1048 2459 1104 2497 qui
1118 2459 1219 2489 credit
1231 2458 1264 2487 in
1280 2458 1405 2492 Filium,
1419 2456 1538 2486 habeat
1551 2455 1650 2484 vitam
1662 2459 1764 2485 aeter-

328 2547 336 2561 ‘
346 2502 852 2577 AdegffirirllexitJDkeuxsssinffgdum,
868 2546 904 2570 ut
919 2541 1034 2570 Filium
1049 2548 1143 2570 suum
1158 2538 1365 2577 Unigenitum
1381 2537 1513 2570 dederit,
1528 2539 1563 2565 ut
1578 2535 1691 2570 omnis,
1707 2534 1766 2573 qul

428 2584 528 2614 credit
542 2583 574 2612 in
591 2584 711 2620 Ipsum,
727 2591 792 2611 non
807 2586 915 2619 pereat
929 2582 985 2610 sed
999 2581 1116 2610 habeat
1130 2581 1226 2609 vitam
1241 2584 1403 2608 aeternam
1413 2577 1420 2588 '
1438 2576 1535 2623 (Jolq.
1545 2575 1593 2622 iii.
1611 2582 1658 2612 15.
1675 2574 1749 2621 1§):

329 2627 337 2642 ⁸
349 2625 415 2664 Qui
429 2624 529 2654 credit
543 2624 575 2652 in
589 2623 713 2656 Filium,
726 2623 822 2651 habet
837 2622 932 2650 vitam
945 2626 1106 2650 aeternam
1118 2629 1125 2655 ς
1148 2620 1201 2657 qui
1213 2628 1289 2648 vero
1303 2627 1368 2648 non
1380 2618 1479 2647 credit
1495 2616 1584 2646 Filio.
1596 2624 1663 2646 non
1675 2615 1765 2646 vxde-

428 2665 475 2695 bit
489 2664 596 2699 vitam,
611 2664 669 2693 sed
683 2663 729 2692 ira
745 2662 805 2691 Dei
821 2667 928 2691 manet
941 2670 1038 2699 super
1052 2660 1124 2690 illo'
1140 2659 1157 2671 ''
1176 2659 1274 2699 (Joh.
1292 2659 1333 2689 iii.
1349 2658 1415 2697 36).

341 2736 617 2777 Posteadixit,
637 2741 658 2754 “
671 2735 914 2771 Demonstra
931 2734 1051 2769 etiam
1069 2735 1241 2782 tertium,
1259 2737 1300 2767 et
1317 2728 1561 2777 sequentias*

342 2792 394 2828 Et
422 2789 620 2837 respondi,
640 2787 778 2835 “Quid
809 2798 909 2833 opus
935 2793 996 2822 est
1020 2786 1305 2824 demonstrare.
1327 2783 1434 2829 quod
1464 2782 1654 2829 fugienda
1682 2781 1765 2818 sint

269 2846 383 2885 mala,
403 2844 497 2891 quia
517 2849 611 2879 sunt
633 2841 780 2877 diaboli
802 2847 844 2875 et
869 2851 892 2875 a
917 2837 1107 2874 diabolo?
1136 2837 1324 2883 quodque
1346 2835 1527 2871 facienda
1547 2835 1628 2871 sint
1647 2835 1765 2874 bona.

269 2899 362 2945 quia
379 2904 472 2933 sunt
487 2896 561 2932 Dei
579 2901 620 2931 et
637 2905 661 2930 a
679 2893 794 2929 Deo?
821 2899 908 2927 tum
930 2892 1037 2938 quod
1060 2891 1158 2925 haec
1176 2889 1357 2924 facienda
1374 2888 1454 2923 sint
1470 2888 1520 2923 ab
1539 2887 1701 2923 homine
1719 2894 1764 2922 ut

270 2952 320 2986 ab
339 2951 436 2996 ipso,
455 2949 525 2985 sed
542 2948 650 2995 quod
668 2946 916 2982 credendum
929 2945 991 2984 sit,
1009 2943 1118 2989 quod
1136 2942 1215 2978 sint
1232 2953 1255 2977 a
1275 2941 1450 2976 Domino
1467 2941 1572 2986 apud
1595 2939 1705 2975 illum
1724 2945 1766 2975 et

275 3014 344 3051 per
365 3001 504 3038 illum?
554 3000 673 3048 Quod
695 2999 794 3035 haec
814 2998 891 3034 tria
911 3007 1005 3033 vera
1025 2996 1114 3038 sint,
1132 2994 1342 3032 confirmat
1363 2993 1547 3029 universa
1565 2992 1768 3040 Scriptura
