2014 3386
349 363 435 405 226
814 374 1057 406 DELICIAE
1089 374 1393 407 SAPIENTIAE

346 493 611 541 potestate;
645 488 702 530 de
723 487 835 542 jure,
863 489 983 544 quod
1012 489 1261 531 secundum
1288 496 1465 532 statuta
1497 490 1616 545 pacti
1647 491 1842 534 foederis

345 552 404 593 sit
430 551 699 609 aequalitas,
728 559 774 594 et
801 553 941 594 cuivis
964 553 1167 606 dignitas
1193 554 1238 594 in
1259 553 1418 595 officiis
1441 569 1547 596 suae
1573 554 1840 608 fun&ionis;

344 620 391 656 et
418 615 475 656 de
503 621 754 669 potestate,
783 616 905 670 quod
935 616 1174 657 insistatur
1198 630 1224 657 a
1254 618 1360 658 viris
1391 618 1435 658 in
1467 619 1676 659 omnibus
1707 619 1842 661 rebus

343 678 467 719 domi
494 680 804 732 superioritas,
829 679 931 732 quia
957 685 1062 720 sunt
1085 680 1180 727 viri,
1205 686 1252 721 et
1273 680 1449 722 feminis
1472 682 1530 722 sit
1553 681 1839 732 inferioritas,

342 743 446 795 quia
472 749 579 783 sunt
605 742 814 791 fem-inae,
842 743 962 783 inter
989 743 1177 796 cognita
1202 742 1246 783 in
1274 744 1444 785 mundo
1468 743 1692 786 hodierno
1718 753 1838 787 sunt.

342 805 482 846 Tales
513 805 846 853 aemulationes
879 805 1013 847 hodie
1053 805 1298 847 familiares
1334 820 1426 848 non
1463 807 1647 849 aliunde
1678 808 1838 858 fluunt,

341 882 476 922 quam
503 883 563 910 ex
590 868 715 909 nulla
737 869 1020 910 conscientia
1042 869 1099 910 de
1122 883 1276 910 amore
1298 884 1402 911 vere
1425 870 1684 924 conjugiali,
1709 878 1757 913 et
1779 885 1839 913 ex

341 931 466 973 nulla
498 934 794 986 perceptione
825 947 984 974 sensus
1016 933 1073 974 de
1105 933 1462 974 beatitudinibus
1494 934 1613 975 illius
1643 935 1838 986 amoris3

340 1009 400 1036 ex
426 1009 615 1050 quarum
642 996 850 1037 absentia
876 1010 957 1050 pro
983 1010 1138 1037 amore
1164 996 1244 1051 illo
1269 1003 1340 1037 est
1367 998 1543 1051 cupido,
1568 1011 1682 1052 quae
1708 1011 1838 1039 men-

341 1060 452 1100 titur
490 1059 617 1100 illum
658 1065 899 1110 amorem;¹
936 1074 996 1100 ex
1035 1059 1121 1101 hac
1162 1060 1386 1114 cupidine,
1420 1066 1599 1101 remoto
1638 1062 1838 1114 genuino

339 1135 508 1171 amore,
537 1122 718 1176 profluit
745 1123 943 1164 ambitus
970 1123 1027 1164 de
1053 1129 1304 1177 potestate,
1329 1123 1407 1177 qui
1425 1123 1694 1177 quibusdam
1717 1124 1837 1166 inest

339 1199 399 1226 ex
420 1185 620 1239 jucundo
647 1186 813 1227 amoris
840 1186 1121 1235 dominandi,
1149 1187 1417 1240 quibusdam
1445 1186 1743 1240 implantatus
1764 1194 1836 1229 est

337 1263 364 1289 a
405 1250 508 1290 sciis
548 1249 725 1290 feminis
761 1256 871 1290 ante
912 1250 1109 1303 nuptias,
1144 1256 1191 1291 et
1223 1250 1490 1303 quibusdam
1523 1256 1595 1291 est
1633 1250 1834 1304 ignotus.

339 1312 437 1354 Viri
468 1313 542 1366 qui
578 1313 623 1353 in
656 1313 743 1354 hoc
777 1313 953 1354 ambitu
984 1319 1104 1361 sunt,
1138 1319 1185 1354 et
1224 1319 1329 1367 post
1361 1312 1683 1354 aemulationis
1713 1314 1836 1356 vices

337 1377 573 1430 imperium
605 1377 833 1424 obtinent,
867 1377 1082 1430 redigunt
1115 1390 1283 1418 uxores
1314 1375 1387 1417 vel
1419 1376 1463 1417 in
1495 1377 1834 1430 possessionem

337 1441 403 1480 sui
424 1438 547 1492 juris,
571 1440 645 1481 vel
667 1441 711 1481 in
734 1440 951 1494 obsequia
973 1441 1039 1481 sui
1065 1440 1252 1488 arbitrii,
1277 1439 1350 1481 vel
1377 1440 1420 1481 in
1448 1441 1688 1494 mancipia,
1712 1441 1834 1495 quis-

337 1517 422 1556 que
440 1504 689 1544 secundum
708 1503 906 1544 ambitus
925 1503 1042 1544 illius
1060 1503 1252 1556 gradum
1269 1509 1315 1544 et
1331 1502 1638 1557 qualificatum
1657 1510 1832 1546 statum

336 1566 522 1607 insitum
544 1572 592 1608 et
618 1566 842 1608 latentem
865 1567 984 1620 apud
1012 1580 1086 1617 se;
1120 1567 1156 1607 si
1183 1573 1337 1608 autem
1364 1580 1532 1607 uxores
1557 1567 1601 1607 in
1625 1566 1712 1609 hoc
1734 1581 1832 1610 am-

335 1629 432 1670 bitu
464 1635 581 1678 sunt,
615 1636 662 1671 et
694 1635 798 1684 post
828 1629 1147 1671 aemulationis
1163 1630 1301 1670 'vices
1332 1630 1568 1683 imperium
1601 1630 1830 1680 obtinent,

334 1693 547 1746 redigunt
568 1693 757 1734 maritos
781 1706 886 1733 suos
909 1692 982 1734 vel
1009 1694 1053 1733 in
1080 1693 1409 1747 aequalitatem
1431 1691 1539 1745 juris
1565 1706 1734 1743 secum,
1757 1694 1830 1736 vel

333 1757 378 1797 in
405 1757 623 1810 obsequia
649 1757 714 1797 sui
740 1757 926 1805 arbitrii,
952 1756 1024 1798 vel
1046 1757 1091 1797 in
1117 1756 1369 1810 mancipia3
1402 1762 1450 1797 at
1476 1757 1688 1810 quoniam
1710 1758 1830 1812 apud

334 1833 516 1868 uxores,
545 1826 650 1873 post
678 1819 897 1861 obtentos
929 1820 1102 1873 imperii
1133 1819 1279 1860 fasces
1309 1819 1367 1859 ab
1393 1819 1494 1867 illis,
1518 1826 1725 1862 remanet
1751 1833 1829 1861 cu·

333 1884 439 1937 pido
479 1897 594 1938 quae
634 1884 854 1924 mentitur
893 1896 1096 1924 amorem
1142 1882 1460 1936 conjugialem,
1503 1882 1731 1924 refrenata
1768 1896 1829 1924 ex

333 1947 436 2000 lege
475 1954 522 1988 et
563 1960 624 1987 ex
660 1947 824 1987 timore
865 1946 1166 2000 separationis
1199 1946 1445 1999 legitimae,
1478 1946 1514 1986 si
1546 1951 1828 1999 potestatem

331 2022 458 2051 suam
485 2009 605 2050 ultra
635 2009 702 2050 fas
728 2009 771 2049 in
804 2009 928 2050 nefas
961 2009 1236 2058 extendunt,
1265 2009 1368 2050 ideo
1394 2009 1656 2049 consociam
1683 2009 1828 2051 vitam

331 2086 434 2114 cum
461 2073 634 2113 maritis
659 2077 818 2125 agunt.
880 2071 1039 2125 Qualis
1065 2078 1220 2113 autem
1251 2084 1378 2113 amor
1404 2078 1451 2113 et
1483 2072 1684 2113 amicitia
1709 2072 1830 2114 inter

331 2137 564 2177 dominam
602 2148 792 2176 uxorem
830 2140 878 2176 et
919 2136 1133 2176 maritum
1171 2147 1366 2183 servum,
1401 2141 1498 2176 tum
1530 2134 1676 2189 qualis
1707 2135 1828 2177 inter

330 2200 563 2240 dominum
587 2201 798 2240 maritum
821 2205 868 2240 et
892 2212 1081 2240 uxorem
1107 2212 1300 2245 servam,
1324 2199 1581 2247 intercedit,
1607 2212 1697 2239 non
1721 2205 1825 2253 pot-

330 2269 402 2304 est
434 2263 588 2317 paucis
619 2263 767 2304 verbis
799 2262 1024 2313 describi;
1069 2262 1209 2302 immo
1250 2262 1286 2302 si
1332 2262 1614 2303 differentiae
1646 2262 1825 2303 illarum

331 2327 642 2368 conferrentur
667 2327 711 2367 in
738 2326 927 2379 species,
955 2331 1002 2367 et
1028 2325 1113 2366 hae
1140 2332 1499 2374 recenserentur,
1528 2339 1619 2366 non
1646 2324 1824 2367 suffice·

329 2396 432 2431 rent
458 2391 653 2444 paginae
674 2404 683 2433 :
716 2394 821 2430 sunt
842 2390 961 2430 enim
985 2389 1134 2429 variae
1157 2394 1202 2429 et
1223 2389 1428 2429 diversae
1447 2403 1455 2439 ;
1488 2389 1638 2429 variae
1661 2401 1823 2429 secun-

329 2454 436 2494 dum
477 2453 674 2494 ambitus
716 2459 925 2493 naturam
965 2452 1083 2506 apud
1115 2452 1249 2500 viros,
1283 2452 1491 2492 similiter
1522 2452 1672 2492 variae
1703 2452 1823 2506 apud

329 2530 526 2567 uxores;
572 2522 620 2557 et
662 2517 866 2557 diversae
907 2517 1104 2557 virorum
1145 2515 1203 2556 ab
1247 2515 1349 2561 illis,
1392 2529 1507 2569 quae
1551 2521 1658 2556 sunt
1702 2515 1822 2568 apud

327 2580 542 2620 feminas:
576 2580 656 2620 viri
679 2579 798 2620 tales
825 2580 944 2620 enim
971 2580 1015 2620 in
1043 2578 1166 2619 nulla
1191 2578 1392 2619 amicitia
1417 2578 1583 2619 amoris
1609 2583 1715 2619 sunt
1738 2577 1822 2619 nisi

327 2643 465 2690 fatua,
485 2648 532 2683 et
555 2656 722 2683 uxores
744 2643 788 2683 in
811 2642 1012 2683 amicitia
1034 2641 1198 2682 amoris
1221 2641 1358 2694 spurii
1380 2655 1438 2682 ex
1462 2641 1683 2694 cupidine.
1718 2638 1821 2693 Qua

326 2711 481 2746 autem
507 2711 605 2746 arte
628 2719 796 2746 uxores
822 2711 1105 2760 potestatem
1129 2718 1263 2758 super
1283 2704 1403 2745 viros
1426 2704 1509 2745 sibi
1534 2709 1818 2758 comparant,

326 2770 370 2810 in
397 2781 515 2809 nunc
538 2775 757 2822 sequente
784 2768 976 2810 articulo
1002 2768 1191 2809 dicetur.

409 2841 537 2886 292.
580 2828 719 2886 (x'xi.)
756 2832 884 2882 Quod
910 2833 1070 2874 dentur
1091 2831 1298 2887 conjugia
1318 2830 1564 2884 infernalia
1588 2829 1634 2871 in
1655 2829 1817 2871 mundo

325 2897 440 2937 inter
459 2895 669 2949 conjuges,
698 2896 777 2948 qui
794 2896 981 2936 interius
1002 2900 1106 2936 sunt
1129 2893 1430 2946 infensissimi
1449 2893 1612 2943 lzostes,
1635 2899 1678 2934 et
1696 2899 1816 2934 exte·

324 2960 425 3000 rius
446 2958 559 2999 sicut
577 2956 923 3013 conJ‘unHz’ssz‘mi
942 2957 1293 2999 amicat—vetor
1314 2958 1494 3012 quidem
1517 2957 1575 2998 ab
1597 2957 1814 2997 uxoribus

326 3024 432 3066 talis
456 3023 607 3072 sortis,
636 3036 750 3077 quae
777 3023 821 3063 in
847 3021 1070 3077 spirituali
1096 3021 1265 3062 mundo
1288 3027 1407 3071 sunt,
1436 3019 1644 3075 conjugia
1669 3019 1747 3062 illa
1771 3019 1814 3061 in
