2014 3386
337 341 420 393 306
801 347 1043 380 DELICIAE
1076 346 1379 380 SAPIENTIAE

335 475 464 503 amor
489 463 556 503 sui
583 461 950 515 praedominans,
979 466 1027 502 et
1051 460 1123 501 hic
1151 472 1279 501 amor
1304 466 1430 502 amat
1462 474 1510 501 se
1542 460 1586 501 in
1614 459 1832 514 progenie

335 540 442 578 sua;
474 540 612 580 quare
638 526 756 566 sicut
783 524 954 566 dictum
980 530 1066 573 est,
1091 537 1219 565 amor
1244 524 1404 565 influus
1425 525 1621 565 vertitur
1650 525 1695 565 in
1726 526 1832 578 pro'-

335 590 492 643 prium.
553 589 679 630 Talis
710 589 907 630 inversio
938 588 1104 629 amoris
1135 587 1256 628 influi
1292 588 1337 628 in
1371 588 1615 642 proprium,
1649 593 1696 630 et
1726 588 1833 630 inde

334 652 483 694 tutela
504 658 552 694 et
580 653 862 693 sustentatio
885 651 1063 705 prolum
1086 657 1133 692 et
1155 650 1326 692 fetuum
1348 665 1374 692 a
1396 651 1661 704 parentibus
1683 651 1830 701 malis,

334 723 406 757 est
423 730 484 757 ex
507 716 675 756 Divina
694 715 878 756 Domini
904 714 1209 768 providentia,
1231 727 1335 755 nam
1358 714 1524 768 alioqui
1551 728 1610 755 ex
1632 713 1832 756 humano

333 793 502 832 genere
525 792 616 820 non
639 785 933 833 superessent
957 779 1040 818 nisi
1064 778 1222 831 pauci;
1256 784 1303 819 et
1326 791 1386 819 ex
1408 778 1567 819 bestiis
1589 777 1829 826 ferocibus,

334 856 450 896 quae
467 849 624 883 tamen
643 843 739 882 usui
757 849 878 890 sunt,
899 855 990 882 non
1008 841 1171 895 aliqua.
1228 841 1303 881 Ex
1322 841 1392 882 his
1410 847 1554 894 patet,
1572 841 1692 894 quod
1710 841 1830 894 quis·

333 919 420 958 que
446 906 714 959 disponatur
738 905 796 945 ad
823 905 1085 953 amandum,
1114 905 1370 954 tutandum,
1398 910 1445 945 et
1477 904 1830 945 sustentandum

333 982 461 1010 suam
489 968 712 1017 sobolem,
741 982 800 1009 ex
827 969 1010 1021 proprio
1036 980 1206 1009 amore.

416 1042 551 1085 393.
587 1030 685 1086 (vi.)
723 1030 852 1082 Quod
871 1030 977 1071 haec
996 1030 1192 1084 sphaera
1213 1030 1379 1085 afficiat
1395 1043 1548 1071 sexum
1561 1029 1831 1082 femininum

330 1095 658 1147 principaliter,
687 1095 752 1136 ita
777 1101 959 1143 matres,
987 1100 1029 1135 et
1058 1107 1213 1135 sexum
1241 1093 1530 1135 masculinum
1569 1107 1643 1134 seu
1669 1100 1830 1146 patres

332 1158 388 1198 ab
409 1158 682 1199 z'llz’s.—Hoc
715 1159 918 1212 sequitur
957 1172 1017 1198 ex
1055 1158 1218 1198 eadem
1257 1157 1444 1210 origine,
1474 1157 1530 1197 de
1569 1170 1656 1210 qua
1693 1157 1827 1210 prius,

332 1222 452 1274 quod
485 1222 680 1275 sphaera
711 1222 877 1263 amoris
909 1220 1180 1274 conjugialis
1212 1221 1455 1274 recipiatur
1495 1233 1522 1261 a
1558 1220 1749 1268 feminis,
1781 1226 1829 1262 et

332 1298 412 1337 per
442 1285 632 1326 feminas
665 1285 965 1327 transferatur
996 1285 1039 1325 in
1072 1285 1207 1334 viros,
1241 1298 1301 1325 ex
1334 1297 1470 1325 causa
1501 1285 1606 1338 quia
1635 1283 1828 1325 feminae

333 1355 468 1389 natae
501 1355 606 1390 sunt
637 1362 815 1390 amores
846 1347 1109 1390 intellectus
1141 1349 1352 1397 virorum,
1380 1361 1432 1388 ac
1465 1345 1726 1388 intellectus
1758 1354 1828 1390 est

331 1412 583 1465 recipiens:
618 1412 765 1453 simile
791 1419 862 1454 est
889 1425 991 1453 cum
1017 1425 1171 1453 amore
1198 1411 1435 1460 infantum,
1465 1411 1567 1464 quia
1592 1410 1664 1452 hic
1691 1410 1828 1464 origi-

331 1475 452 1515 nitus
475 1482 545 1516 est
569 1489 629 1516 ex
651 1489 806 1517 amore
834 1475 1092 1528 conjugiali.
1155 1474 1289 1528 Quod
1313 1474 1533 1515 matribus
1560 1474 1828 1515 tenerrimus

331 1551 459 1579 amor
498 1539 721 1580 infantum
748 1540 821 1588 sit,
851 1552 903 1580 ac
946 1539 1150 1592 patribus
1192 1539 1338 1579 minus
1376 1545 1520 1586 tener,
1550 1545 1709 1579 notum
1741 1544 1827 1579 est.

333 1600 469 1654 Quod
494 1603 637 1643 amori
663 1601 920 1656 conjugiali,
945 1603 990 1643 in
1017 1615 1151 1656 quem
1179 1608 1315 1642 natae
1338 1607 1444 1642 sunt
1470 1601 1676 1650 feminae,
1701 1614 1827 1642 amor

330 1664 555 1706 infantum
581 1666 826 1719 inscriptus
853 1666 926 1714 sit,
951 1671 1081 1719 patet
1107 1679 1133 1706 a
1158 1664 1410 1719 puellarum
1433 1664 1616 1705 amabili
1642 1670 1689 1705 et
1716 1677 1825 1705 con-

330 1728 535 1769 sociabili
575 1727 816 1770 affetfflone
853 1729 910 1770 ad
950 1728 1163 1778 infantes,
1196 1734 1243 1770 et
1284 1728 1341 1769 ad
1378 1728 1600 1781 imagines
1631 1727 1822 1775 illarum,

329 1804 440 1844 quas
463 1797 667 1844 portant,
693 1792 925 1841 amiciunt,
949 1792 1227 1839 osculantur,
1252 1805 1304 1832 ac
1331 1790 1514 1831 sinudus
1537 1789 1731 1844 pastoris
1757 1791 1824 1831 sui

328 1853 609 1905 admovent3
653 1855 756 1896 talis
793 1854 972 1896 affectio
1009 1856 1156 1908 pueris
1189 1868 1279 1895 non
1312 1860 1395 1895 est.
1466 1853 1674 1907 Apparet
1706 1854 1822 1895 sicut

327 1929 455 1957 amor
469 1917 690 1958 infantum
706 1918 763 1959 sit
782 1918 1001 1959 matribus
1019 1932 1078 1959 ex
1098 1918 1343 1958 nutritione
1361 1916 1538 1957 illorum
1557 1917 1599 1956 in
1618 1922 1748 1958 utero
1762 1930 1822 1958 ex

328 1993 411 2020 suo
436 1982 672 2033 sanguine,
701 1987 748 2022 et
775 1981 880 2022 inde
907 1995 968 2021 ex
994 1981 1363 2034 appropriatione
1390 1993 1496 2020 suae
1522 1980 1658 2028 vitae,
1686 1986 1732 2021 et
1758 1980 1821 2021 sic

328 2056 387 2083 ex
414 2044 579 2084 unione
602 2044 918 2098 sympathica;
951 2045 1031 2085 sed
1059 2058 1198 2097 usque
1224 2044 1335 2085 haec
1359 2043 1475 2084 illius
1502 2043 1666 2084 amoris
1693 2043 1822 2097 origo

328 2119 418 2147 non
441 2113 527 2155 est,
548 2108 761 2160 quoniam
785 2108 821 2148 si
842 2108 1076 2148 nesciente
1100 2114 1244 2148 matre
1267 2113 1598 2160 supponeretur
1619 2106 1731 2148 alius
1753 2107 1821 2148 in-

327 2170 422 2210 fans
441 2177 545 2223 post
563 2177 741 2224 partum
760 2171 863 2212 loco
880 2171 1077 2224 genuini,
1097 2177 1324 2212 amaretur
1340 2170 1416 2211 ille
1440 2171 1534 2223 pari
1556 2171 1818 2220 teneritate,

326 2247 414 2287 qua
440 2234 475 2274 si
501 2233 616 2275 foret
639 2248 769 2285 suus;
803 2234 983 2287 insuper
1005 2234 1201 2274 infantes
1224 2234 1495 2287 quandoque
1521 2247 1547 2274 a
1573 2234 1820 2275 nutricibus

326 2303 549 2346 amantur,
584 2296 823 2351 plusquam
855 2311 881 2338 a
913 2297 1159 2338 matribus:
1203 2311 1263 2338 ex
1295 2296 1364 2338 his
1395 2297 1506 2346 fluit,
1541 2297 1661 2351 quod
1692 2311 1820 2338 amor

324 2359 401 2401 ille
425 2372 515 2400 non
542 2360 723 2401 aliunde
749 2361 822 2409 sit,
846 2374 981 2415 quam
1003 2374 1062 2401 ex
1085 2373 1239 2402 amore
1266 2359 1508 2414 conjugiali
1531 2361 1670 2402 cuivis
1691 2360 1818 2402 femi-

325 2436 410 2464 nae
442 2423 594 2472 insito,
628 2424 698 2464 cui
729 2423 966 2477 adjunctus
998 2430 1068 2465 est
1100 2437 1228 2465 amor
1258 2425 1560 2477 concipiendi,
1594 2438 1652 2465 ex
1694 2423 1817 2477 cujus

319 2485 520 2539 jucundo
551 2500 666 2528 uxor
705 2493 999 2540 praeparatur
1034 2487 1091 2527 ad
1129 2487 1464 2540 receptionem;
1506 2487 1592 2528 hoc
1625 2487 1818 2541 primum

326 2545 445 2586 illius
468 2545 633 2584 amoris
656 2553 742 2595 est,
763 2545 884 2598 quod
911 2556 1012 2585 cum
1038 2558 1119 2585 suo
1135 2543 1336 2598 jucundo
1358 2552 1463 2599 post
1478 2554 1656 2600 partum
1678 2548 1815 2602 plene

326 2608 494 2650 transit
517 2608 561 2648 in
584 2608 738 2648 fetum.

404 2678 541 2724 394.
577 2669 690 2724 (vii.)
728 2669 857 2721 Quod
876 2669 981 2711 haec
1003 2668 1199 2722 sphaera
1223 2669 1356 2711 etiam
1380 2670 1443 2711 sit
1466 2669 1663 2723 sphaera
1687 2669 1811 2711 inno·

319 2731 482 2772 centiae
505 2738 547 2772 et
564 2731 1039 2784 pacz‘s.—Innocentia
1061 2739 1107 2774 et
1134 2746 1225 2786 pax
1248 2741 1352 2774 sunt
1376 2734 1465 2774 duo
1490 2734 1650 2774 intima
1671 2733 1810 2785 caeli3

319 2795 480 2836 intima
502 2795 725 2844 dicuntur,
750 2797 854 2849 quia
875 2796 1138 2837 immediate
1157 2797 1411 2849 procedunt
1433 2811 1459 2838 a
1482 2797 1706 2848 Domino;
1738 2802 1810 2838 est

320 2859 439 2899 enim
467 2858 688 2899 Dominus
714 2859 811 2912 ipsa
837 2859 1108 2900 Innocentia
1133 2866 1179 2900 et
1211 2860 1309 2912 ipsa
1337 2860 1447 2901 Pax.
1501 2860 1723 2901 Dominus
1748 2873 1808 2901 ex

322 2921 591 2963 Innocentia
615 2930 806 2963 vocatur
831 2923 1023 2976 Agnus;
1056 2928 1102 2963 et
1130 2936 1189 2963 ex
1217 2923 1332 2964 Pace
1359 2923 1482 2973 dicit,

452 3005 610 3038 “Pacem
628 3005 790 3048 relinquo
807 3006 922 3045 vobis,
942 3005 1071 3038 Pacem
1089 3016 1205 3038 meam
1224 3007 1270 3038 do
1287 3007 1389 3040 vobis
1401 3007 1419 3020 '’
1437 3007 1535 3050 (Joh.
1549 3008 1619 3040 xiV.
1638 3008 1693 3048 27)
1708 3017 1716 3047 ;
