2014 3386
528 384 594 416 DE
627 383 807 415 AMORE
839 382 1267 426 CONJUGIALI.—N.
1296 384 1390 426 292.
1622 384 1702 427 227

205 501 353 542 lucem
380 499 608 555 publicam
634 500 821 550 sistere;
856 499 1021 540 timent
1048 498 1167 539 enim
1195 511 1251 539 ne
1277 497 1454 539 illarum
1483 511 1554 538 ars
1581 498 1703 539 obti-

205 565 342 606 nendi
359 570 642 626 potestatem
661 578 795 617 super
809 564 929 604 viros
947 562 1080 604 simul
1098 562 1375 616 propaletur,
1393 575 1528 616 quarn
1546 567 1702 603 tamen

204 641 490 682 summopere
517 628 705 681 cupiunt
732 627 1083 668 occultandam:
1117 626 1198 667 sed
1221 626 1324 680 quia
1346 626 1525 666 excitor
1547 639 1573 667 a
1595 626 1700 666 viris

202 692 246 731 in
274 691 353 732 illo
375 692 545 732 mundo
571 691 629 732 ad
661 689 975 744 detegendum
1007 704 1168 732 causas
1200 690 1266 730 sui
1297 689 1506 731 intestini
1532 689 1621 731 odii
1654 695 1701 730 et

202 756 328 808 quasi
350 755 507 796 furoris
529 755 646 796 illati
667 756 711 796 in
735 755 873 796 corda
896 755 1075 796 illorum
1099 760 1260 795 contra
1282 767 1465 803 uxores,
1491 767 1551 795 ex
1574 753 1701 795 clan-

202 819 394 860 destinis
426 819 600 860 artibus
632 819 826 867 illarum,
861 818 998 860 velim
1030 818 1178 859 solum
1215 817 1442 858 adducere
1482 817 1595 859 haec
1629 831 1701 859 se-

201 883 401 936 quentia.
479 882 708 924 Dixerunt
747 883 842 932 viri,
877 882 998 936 quod
1039 882 1127 922 illis
1168 881 1347 929 nesciis,
1381 882 1700 922 contraxerint

201 960 282 999 pro
315 946 534 987 uxoribus
565 945 810 988 terrificum
843 947 1071 994 timorem,
1105 960 1165 987 ex
1197 959 1287 999 quo
1322 959 1413 986 non
1448 951 1700 998 potuerunt

201 1011 334 1051 aliter
359 1023 494 1063 quam
521 1009 848 1062 subjectissime
881 1009 1066 1051 obedire
1098 1009 1294 1050 arbitriis
1320 1009 1514 1058 illarum,
1543 1016 1589 1050 et
1617 1023 1699 1049 nu-

201 1074 323 1114 tibus
349 1073 528 1114 illarum
555 1075 744 1128 obsequi
771 1073 1009 1128 plusquam
1036 1073 1243 1114 vilissimi
1270 1074 1402 1122 servi,
1431 1074 1493 1114 sic
1522 1081 1570 1115 ut
1593 1072 1700 1115 facti

201 1138 292 1178 sint
319 1138 435 1178 sicut
458 1151 635 1191 vappae
657 1151 665 1188 ;
699 1145 745 1178 et
769 1137 890 1191 quod
916 1138 981 1178 ita
1007 1135 1112 1178 fac‘ti
1139 1138 1229 1178 sint
1256 1151 1338 1191 pro
1364 1137 1581 1178 uxoribus
1605 1151 1698 1178 non

200 1201 338 1241 modo
363 1200 443 1248 illi,
467 1201 541 1254 qui
564 1201 607 1241 in
636 1200 760 1241 nulla
783 1201 1014 1254 dignitate
1035 1201 1278 1241 constituti
1304 1207 1424 1249 sunt,
1453 1200 1533 1241 sed
1558 1201 1698 1242 etiam

199 1265 273 1317 qui
305 1265 348 1304 in
376 1277 558 1317 magna,
586 1265 726 1305 immo
758 1264 930 1305 strenui
961 1270 1008 1305 et
1041 1264 1262 1317 praeclari
1293 1264 1457 1315 duces;
1491 1270 1537 1306 et
1565 1264 1697 1305 dixe-

199 1334 303 1369 runt
330 1328 450 1381 quod
483 1334 587 1381 post
620 1326 906 1369 contractum
938 1327 1064 1369 illum
1098 1334 1320 1368 terrorem
1347 1341 1437 1369 non
1465 1328 1698 1381 potuerint

198 1391 243 1431 in
269 1390 349 1431 illo
386 1405 496 1431 ausu
522 1405 622 1432 esse
659 1391 739 1432 fari
777 1404 878 1432 cum
911 1391 1127 1431 uxoribus
1161 1392 1244 1432 nisi
1276 1392 1434 1439 amice,
1469 1398 1516 1433 et
1548 1391 1698 1432 facere

198 1454 286 1494 illis
314 1454 398 1494 nisi
424 1454 545 1508 quod
578 1454 734 1508 placiti
766 1454 943 1496 illarum
977 1461 1063 1503 est,
1094 1456 1281 1496 tametsi
1312 1455 1465 1496 odium
1492 1455 1695 1497 interne-

198 1520 346 1558 cinum
379 1518 423 1558 in
456 1518 667 1559 cordibus
707 1519 798 1559 suis
839 1526 1001 1559 contra
1041 1518 1142 1559 illas
1179 1519 1413 1569 foverent;
1452 1525 1499 1561 et
1531 1519 1695 1569 adhuc,

197 1582 317 1636 quod
351 1595 491 1635 usque
523 1596 690 1623 uxores
717 1595 818 1623 cum
851 1583 1165 1623 illis-comiter
1191 1582 1436 1636 loquantur
1461 1588 1507 1623 et
1535 1590 1694 1636 agant,

196 1652 242 1685 et
262 1645 531 1698 quibusdam
550 1646 640 1686 suis
661 1647 817 1699 petitis
835 1646 1213 1700 obtemperanter
1230 1645 1506 1687 auscultent.
1561 1646 1693 1687 Nunc

197 1709 301 1761 quia
326 1709 410 1762 ipsi
436 1709 515 1749 viri
542 1710 773 1762 permirati
795 1715 913 1758 sunt,
938 1709 1057 1750 unde
1081 1709 1175 1750 tale
1198 1709 1529 1763 antipathicum
1556 1710 1600 1750 in
1626 1710 1695 1750 in-

196 1772 337 1812 ternis
355 1772 549 1821 illorum,
570 1779 617 1813 et
641 1772 735 1813 tale
758 1773 875 1814 sicut
894 1772 1231 1826 sympathicum
1253 1773 1298 1813 in
1316 1774 1538 1822 externis,
1558 1773 1695 1814 obor-

196 1843 291 1876 tum
324 1842 410 1883 est,
445 1836 805 1889 exploraverunt
838 1849 999 1877 causas
1030 1850 1057 1877 a
1092 1836 1284 1885 seminis,
1318 1837 1478 1890 quibus
1515 1843 1697 1878 secreta

195 1899 273 1939 illa
294 1913 366 1940 ars
392 1899 473 1940 suit
499 1906 636 1950 nota;
670 1906 716 1941 et
739 1900 1014 1954 inquierunt,
1040 1900 1162 1954 quod
1189 1914 1249 1941 ex
1272 1914 1348 1941 ore
1374 1899 1554 1941 illarum
1581 1899 1694 1941 hau-

195 1964 352 2012 serint,
380 1963 500 2017 quod
533 1964 743 2004 mulieres
776 1964 870 2004 alte
902 1964 1021 2017 apud
1055 1978 1104 2004 se
1141 1963 1396 2004 recondant
1437 1964 1692 2011 scientiam,

194 2041 282 2081 qua
309 2026 481 2068 callent
507 2028 627 2068 viros
649 2027 760 2080 jugo
787 2028 852 2068 sui
879 2028 1068 2080 imperii,
1097 2027 1133 2068 si
1159 2026 1336 2075 volunt,
1366 2026 1612 2080 subjicere;
1645 2033 1693 2068 et

194 2090 315 2144 quod
342 2090 428 2131 hoc
456 2089 534 2132 fiat
562 2091 681 2145 apud
710 2105 877 2132 uxores
909 2091 1044 2132 rudes
1076 2104 1155 2144 per
1181 2091 1519 2143 increpationes
1552 2097 1599 2131 et
1626 2090 1693 2130 al-

194 2162 349 2194 ternas
371 2153 622 2205 faventias;
655 2154 774 2208 apud
793 2154 905 2195 alias
924 2168 1004 2208 per
1021 2154 1174 2194 vultus
1197 2154 1332 2194 duros
1355 2159 1402 2194 et
1425 2154 1693 2194 inamoenos

193 2218 426 2266 continue,
459 2224 507 2259 et
539 2218 657 2271 apud
690 2217 860 2259 similes
891 2218 1051 2259 aliter:
1091 2224 1139 2258 at
1169 2217 1287 2270 apud
1323 2231 1489 2258 uxores
1522 2217 1692 2271 politas

194 2295 272 2334 per
293 2282 578 2323 obnixitates
601 2283 874 2335 petitionum
898 2295 977 2335 per
999 2282 1120 2322 vices
1143 2293 1372 2334 nunquam
1391 2281 1690 2329 intermissas,

193 2350 240 2385 et
272 2358 351 2397 per
381 2345 669 2385 resistentias
710 2346 968 2398 pertinaces
1001 2351 1163 2385 contra
1199 2345 1389 2384 maritos
1422 2344 1459 2384 si
1490 2343 1602 2384 dura
1634 2344 1692 2384 ab

193 2407 280 2448 illis
312 2409 560 2461 patiuntur,
594 2408 862 2449 insistentes
889 2406 974 2461 juri
1005 2422 1112 2448 suae
1144 2407 1439 2461 aequalitatis
1471 2420 1530 2447 ex
1571 2406 1688 2460 lege,

192 2484 252 2511 ex
278 2485 367 2525 quo
398 2469 614 2512 audacter
645 2471 883 2512 obstinant
917 2484 991 2512 se:
1026 2472 1166 2511 immo
1198 2471 1318 2524 quod
1351 2471 1387 2511 si
1419 2469 1691 2523 ejicerentur

193 2534 345 2583 domo,
372 2535 563 2576 redeant
590 2549 649 2575 ex
673 2535 831 2583 lubitu,
860 2548 911 2575 ac
944 2535 1119 2575 instent
1151 2534 1341 2585 similia;
1375 2534 1525 2575 sciunt
1552 2534 1688 2582 enim,

193 2598 314 2652 quod
337 2599 417 2639 viri
444 2612 503 2640 ex
531 2613 612 2639 sua
638 2605 799 2639 natura
826 2611 1112 2652 nequaquam
1145 2599 1324 2652 possint
1352 2597 1689 2639 obnixitatibus

193 2674 370 2702 suarum
398 2675 590 2703 uxorum
613 2663 837 2710 resistere,
862 2669 909 2703 et
936 2662 1056 2716 quod
1083 2668 1189 2716 post
1212 2662 1467 2702 cessionem
1491 2661 1689 2701 arbitriis

191 2724 367 2766 illarum
395 2739 443 2766 se
471 2726 774 2777 submittant3
808 2732 854 2766 et
877 2725 997 2779 quod
1030 2731 1139 2766 tunc
1173 2738 1356 2773 uxores,
1385 2724 1467 2765 sub
1499 2724 1688 2777 imperio

192 2802 286 2837 suo,
314 2789 464 2830 civilia
495 2795 543 2830 et
574 2789 745 2835 blanda
775 2790 948 2830 maritis
980 2789 1249 2830 exhibeant.
1310 2787 1458 2830 Causa
1490 2787 1689 2840 genuina

191 2852 518 2893 dominationis
555 2866 748 2893 uxorum
789 2866 869 2906 per
909 2852 1027 2893 hunc
1066 2858 1218 2893 astum
1250 2857 1336 2900 est,
1370 2851 1490 2905 quod
1529 2851 1595 2890 vir
1626 2864 1687 2890 ex

191 2914 426 2957 intellectu
453 2922 579 2969 agat,
607 2921 653 2956 et
677 2915 844 2957 femina
870 2929 930 2956 ex
956 2915 1211 2962 voluntate,
1241 2921 1287 2956 et
1319 2915 1439 2968 quod
1471 2912 1686 2953 voluntas

191 2979 335 3031 possit
368 2979 599 3020 obstinare
631 2993 694 3028 se,
723 2993 814 3020 non
847 2985 1000 3019 autem
1032 2976 1306 3019 intelle&us.
1367 2974 1549 3017 Dictum
1576 2975 1687 3016 mihi

191 3047 276 3091 cst,
303 3042 424 3096 quod
458 3043 682 3095 pessimae
710 3041 839 3095 hujus
865 3041 1049 3091 farinae,
1077 3055 1192 3095 quae
1218 3040 1393 3082 ambitu
1421 3038 1687 3080 dominandi
