2014 3386
297 345 380 398 380
738 354 1066 389 VOLUPTATES
1098 356 1344 390 INSANIAE

293 469 441 511 omnis
465 468 645 523 generis
671 468 860 511 luxuriis
886 476 934 512 et
965 470 1308 524 voluptatibus3
1339 472 1385 514 hi
1417 473 1594 527 proprie
1619 474 1791 518 intelli-

292 540 462 588 guntur
502 547 582 587 per
618 533 880 575 sensuales:
927 534 972 575 in
1014 536 1153 576 tertio
1193 536 1337 588 gradu
1377 544 1498 587 sunt,
1532 539 1606 592 qui
1642 539 1791 582 solum

292 604 451 639 amant
473 612 522 639 se
544 599 681 651 ipsos,
702 597 918 651 ponendo
940 611 1018 639 cor
1039 598 1084 639 in
1107 599 1281 640 ambitu
1299 599 1511 653 honoris;
1544 602 1589 643 hi
1612 603 1792 656 proprie

291 661 611 715 intelliguntur
636 675 715 715 per
740 674 1011 714 corporeos;
1044 675 1181 703 causa
1205 669 1291 712 est,
1324 664 1429 717 quia
1453 666 1606 706 omnia
1629 666 1792 708 volun-

292 726 403 767 tatis
444 731 491 766 et
532 725 637 766 inde
669 723 930 766 intellectus
963 726 1242 779 immergunt
1274 728 1465 780 corpori,
1494 742 1546 769 ac
1578 735 1703 771 retro
1734 730 1792 772 ab

291 789 391 830 aliis
417 803 465 830 se
489 786 716 841 spectant,
745 794 791 830 et
814 789 997 842 propria
1021 803 1106 830 sua
1131 790 1358 831 duntaxat
1384 798 1569 844 amant3
1603 807 1791 835 sensua-

292 854 359 895 les
385 859 540 894 autem
567 853 720 894 omnia
744 852 995 894 voluntatis
1021 859 1068 894 et
1094 853 1198 895 inde
1224 853 1483 896 intellectus
1513 856 1792 911 immergunt

291 917 518 959 illecebris
540 923 587 957 et
609 915 796 957 fallaciis
814 929 1041 966 sensuum,
1061 916 1131 958 his
1152 917 1297 958 solum
1316 918 1624 972 indulgendo;
1658 928 1791 963 natu-

291 981 409 1023 rales
441 987 596 1021 autem
628 980 782 1021 omnia
812 980 1064 1021 voluntatis
1096 987 1143 1022 et
1184 980 1446 1023 intellectus
1477 982 1714 1026 effundunt
1745 985 1790 1027 in

293 1045 527 1094 mundum,
555 1057 690 1085 avare
715 1050 762 1085 et
793 1043 1104 1085 fraudulenter
1129 1046 1440 1099 conquirendo
1467 1061 1592 1101 opes,
1621 1054 1667 1090 et
1699 1062 1791 1090 non

291 1108 429 1150 alium
452 1120 580 1148 usum
603 1120 738 1161 quam
756 1108 1056 1161 possessionis
1088 1108 1132 1149 in
1155 1108 1243 1149 illis
1265 1115 1313 1150 et
1335 1123 1396 1150 ex
1419 1110 1507 1151 illis
1525 1110 1790 1164 spectando.

291 1171 539 1213 Adulteria
570 1171 945 1224 supranominata
976 1178 1163 1213 vertunt
1194 1172 1402 1214 homines
1448 1174 1493 1215 in
1538 1175 1791 1228 degeneres

291 1235 376 1276 hos
413 1235 596 1289 gradus,
630 1247 766 1275 unum
808 1235 852 1275 in
894 1234 1029 1284 hunc,
1062 1235 1257 1276 alterum
1288 1236 1333 1277 in
1365 1237 1506 1287 illum,
1541 1239 1792 1292 quemlibet

291 1300 543 1341 secundum
571 1298 789 1352 placitum
816 1298 996 1352 volupe,
1025 1312 1084 1339 ex
1111 1313 1200 1353 quo
1226 1298 1276 1340 fit
1302 1301 1464 1353 genius
1490 1301 1597 1355 ejus.

375 1370 509 1416 497.
543 1360 677 1416 (xvi.)
714 1360 843 1412 Quod
861 1361 907 1402 z'n
933 1368 1120 1411 tantum,
1145 1368 1195 1403 ut
1218 1363 1396 1404 tandem
1420 1365 1570 1406 omnia
1590 1365 1792 1409 ecclesiae

291 1433 334 1468 et
357 1426 587 1479 religionis
613 1440 641 1466 a
665 1439 713 1466 se
736 1425 1148 1479 rejiciant—Quod
1175 1426 1370 1468 adulteri
1396 1442 1456 1469 ex
1482 1430 1718 1483 proposito
1743 1433 1792 1474 et

291 1506 352 1551 ex
377 1489 646 1532 confirmato
672 1490 826 1530 omnia
852 1489 1073 1531 ecclesiae
1099 1496 1147 1531 et
1178 1490 1408 1544 religionis
1439 1506 1466 1533 a
1496 1506 1544 1533 se
1571 1493 1790 1547 rejiciant,

292 1561 362 1596 est
394 1554 498 1608 quia
529 1566 656 1594 amor
682 1552 878 1606 conjugii
909 1559 956 1594 et
988 1567 1116 1594 amor
1140 1553 1351 1595 adulterii
1377 1557 1576 1609 oppositi
1602 1557 1693 1599 sint
1727 1556 1791 1612 (n.

290 1618 412 1672 425),
429 1624 475 1659 et
502 1630 630 1658 amor
651 1616 849 1669 conjugii
872 1630 974 1657 cum
997 1617 1192 1658 ecclesia
1217 1624 1264 1659 et
1290 1618 1511 1671 religione
1534 1633 1671 1661 unum
1693 1621 1792 1675 agit

295 1682 358 1736 (n.
379 1693 470 1734 130,
490 1688 537 1723 et
561 1681 706 1722 ubivis
724 1680 831 1721 alibi
853 1681 903 1721 in
921 1680 1054 1722 Parte
1074 1680 1263 1736 priore);
1296 1682 1400 1723 inde
1418 1696 1547 1724 amor
1563 1683 1789 1735 adulterii,

291 1747 394 1801 quia
416 1745 668 1799 oppositus,
688 1758 790 1786 cum
813 1744 901 1786 illis
923 1759 1037 1799 quae
1061 1751 1222 1786 contra
1243 1745 1485 1787 ecclesiam
1508 1753 1627 1796 sunt,
1652 1761 1790 1790 unum

291 1811 402 1864 agit.
450 1809 600 1863 ,Quod
627 1808 824 1850 adulteri
849 1808 913 1849 illi
939 1809 1094 1850 omnia
1119 1809 1341 1851 ecclesiae
1367 1816 1414 1851 et
1440 1810 1534 1863 ejus
1559 1811 1791 1864 religionis

291 1888 318 1915 a
358 1888 406 1914 se
442 1873 661 1926 rejiciant,
686 1878 758 1914 est
798 1873 901 1926 quia
941 1886 1070 1913 amor
1100 1873 1295 1926 conjugii
1336 1879 1383 1914 et
1422 1887 1549 1915 amor
1579 1874 1791 1916 adulterii

291 1937 491 1991 oppositi
517 1942 637 1984 sunt,
665 1936 782 1977 sicut
809 1935 1068 1989 conjugium
1095 1937 1203 1977 boni
1235 1943 1282 1978 et
1313 1937 1406 1978 veri
1432 1938 1691 1991 oppositum
1718 1945 1790 1980 est

291 2000 519 2043 connubio
542 1999 648 2040 mali
671 2006 718 2040 et
744 1999 843 2040 falsi
873 1997 934 2053 (n.
956 2009 1055 2052 427,
1078 1999 1182 2054 428)
1203 2014 1212 2051 ;
1246 2013 1297 2041 ac
1325 1999 1582 2053 conjugium
1609 2001 1717 2043 boni
1742 2008 1791 2045 et

290 2065 384 2105 veri
400 2070 470 2105 est
489 2062 696 2109 ecclesia,
714 2069 761 2103 at
776 2063 1051 2103 connubium
1070 2063 1176 2104 mali
1193 2070 1239 2105 et
1257 2063 1356 2104 falsi
1374 2070 1445 2105 est
1460 2064 1790 2107 anti-ecclesia.

292 2127 429 2182 Quod
452 2127 648 2168 adulteri
671 2125 736 2166 illi
761 2139 788 2167 a
813 2140 861 2167 se
887 2126 1091 2179 rejiciant
1114 2127 1266 2168 omnia
1287 2127 1509 2169 ecclesiae
1532 2134 1580 2170 et
1607 2129 1790 2182 religio-

291 2193 374 2242 nis,
399 2198 470 2233 est
497 2190 601 2244 quia
626 2202 754 2230 amor
780 2189 976 2243 conjugii
1003 2196 1050 2231 et
1077 2204 1204 2231 amor
1226 2190 1436 2232 adulterii
1462 2198 1567 2233 sunt
1589 2193 1791 2246 oppositi

290 2257 407 2297 sicut
439 2254 615 2296 caelum
647 2259 693 2294 et
726 2253 947 2294 infernum
977 2253 1040 2306 (n.
1071 2253 1203 2308 429);
1246 2261 1292 2296 et
1325 2255 1368 2295 in
1401 2255 1530 2296 caelo
1561 2262 1632 2297 est
1664 2269 1792 2298 amor

291 2320 494 2362 omnium
526 2317 763 2367 ecclesiae,
797 2323 844 2358 at
881 2317 1132 2358 in-inferno
1158 2324 1228 2359 est
1260 2318 1413 2359 odium
1445 2325 1607 2360 contra
1637 2320 1792 2361 omnia

292 2382 529 2425 ecclesiae.
591 2380 726 2434 Quod
753 2379 977 2422 adulteria
1003 2381 1081 2421 illa
1106 2382 1258 2422 omnia
1283 2381 1505 2423 ecclesiae
1531 2389 1578 2424 et
1605 2383 1790 2436 religio-

291 2448 360 2488 nis
401 2460 428 2487 a
467 2459 515 2486 se
554 2445 775 2498 rejiciant,
809 2450 879 2485 est
922 2458 1099 2498 quoque
1136 2445 1239 2498 quia
1265 2444 1576 2498 jucunditates
1608 2445 1790 2488 illorum

289 2509 508 2552 inchoant
540 2523 567 2549 a
597 2522 747 2558 carne,
775 2514 823 2549 et
849 2508 970 2562 quod
996 2509 1087 2549 sint
1114 2509 1261 2549 carnis
1287 2509 1427 2550 etiam
1459 2510 1504 2550 in
1535 2510 1695 2563 spiritu
1723 2508 1788 2564 (n.

291 2584 388 2626 440,
420 2571 553 2626 441);
600 2578 647 2613 et
687 2585 793 2613 caro
824 2578 895 2613 est
936 2578 1097 2612 contra
1128 2572 1348 2624 spiritum,
1382 2573 1468 2614 hoc
1509 2580 1596 2622 est,
1630 2580 1791 2615 contra

290 2635 540 2691 spiritualia
561 2635 810 2676 ecclesiae:
845 2635 950 2676 inde
977 2635 1116 2676 etiam
1138 2634 1448 2687 jucunditates
1470 2637 1636 2677 amoris
1662 2649 1790 2678 scor-

291 2700 447 2741 tatorii
484 2705 707 2739 vocantur
737 2698 999 2751 voluptates
1032 2698 1247 2739 insaniae.
1308 2698 1355 2740 Si
1396 2699 1667 2740 desideratis
1706 2699 1790 2741 de-

291 2763 663 2810 monstrationes,
679 2762 804 2803 adite
819 2776 987 2816 quaeso
1002 2762 1117 2810 illos,
1134 2775 1247 2815 quos
1265 2763 1409 2804 nostis
1424 2763 1542 2804 tales
1557 2762 1790 2804 adulteros

293 2841 407 2876 esse,
441 2833 489 2867 et
525 2826 728 2880 quaerite
768 2826 813 2866 in
854 2825 1051 2875 occulto,
1085 2825 1192 2879 quid
1233 2827 1444 2879 cogitant
1484 2827 1541 2868 de
1583 2826 1698 2876 Deo,
1731 2826 1789 2868 de

292 2890 502 2939 ecclesia,
536 2896 583 2930 et
619 2889 676 2930 de
707 2889 803 2930 vita
833 2896 1035 2938 aeterna,
1068 2895 1115 2930 et
1146 2890 1353 2931 audietis.
1414 2889 1622 2931 Genuina
1653 2903 1791 2932 causa

293 2960 379 3002 est,
407 2953 511 3006 quia
536 2953 652 2992 sicut
678 2965 805 2993 amor
831 2951 1097 3005 conjugialis
1123 2953 1269 3005 aperit
1296 2953 1513 2994 interiora
1535 2954 1715 3003 mentis,
1739 2959 1789 2995 et

294 3016 357 3057 sic
384 3015 537 3057 elevat
569 3014 647 3057 illa
671 3028 806 3069 supra
831 3015 1059 3057 sensualia
1083 3017 1285 3069 corporis
1311 3030 1451 3071 usque
1482 3016 1527 3058 in
1560 3016 1705 3058 lucem
1738 3022 1784 3058 et
