2014 3386
324 341 381 384 42
789 338 1032 372 DELICIAE
1063 339 1369 372 SAPIENTIAE

326 458 419 498 post
435 451 598 488 delicias
615 462 696 488 non
715 451 815 487 fiant
831 451 985 494 maesti,
1002 458 1048 488 ut
1067 452 1190 498 aliqui
1216 452 1255 488 in
1276 452 1403 494 terris,
1421 453 1491 488 sed
1512 452 1668 495 hilares,
1686 459 1728 490 et
1745 452 1821 490 hoc

325 504 403 541 illis
423 511 486 541 est
506 516 555 540 ex
578 504 663 551 jugi
690 504 841 540 influxu
866 505 1085 541 recentium
1110 499 1254 541 uirium
1280 512 1372 552 post
1396 505 1559 553 priores,
1580 517 1682 553 quae
1706 517 1823 543 reno-

324 564 422 593 vant
439 564 480 594 et
496 558 615 594 simul
633 558 853 599 illustrant;
877 569 1018 594 omnes
1031 557 1138 594 enim
1150 558 1219 605 qui
1236 558 1277 594 in
1295 559 1448 594 caelum
1462 559 1638 600 veniunt,
1654 560 1823 596 redeunt

325 611 365 645 in
383 621 545 646 vernam
568 621 680 646 suam
704 611 969 657 juventutem,
988 611 1109 658 inque
1124 611 1229 648 vires
1253 612 1340 658 ejus
1360 612 1514 654 aetatis,
1533 619 1574 648 et
1589 612 1647 648 sic
1668 623 1823 659 perma-

324 671 421 699 nent
440 664 480 699 in
499 663 744 699 aeternum.''

395 717 493 752 Tres
514 716 656 752 novitii
683 716 745 752 his
765 716 924 759 auditis,
943 717 1140 759 dixerunt,
1159 721 1181 736 “
1195 716 1408 764 Legiturne
1426 717 1467 753 in
1487 717 1634 760 Verbo,
1652 719 1761 765 quod
1779 719 1820 754 in

323 770 435 805 caelo
453 780 534 805 non
553 770 701 805 dentur
717 770 892 816 nuptiae,
910 770 1005 816 quia
1020 776 1115 806 sunt
1132 771 1263 817 angeli
1275 770 1315 807 ?''

394 822 461 858 Ad
479 822 579 858 haec
596 822 759 869 spiritus
777 823 944 870 angelici
963 824 1265 870 responderunt,
1285 828 1306 842 ‘¹
1319 823 1518 870 Suspicite
1536 824 1576 860 in
1594 825 1760 867 caelum,
1779 831 1821 861 et

322 875 437 911 vobis
458 875 800 921 respondebitur.”

395 927 446 963 Et
463 929 759 975 quaesiverunt,
777 939 848 964 cur
868 928 1116 974 suspicerent
1134 929 1174 964 in
1192 929 1359 965 caelum.

394 980 604 1023 Dixerunt,
624 986 644 1001 ‘⁸
658 980 763 1028 Quia
787 982 880 1017 inde
905 988 999 1018 sunt
1016 981 1131 1018 nobis
1148 993 1287 1018 omnes
1309 982 1656 1028 interpretationes
1676 982 1821 1020 Verbi:

322 1033 498 1069 Verbum
516 1041 577 1070 est
596 1035 755 1080 penitus
772 1035 974 1080 spirituale
988 1046 996 1076 ;
1017 1041 1058 1070 et
1075 1035 1216 1082 angeli,
1231 1035 1326 1082 quia
1341 1043 1437 1072 sunt
1453 1036 1689 1083 spirituales,
1701 1037 1820 1072 doce-

321 1087 421 1122 bunt
439 1087 687 1133 spiritualem
707 1086 954 1124 intellectum
972 1087 1095 1134 eJ‘us.''

394 1139 445 1175 Et
462 1147 555 1186 post
571 1141 745 1187 aliquam
763 1151 915 1176 moram
933 1140 1187 1187 aperiebatur
1200 1141 1352 1176 caelum
1371 1152 1491 1187 supra
1506 1147 1627 1188 caput
1647 1141 1818 1183 illorum,

319 1199 361 1228 et
375 1193 415 1228 in
433 1192 694 1239 conspeRum
713 1193 871 1229 illorum
887 1200 1082 1230 venerunt
1096 1194 1178 1230 duo
1195 1194 1338 1240 angeli,
1357 1201 1397 1230 et
1415 1195 1614 1236 dixerunt,
1629 1199 1649 1213 “
1660 1194 1820 1231 Dantur

320 1246 483 1292 nuptiae
501 1246 541 1281 in
559 1246 690 1287 caelis,
704 1247 808 1282 sicut
828 1246 869 1282 in
889 1247 1026 1288 terris;
1051 1247 1121 1282 sed
1143 1258 1224 1282 non
1241 1247 1328 1283 aliis
1350 1247 1415 1288 ibi,
1433 1258 1553 1294 quarn
1571 1247 1640 1294 qui
1661 1247 1702 1283 in
1722 1258 1819 1284 con·

310 1299 430 1346 jugio
447 1299 542 1335 boni
569 1306 611 1335 et
627 1299 711 1335 veri
732 1306 836 1340 sunt,
856 1311 985 1346 neque
1003 1300 1069 1335 alii
1087 1306 1182 1336 sunt
1199 1300 1352 1347 angeli;
1377 1311 1499 1346 quare
1521 1300 1684 1346 nuptiae
1703 1300 1818 1347 spiri-

319 1352 458 1394 tuales,
485 1363 589 1398 quae
625 1359 721 1388 sunt
756 1353 935 1400 conjugii
964 1353 1060 1388 boni
1096 1359 1137 1388 et
1172 1353 1267 1394 veri,
1290 1353 1343 1388 ibi
1378 1353 1665 1399 intelliguntur.
1729 1353 1817 1389 Hae

317 1405 465 1440 dantur
486 1405 526 1440 in
547 1405 673 1446 terris,
692 1412 733 1441 et
751 1416 831 1441 non
850 1412 943 1451 post
959 1406 1126 1446 obitum,
1146 1405 1202 1442 ita
1221 1417 1302 1441 non
1325 1406 1364 1441 in
1382 1406 1522 1447 caelis;
1547 1406 1651 1442 sicut
1671 1406 1819 1442 dicitur

318 1458 368 1493 de
393 1458 570 1504 quinque
590 1458 813 1504 virginibus
839 1459 984 1500 stultis,
1007 1459 1047 1494 in
1069 1459 1229 1506 nuptias
1249 1459 1371 1494 etiam
1390 1459 1579 1500 invitatis,
1601 1459 1709 1506 quod
1734 1470 1815 1495 non

317 1510 524 1557 potuerint
549 1511 709 1552 intrare,
735 1511 830 1558 quia
855 1511 932 1548 illis
958 1523 1038 1547 non
1065 1511 1142 1547 fuit
1167 1512 1401 1559 eonjugium
1427 1512 1523 1547 boni
1548 1518 1589 1548 et
1613 1512 1708 1553 veri,
1734 1523 1816 1548 non

315 1564 424 1599 enim
445 1563 521 1599 fuit
543 1563 620 1600 illis
638 1564 783 1606 oleum,
805 1565 875 1600 sed
903 1565 1027 1601 modo
1047 1565 1272 1612 lampades;
1298 1576 1368 1611 per
1385 1565 1538 1600 ‘oleum
1551 1565 1560 1577 '
1581 1564 1817 1611 intelligitur

316 1617 480 1658 bonum,
501 1623 543 1652 et
571 1628 642 1663 per
663 1617 910 1664 ‘lampades'
930 1629 1091 1660 verum;
1125 1629 1173 1655 ac
1194 1618 1358 1665 ‘nuptui
1383 1618 1491 1660 dari,'
1513 1624 1575 1654 est
1601 1618 1748 1654 intrare
1774 1618 1815 1654 in

315 1670 481 1711 caelum,
500 1670 567 1705 ubi
587 1677 648 1706 est
666 1670 763 1706 illud
782 1671 1052 1718 conjugium.”

387 1723 485 1759 Tres
503 1723 657 1764 novitii,
677 1724 739 1759 his
755 1724 906 1760 auditis
931 1723 1135 1760 laetificati
1161 1730 1265 1764 sunt,
1284 1735 1330 1759 ac
1355 1723 1462 1770 pleni
1487 1723 1686 1759 desiderio
1703 1723 1814 1765 caeli,

315 1782 356 1811 et
374 1786 444 1821 spe
462 1776 690 1822 nuptiarum
713 1777 778 1818 ibi,
797 1784 838 1813 et
858 1777 1056 1819 dixerunt,
1075 1776 1365 1814 “studebimus
1386 1776 1602 1813 moralitati
1620 1783 1661 1813 et
1678 1776 1813 1813 decori

315 1828 433 1871 vitae,
452 1836 498 1865 ut
513 1829 620 1866 votis
638 1829 873 1877 potiamur.”

1000 2212 1125 2269 [ΠΙ]

550 2341 628 2383 DE
660 2340 831 2385 STATU
864 2342 1142 2394 CONJUGUM
1174 2352 1296 2385 POST
1327 2343 1570 2385 MORTEM.

395 2488 492 2534 45.
534 2478 669 2532 Quod
692 2478 905 2532 conjugia
930 2479 974 2519 in
997 2478 1134 2520 caelis
1156 2480 1261 2529 sint,
1286 2493 1396 2520 mox
1419 2492 1551 2533 supra
1572 2483 1805 2520 ostensum

311 2547 408 2594 est;
450 2542 521 2583 hic
555 2555 688 2592 nunc,
718 2556 825 2582 num
855 2542 1015 2583 foedus
1047 2542 1301 2594 conjugiale
1329 2541 1511 2596 pactum
1542 2542 1586 2582 in
1618 2541 1803 2590 mundo,

311 2618 570 2646 mansurum
602 2611 648 2646 et
689 2604 854 2646 stabile
887 2604 1084 2645 futurum
1116 2605 1178 2645 sit
1211 2612 1316 2657 post
1349 2611 1559 2653 mortem,
1593 2603 1666 2644 vel
1699 2617 1804 2644 non.

313 2668 415 2710 Hoc
447 2669 551 2722 quia
588 2682 679 2709 non
716 2675 787 2709 est
827 2681 899 2709 res
934 2667 1101 2720 judicii,
1135 2668 1215 2708 sed
1247 2668 1572 2720 experientiae,
1606 2673 1651 2708 et
1691 2667 1804 2707 haee

311 2731 418 2772 mihi
436 2731 545 2772 data
568 2738 638 2772 est
662 2745 740 2784 per
763 2731 1151 2771 consociationem
1169 2743 1271 2771 cum
1293 2729 1468 2782 angelis
1491 2736 1537 2770 et
1559 2729 1802 2782 spiritibus,

310 2808 337 2835 a
361 2808 433 2835 me
457 2794 729 2835 tradendum
757 2800 854 2844 est;
888 2799 934 2834 at
962 2807 1101 2846 usque
1127 2794 1205 2841 ita,
1230 2799 1278 2833 ut
1310 2806 1488 2846 quoque
1514 2793 1633 2833 ratio
1658 2792 1802 2833 adsti-

311 2858 503 2910 puletur.
565 2857 693 2897 Inter
713 2863 823 2897 vota
849 2863 896 2897 et
923 2856 1146 2897 desideria
1164 2855 1405 2908 conjugum
1428 2856 1566 2896 etiam
1591 2862 1662 2896 est
1688 2855 1803 2896 scire

310 2921 420 2962 illud
439 2935 449 2972 ;
475 2921 556 2961 viri
574 2921 692 2961 enim
711 2920 785 2973 qui
803 2925 1068 2960 amaverunt
1086 2932 1252 2959 uxores
1270 2932 1385 2966 suam,
1406 2918 1439 2958 si
1459 2924 1662 2958 mortuae
1679 2923 1801 2966 sunt,

309 2983 471 3026 volunt
493 2984 606 3025 scire
633 2996 739 3024 num
761 2983 878 3024 bene
903 2982 991 3023 illis
1017 2982 1090 3032 sit,
1113 2981 1320 3023 similiter
1345 2995 1511 3022 uxores
1537 2995 1650 3035 quae
1673 2993 1798 3021 ama-
