2014 3386
376 348 462 391 334
825 345 1155 379 VOLUPTATES
1185 345 1431 378 INSANIAE

372 473 426 502 ac
458 459 722 514 oppositum
762 459 807 500 in
848 459 1111 513 oppositum
1143 472 1234 500 non
1266 458 1402 500 aliter
1438 458 1550 512 agit,
1583 471 1718 514 quam
1750 458 1867 500 sicut

371 523 548 572 hostes,
576 536 766 577 quorum
792 535 906 563 unus
932 522 1129 576 flagrans
1154 523 1441 564 internecino
1467 522 1573 577 odio
1599 522 1872 575 aggreditur

371 586 568 628 alterurn
594 600 654 627 ex
679 585 840 635 furore,
864 586 981 627 alter
1007 600 1114 627 vero
1140 586 1184 626 in
1212 585 1338 626 nullo
1363 585 1470 626 odio
1496 592 1582 634 est,
1610 585 1692 626 sed
1718 584 1869 627 solum

370 650 416 691 in
434 649 534 690 zelo
556 663 603 690 se
622 649 804 690 tutandi
824 662 833 689 ε
867 663 926 690 ex
945 649 1103 702 quibus
1120 654 1266 701 patet,
1285 648 1405 702 quod
1423 649 1558 690 binae
1575 648 1682 689 illae
1701 647 1868 702 sphae-

369 726 446 753 rae
472 712 611 752 modo
638 712 721 752 sibi
747 712 951 760 obvient,
979 711 1060 752 sed
1087 724 1179 752 non
1210 725 1259 752 se
1290 711 1587 765 conjungant.
1648 711 1869 753 Intersti-

369 775 484 816 tium
507 775 720 823 medium,
743 775 863 828 quod
889 774 1073 823 faciunt,
1098 780 1169 815 est
1196 774 1253 815 ab
1275 787 1363 815 una
1384 781 1516 828 parte
1542 788 1602 816 ex
1625 774 1748 816 malo
1774 787 1866 815 non

368 837 469 879 salsi
495 845 542 879 et
568 852 628 878 ex
654 837 770 879 falso
797 851 887 878 non
910 837 1033 886 mali,
1054 843 1100 878 et
1127 838 1185 878 ab
1210 837 1358 878 altera
1381 844 1511 891 parte
1537 851 1597 879 ex
1622 837 1747 878 bono
1775 850 1866 878 non

368 901 463 941 veri
494 907 541 942 et
582 915 642 942 ex
674 914 783 942 vero
808 914 900 942 non
931 901 1054 949 boni,
1082 914 1197 954 quae
1234 900 1324 940 duo
1365 913 1413 941 se
1454 900 1637 954 quidem
1669 907 1867 953 possunt

368 965 653 1018 contingere,
681 964 761 1004 sed
789 977 929 1017 usque
962 977 1052 1004 non
1080 962 1367 1016 conjungere.

451 1036 581 1082 437.
615 1025 732 1081 (xii.)
769 1024 898 1076 Quod
907 1026 1025 1067 inter
1041 1026 1168 1067 binas
1187 1026 1293 1067 illas
1311 1025 1532 1079 sphaeras
1550 1025 1866 1079 aequilibrium

366 1090 442 1139 sit,
469 1097 512 1130 et
541 1090 663 1143 quod
681 1089 806 1131 homo
835 1089 882 1130 in
912 1089 990 1130 illo
1015 1088 1484 1143 sz't.—Aequilibrium
1510 1090 1629 1131 inter
1655 1089 1760 1131 illas
1791 1095 1864 1131 est

367 1153 680 1207 aequilibrium
711 1153 961 1206 spirituale,
995 1153 1098 1207 quia
1130 1159 1200 1194 est
1233 1153 1353 1193 inter
1382 1153 1552 1193 bonum
1585 1158 1632 1194 et
1665 1152 1863 1204 malum;

366 1230 428 1258 ex
459 1217 547 1258 hoc
574 1216 841 1270 aequilibrio
868 1222 939 1258 est
971 1216 1145 1257 homini
1173 1215 1362 1256 liberum
1390 1216 1655 1257 arbitrium:
1698 1216 1743 1256 in
1775 1215 1862 1257 hoc

366 1286 414 1322 et
440 1294 520 1334 per
545 1279 632 1321 hoe
659 1280 799 1321 homo
825 1279 1001 1333 cogitat
1027 1285 1074 1320 et
1106 1278 1219 1328 vult,
1247 1285 1294 1320 et
1326 1279 1431 1320 inde
1458 1278 1658 1333 loquitur
1685 1285 1732 1320 et
1763 1279 1862 1333 agit

365 1344 485 1384 sicut
516 1357 577 1384 ex
608 1356 670 1384 se.
731 1342 979 1384 Rationale
1011 1342 1105 1395 ejus
1147 1343 1190 1383 in
1233 1342 1421 1396 optione
1453 1348 1500 1383 et
1533 1340 1757 1383 electione
1787 1349 1863 1384 est

366 1419 473 1447 num
517 1405 631 1447 velit
675 1406 876 1459 recipere
907 1406 1091 1454 bonum,
1124 1406 1219 1446 sive
1263 1404 1377 1446 velit
1418 1405 1618 1458 recipere
1658 1404 1859 1455 malum;

365 1469 556 1523 proinde
587 1469 683 1510 sive
714 1469 825 1510 velit
857 1468 1145 1510 rationaliter
1175 1482 1235 1509 ex
1273 1467 1414 1508 libero
1445 1481 1494 1508 se
1526 1468 1769 1521 disponere
1800 1467 1858 1508 ad

364 1545 569 1573 amorem
600 1531 919 1586 conjugialem,
953 1532 1047 1573 sive
1077 1531 1190 1572 velit
1222 1531 1509 1572 rationaliter
1539 1544 1598 1571 ex
1635 1530 1779 1572 libero
1810 1543 1861 1571 se

364 1596 607 1649 disponere
648 1596 706 1636 ad
747 1608 950 1636 amorem
981 1595 1329 1636 scortatorium:
1376 1594 1411 1634 si
1453 1593 1511 1634 ad
1552 1593 1685 1642 hunc,
1718 1593 1859 1635 vertit

364 1659 627 1712 occipitium
642 1664 688 1699 et
707 1664 887 1711 tergum
905 1657 962 1698 ad
982 1658 1260 1708 Dominum·;
1287 1657 1324 1697 si
1341 1657 1397 1697 ad
1416 1656 1560 1705 illum,
1580 1656 1719 1697 vertit
1736 1655 1858 1697 fron-

363 1722 592 1774 tispicium
615 1727 662 1763 et
685 1719 843 1774 peetus
865 1721 923 1762 ad
947 1720 1221 1771 Dominum;
1254 1721 1291 1760 si
1313 1719 1370 1760 ad
1394 1719 1654 1768 Dominum,
1678 1719 1856 1760 ducitur

363 1783 459 1838 ejus
490 1784 780 1826 rationalitas
812 1790 859 1825 et
900 1783 1089 1825 libertas
1125 1783 1183 1824 ab
1223 1783 1357 1836 Ipso;
1405 1783 1441 1823 si
1481 1788 1636 1823 autem
1667 1787 1791 1823 retro
1830 1795 1857 1823 a

363 1847 579 1896 Domino,
608 1847 788 1888 ducitur
813 1847 906 1900 ejus
931 1847 1219 1888 rationalitas
1245 1852 1290 1888 et
1316 1845 1503 1887 libertas
1528 1845 1586 1886 ab
1609 1844 1797 1886 inferno.

446 1912 581 1965 438.
615 1910 750 1964 (xiii.)
787 1911 915 1962 Quod
939 1910 1064 1951 homo
1094 1924 1141 1951 se
1174 1916 1423 1950 convertere
1444 1908 1593 1962 possit
1627 1908 1693 1950 ad
1721 1921 1855 1962 quam

362 1973 603 2027 sphaeram
633 1973 748 2023 libet,
782 1974 865 2015 sed
890 1973 1009 2027 quod
1034 1979 1245 2026 quantum
1283 1985 1331 2013 se
1367 1971 1579 2012 convertit
1607 1971 1673 2012 ad
1703 1984 1850 2020 unam,

362 2044 536 2080 tantum
566 2044 745 2079 avertat
782 2051 829 2078 se
866 2037 922 2078 ab
952 2036 1329 2078 altera.-H0mo
1360 2042 1541 2077 creatus
1581 2041 1669 2083 est,
1702 2040 1752 2076 ut
1793 2048 1853 2076 ex

362 2101 506 2143 libero
528 2101 775 2142 secundum
793 2101 1031 2149 rationem,
1052 2113 1105 2141 ac
1129 2113 1310 2153 prorsus
1329 2099 1444 2140 sicut
1467 2112 1493 2139 a
1514 2112 1577 2147 se,
1598 2104 1708 2151 agat
1731 2097 1852 2152 quod

362 2166 487 2219 agit;
518 2165 689 2218 absque
715 2164 784 2205 his
810 2164 984 2204 duobus
1011 2176 1102 2204 non
1126 2162 1242 2203 soret
1268 2162 1421 2210 hom0‚
1445 2162 1524 2203 sed
1551 2161 1726 2202 bestia:
1759 2173 1852 2202 non

362 2229 483 2270 enirn
514 2228 738 2281 reciperet
769 2226 937 2280 aliquid
969 2225 1153 2266 influum
1194 2239 1218 2266 e
1262 2225 1392 2266 caelo
1423 2225 1480 2265 ad
1512 2238 1574 2273 se,
1608 2237 1660 2265 ac
1693 2223 1737 2264 id
1768 2222 1852 2264 sibi

361 2292 677 2346 appropriaret
703 2296 752 2331 ut
779 2302 921 2338 suum,
949 2295 996 2330 et
1022 2289 1127 2330 inde
1153 2301 1243 2329 non
1271 2294 1427 2342 posset
1459 2288 1500 2329 ei
1531 2287 1701 2341 aliquid
1728 2286 1851 2328 vitae

361 2362 578 2396 aeternae
604 2353 812 2404 inscribi;
845 2352 931 2393 hoc
959 2352 1079 2393 enim
1106 2352 1190 2392 erit
1217 2351 1257 2392 ei
1288 2351 1556 2404 inscriptum
1583 2356 1631 2391 ut
1661 2349 1771 2402 ejus,
1798 2354 1850 2389 ut

361 2419 421 2460 sit
448 2432 552 2458 suus
575 2431 584 2468 ;
617 2423 664 2458 et
691 2417 793 2470 quia
819 2429 910 2457 non
933 2416 1066 2456 datur
1087 2414 1271 2468 aliquod
1295 2413 1482 2454 liberum
1507 2413 1563 2454 ad
1590 2425 1724 2454 unam
1748 2425 1850 2466 par-

361 2487 472 2529 tem,
496 2480 580 2521 nisi
602 2480 742 2521 etiam
765 2478 909 2519 simile
932 2478 990 2519 sit
1016 2477 1073 2518 ad
1097 2476 1304 2525 alteram,
1329 2477 1444 2517 sicut
1467 2475 1590 2517 nulla
1611 2474 1851 2517 trutinatio

361 2544 446 2585 nisi
483 2544 639 2584 lances
679 2556 739 2583 ex
771 2541 1034 2595 aequilibrio
1066 2540 1243 2594 possint
1275 2541 1484 2593 utrinque
1524 2538 1751 2593 pro'tendi,
1783 2537 1850 2578 ita

361 2607 445 2648 nisi
471 2606 659 2647 liberum
686 2606 745 2646 sit
771 2604 944 2646 homini
969 2618 1029 2645 ex
1056 2604 1233 2644 ratione
1259 2603 1398 2643 etiam
1425 2601 1643 2643 accedere
1669 2600 1726 2641 ad
1752 2613 1848 2641 ma-

361 2669 468 2717 lum,
497 2669 559 2710 sic
587 2682 613 2709 a
638 2668 807 2709 dextro
833 2668 890 2709 ad
917 2667 1148 2708 sinistrum
1175 2671 1221 2706 et
1253 2679 1280 2706 a
1310 2666 1496 2706 sinistro
1522 2664 1579 2705 ad
1613 2664 1846 2711 dextrum,

360 2731 571 2774 similiter
595 2731 653 2772 ad
679 2731 918 2785 sphaeram
944 2728 1225 2777 infernalem,
1254 2742 1369 2782 quae
1395 2734 1467 2769 est
1498 2727 1691 2781 sphaera
1715 2724 1847 2767 adul-

359 2796 476 2844 terii,
500 2795 616 2836 sicut
643 2794 701 2835 ad
726 2794 966 2847 sphaeram
993 2791 1239 2833 caelestem
1267 2805 1382 2845 quae
1408 2796 1479 2831 est
1505 2788 1714 2842 conjugii.

443 2867 581 2912 439.
614 2855 747 2911 (Χίν.)
784 2856 911 2907 Quod
935 2862 1122 2908 utraque
1149 2853 1346 2906 sphaera
1376 2866 1517 2895 secum
1535 2853 1668 2904 serat
1680 2851 1843 2906 jucun-

360 2919 841 2967 dz·tates.—-Vide1icet,
875 2918 994 2972 quod
1031 2923 1126 2958 tam
1163 2916 1358 2969 sphaera
1388 2916 1554 2956 amoris
1585 2912 1844 2955 scortatorii

360 2998 475 3039 quae
501 2983 709 3025 ascendit
736 2996 795 3023 ex
826 2982 1013 3030 inferno,
1042 2992 1177 3033 quam
1203 2979 1396 3033 sphaera
1420 2978 1586 3019 amoris
1611 2976 1840 3030 conjugia-
