2014 3386
451 345 519 378 DE
552 344 731 378 AMORE
761 344 1189 389 CONJUGIAL1.—N.
1221 314 1481 390 156fisecund01.
1646 349 1722 392 133

224 457 318 499 lari:
343 463 405 494 est
422 458 536 494 nobis
554 468 767 493 commune
785 458 957 499 beatum,
972 469 1185 494 commune
1202 458 1436 504 jucundum,
1452 464 1492 494 et
1511 469 1724 495 commune

224 521 450 552 amoenum,
468 522 517 546 ex
542 511 846 557 particularibus
872 522 1041 547 uxorum
1065 518 1312 553 nostrarum;
1338 518 1380 547 et
1402 512 1480 548 hoc
1500 523 1724 553 commune,

225 564 334 610 quod
353 563 468 599 nobis
485 570 546 599 est
563 574 612 599 ex
631 564 719 604 illis,
737 571 798 600 est
817 564 920 599 sicut
937 575 1123 600 serenum
1143 564 1287 611 pacis.''

298 616 373 652 His
395 615 521 657 dietis,
540 627 633 652 ecce
650 623 760 652 trans
778 617 993 653 fenestram
1012 618 1228 663 apparebat
1245 617 1334 653 olor
1351 623 1461 653 stans
1479 628 1599 663 super
1616 628 1727 653 ramo

225 669 333 710 ficus,
349 675 390 705 et
407 670 590 715 expansit
604 670 697 711 alas,
713 677 753 705 et
772 670 958 706 evolavit.
1010 670 1102 706 Hoc
1119 670 1218 711 viso,
1233 671 1421 706 dicebant
1440 670 1583 711 mariti,
1600 675 1620 688 “
1635 670 1724 706 Hoc

225 722 340 758 nobis
358 729 420 758 est
433 722 592 769 signum
607 723 756 759 silentii
770 723 819 759 de
837 734 974 759 amore
987 723 1226 771 eonjugiali;
1252 723 1336 759 redi
1350 734 1421 771 per
1432 723 1552 766 vices,
1567 729 1609 759 et
1622 723 1726 759 forte

226 775 340 821 plura
356 775 636 821 detegentur.”
703 809 708 814 ,

296 827 358 865 Ac
375 835 646 865 recesserunt:
672 835 713 865 et
730 829 940 867 abivimus,

861 1207 863 1209 ,
888 1163 1060 1220 [vm]

227 1294 304 1337 DE
336 1294 733 1348 CONJUNCTIONE
765 1294 1061 1338 ANIMARUM
1092 1305 1157 1337 ET
1183 1296 1438 1339 MENTIUM
1470 1307 1566 1338 PER
1592 1295 1728 1339 CON-

395 1368 598 1412 JUGIUM,
627 1368 763 1410 QUAE
795 1369 1165 1401 INTELLIGITUR
1191 1369 1286 1401 PER
1313 1361 1512 1403 DOMINI
1538 1370 1723 1412 VERBA,

397 1431 538 1473 QUOD
569 1431 678 1464 NON
710 1431 931 1464 AMPLIUS
963 1431 1080 1464 SINT
1112 1431 1231 1473 Duo,
1265 1432 1359 1465 SED
1391 1433 1499 1466 UNA
1529 1432 1682 1466 cARO.

312 1558 612 1612 156[secund0].
653 1556 788 1611 Quod
820 1557 917 1598 viro
949 1563 996 1599 et
1033 1557 1227 1599 feminae
1259 1571 1286 1598 a
1317 1558 1551 1600 creatione
1582 1558 1728 1600 indita

229 1621 287 1663 sit
305 1621 540 1662 inclinatio
558 1627 604 1662 et
620 1635 797 1675 quoque
814 1620 1008 1662 facultas
1027 1619 1358 1674 conjunfflonis
1376 1622 1492 1663 sicut
1509 1622 1552 1662 in
1572 1635 1725 1672 unum,

228 1691 276 1726 et
302 1685 423 1739 quod
455 1691 645 1738 utraque
677 1684 755 1725 illa
781 1685 876 1725 viro
902 1691 949 1726 et
982 1685 1176 1725 feminae
1208 1685 1316 1726 insit
1349 1684 1511 1734 adhuc,
1540 1691 1727 1727 constat

229 1762 288 1789 ex
310 1747 449 1788 Libro
474 1747 740 1797 Creadonis,
766 1754 813 1789 et
836 1747 968 1788 simul
992 1762 1051 1789 ex
1076 1748 1261 1789 Domini
1287 1748 1451 1790 verbis.
1512 1748 1565 1789 In
1589 1747 1729 1790 Libro

232 1810 498 1861 creationis,
523 1812 596 1865 qui
623 1817 815 1853 vocatur
843 1811 1042 1861 Genesis,
1071 1811 1257 1865 legitur,

295 1907 485 1951 “Jehovah
505 1908 602 1940 Deus
619 1908 819 1940 aedificavit
833 1914 980 1946 costam,
995 1917 1101 1949 quam
1116 1914 1320 1948 sumpserat
1332 1908 1376 1940 de
1393 1908 1551 1947 homine,
1570 1908 1605 1941 in
1624 1908 1730 1940 muli-

403 1962 499 1984 erem
515 1962 522 1990 ς
548 1960 582 1983 et
595 1953 742 1984 adduxit
756 1962 835 1984 eam
850 1953 894 1983 ad
911 1953 1094 1984 hominem
1111 1962 1118 1990 ;
1143 1958 1178 1983 et
1195 1953 1284 1984 dixit
1301 1953 1420 1990 homo,
1438 1952 1538 1984 Haec
1556 1953 1632 1984 vice
1649 1953 1726 1989 hac,

405 2006 446 2028 os
467 1997 511 2028 de
532 1997 675 2027 ossibus
694 1997 782 2028 meis
807 2003 843 2028 et
867 2006 950 2028 caro
970 1997 1014 2027 de
1034 2006 1141 2027 carne
1162 2005 1264 2034 mea;
1288 1996 1369 2028 huic
1389 1997 1576 2028 vocabitur
1593 2006 1728 2027 nomen

405 2039 534 2072 Ischah
552 2042 756 2078 [ususiuuL
771 2041 854 2081 quia
866 2041 910 2071 de
927 2040 1007 2071 Isch
1021 2039 1112 2080 (viro
1130 2041 1252 2078 [usn]),
1268 2046 1412 2080 sumpta
1425 2046 1480 2071 est
1492 2040 1599 2072 haec:
1622 2049 1730 2080 prop-

404 2089 503 2115 terea
518 2084 741 2124 derelinquet
758 2085 812 2115 vir
829 2090 966 2124 patrem
985 2094 1089 2115 suurn
1107 2090 1142 2115 et
1160 2091 1311 2115 matrem
1330 2093 1443 2122 suam,
1462 2090 1498 2115 et
1516 2084 1729 2116 adhaerebit

404 2128 507 2159 uxori
524 2137 620 2166 suae,
638 2135 673 2159 et
690 2134 794 2159 erunt
808 2128 844 2159 in
862 2137 1007 2159 carnem
1024 2137 1134 2159 unam
1146 2127 1164 2140 '¹
1182 2127 1271 2168 (cap.
1290 2127 1322 2160 ii.
1341 2127 1474 2167 22-24).

230 2213 403 2258 Similia
425 2216 564 2257 etiam
591 2215 710 2257 dixit
737 2216 961 2257 Dominus
987 2216 1106 2270 apud
1131 2215 1446 2258 Matthaeum:

297 2299 462 2332 “Annon
479 2299 628 2340 legistis,
646 2300 742 2341 quod
764 2299 828 2331 Ille
846 2300 904 2341 qui
922 2300 1006 2331 fecit
1022 2301 1067 2331 ab
1085 2300 1187 2331 initio
1205 2299 1403 2331 masculum
1423 2305 1458 2331 et
1475 2298 1677 2338 feminam„
1692 2324 1700 2331 .
1713 2323 1722 2332 .

405 2344 504 2382 dixit,
527 2344 721 2384 Propterea
744 2344 885 2376 deseret
908 2344 1018 2375 homo
1043 2351 1180 2384 patrem
1209 2350 1245 2375 et
1273 2350 1436 2381 matrem,
1461 2349 1497 2375 et
1520 2344 1728 2375 adhaerebit

406 2388 507 2419 uxori
525 2397 621 2425 suae,
639 2393 675 2419 et
691 2394 795 2419 erunt
808 2387 878 2419 duo
896 2388 932 2418 in
947 2397 1091 2419 carnem
1109 2397 1219 2419 unam
1234 2397 1241 2427 ;
1266 2397 1375 2429 quare
1393 2397 1467 2419 non
1483 2387 1638 2428 amplius
1655 2387 1727 2418 duo

406 2437 500 2470 sunt,
517 2431 580 2463 sed
597 2441 670 2464 una
685 2430 810 2464 car0?''
828 2430 917 2472 (cap.
935 2431 1005 2464 xix.
1021 2440 1052 2471 4,
1073 2430 1116 2472 5.)

233 2521 309 2562 Ex
334 2520 405 2562 his
431 2526 578 2575 patet,
606 2520 727 2575 quod
754 2520 922 2562 femina
947 2527 1104 2562 creata
1129 2520 1189 2562 sit
1221 2534 1281 2562 ex
1307 2520 1419 2570 viro,
1448 2525 1495 2561 et
1522 2519 1642 2574 quod
1669 2519 1728 2559 sit

233 2585 410 2638 utrique
448 2590 495 2626 et
533 2584 769 2625 inclinatio
807 2591 854 2626 et
890 2584 1086 2626 facultas
1123 2584 1360 2625 reuniendi
1398 2597 1447 2624 se
1478 2583 1523 2624 in
1556 2595 1726 2632 unum;

234 2649 355 2701 quod
381 2648 425 2689 in
453 2661 589 2688 unum
614 2647 860 2698 hominem,
889 2654 1020 2701 patet
1047 2647 1187 2688 etiam
1214 2661 1273 2688 ex
1299 2646 1436 2688 Libro
1461 2645 1726 2693 creationis,

234 2711 308 2752 ubi
330 2717 519 2765 uterque
542 2711 674 2752 simul
700 2711 865 2752 dicitur
894 2710 1089 2752 “Homo
1106 2710 1140 2762 ;''
1173 2710 1340 2763 legitur
1366 2710 1501 2759 enim,

301 2800 320 2815 ⁸¹
331 2800 411 2842 Quo
424 2801 481 2832 die
495 2800 629 2832 creavit
644 2800 742 2832 Deus
755 2801 967 2838 hominem„
982 2825 990 2832 .
1003 2824 1011 2832 .
1026 2800 1238 2832 ,masculum
1253 2806 1289 2831 et
1302 2799 1473 2830 feminam
1488 2797 1622 2830 creavit
1636 2797 1728 2835 illos,

415 2868 424 2878 .
437 2868 445 2877 .
459 2851 510 2876 ,et
526 2845 669 2876 vocavit
686 2854 819 2876 nomen
837 2844 979 2876 illorum
996 2843 1118 2875 Homo
1130 2842 1148 2855 '¹
1165 2841 1296 2885 ([Gen.]
1315 2853 1390 2883 cap.
1405 2853 1437 2875 v.
1460 2839 1522 2884 [1‚]
1542 2842 1575 2881 2)
1591 2850 1598 2880 ;

235 2931 405 2985 legitur
434 2932 508 2979 ibi,
546 2931 784 2973 “Vocavit
817 2925 985 2973 nomen
1022 2931 1202 2972 illorum
1236 2930 1431 2978 Adam‚'’
1463 2929 1541 2970 sed
1575 2928 1728 2969 Adam

238 3003 400 3043 [unum]
427 3002 474 3036 et
499 2994 653 3036 Homo
675 3002 781 3037 sunt
805 3009 894 3036 una
915 3009 1008 3036 vox
1031 2996 1075 3035 in
1099 2995 1254 3048 lingua
1278 2994 1515 3035 Hebraea:
1549 2993 1727 3045 insuper
