2014 3386
545 355 612 387 DE
644 353 825 387 AMORE
856 350 1284 395 CONJUGIAL1.—N.
1313 340 1407 394 265.
1639 351 1722 396 207

299 469 419 517 264.
455 468 554 504 Post
572 468 671 504 haec
689 467 832 503 iterum
851 465 1006 513 aperuit
1025 476 1066 501 se
1084 471 1202 505 terra,
1217 464 1286 500 sed
1305 463 1355 499 ad
1374 463 1570 503 dextrum,
1588 470 1629 499 et
1646 464 1728 499 vidi

227 530 506 571 exsurgentem
527 522 648 558 alium
671 521 887 562 diabolum,
906 530 1027 566 super
1046 518 1161 565 cujus
1186 518 1317 564 capite
1342 524 1428 553 erat
1449 517 1552 553 sicut
1572 517 1728 558 cidaris,

228 577 517 613 circumvoluta
533 575 650 622 spiris
666 581 858 621 tanquam
876 573 1039 614 colubri,
1058 573 1172 619 cujus
1193 578 1315 618 caput
1335 582 1357 607 e
1374 571 1525 607 vertice
1545 571 1728 607 eminuit.

229 630 368 666 Facies
380 630 416 665 ei
430 636 515 665 erat
527 629 686 675 leprosa
698 639 722 663 a
735 628 868 663 fronte
881 627 931 662 ad
946 633 1137 666 mentum,
1152 632 1193 661 et
1206 636 1367 672 quoque
1381 631 1549 670 utraque
1564 635 1705 660 manus
1720 637 1728 665 ;

227 683 352 718 lumbi
370 689 484 718 erant
501 683 597 717 nudi
615 688 656 717 et
673 681 748 717 atri
765 681 869 716 sicut
886 680 1022 726 fuligo,
1042 690 1113 726 per
1129 690 1248 725 quam
1269 678 1372 725 ignis
1390 678 1495 714 sicut
1514 677 1594 713 foci
1615 677 1728 713 furve

227 735 482 782 transparuit,
501 742 541 770 et
557 735 628 770 tali
648 735 797 781 pedum
815 733 919 769 sicut
938 733 1039 768 duae
1056 732 1228 778 viperae.

299 789 415 823 Prior
444 788 627 823 diabolus
658 787 736 823 hoc
766 787 856 822 viso
886 786 1061 832 conjecit
1091 796 1134 821 se
1163 795 1285 831 super
1307 794 1449 832 genua,
1476 789 1518 819 et
1546 783 1728 819 adoravit

227 841 351 877 illum.
402 840 604 888 Quaesivi,
624 846 644 859 “
657 840 740 876 Cur
758 840 813 875 ita
824 839 865 875 ?'’

301 894 422 934 Dixit,
443 900 463 912 ‘⁴
476 894 547 929 Est
565 894 630 929 ille
649 893 759 928 Deus
776 892 874 928 caeli
892 898 933 928 et
953 898 1093 932 terrae,
1112 897 1252 936 estque
1269 889 1563 936 omnipotens.”

301 947 352 982 Et
368 954 465 982 tunc
483 946 662 993 quaesivi
681 947 798 987 hunc,
818 945 960 992 “Quid
978 952 1023 980 tu
1042 944 1141 979 dicis
1158 944 1208 979 ad
1229 944 1306 979 hoc
1318 943 1358 979 ?''

301 998 539 1046 Respondit,
555 999 694 1046 “Quid
714 998 873 1034 dicam?
899 1005 960 1034 est
979 997 1076 1032 mihi
1096 997 1226 1032 omnis
1246 1003 1424 1042 potestas
1442 1007 1561 1042 super
1573 996 1726 1031 caelum

227 1059 268 1089 et
286 1052 499 1092 infernum,
518 1064 603 1088 sors
622 1053 802 1087 omnium
820 1051 1042 1086 animarum
1062 1057 1124 1086 est
1143 1050 1182 1085 in
1202 1061 1290 1085 mea
1309 1049 1466 1085 manu.''

301 1106 353 1142 Et
381 1105 560 1152 quaesivi
588 1106 743 1145 iterum,
767 1104 1016 1152 “Quomodo
1046 1110 1183 1150 potest
1214 1103 1289 1143 ille,
1316 1102 1384 1149 qui
1415 1108 1476 1138 est
1510 1101 1729 1148 imperator

228 1159 525 1206 imperatorum,
545 1160 601 1194 ita
618 1170 660 1194 se
678 1158 924 1198 submittere,
944 1164 984 1193 et
1001 1164 1044 1193 tu
1063 1157 1338 1193 adorationem
1361 1157 1534 1202 recipere
1546 1156 1585 1191 ?''

301 1213 536 1259 Respondit,
553 1213 655 1248 “Est
668 1222 794 1258 usque
809 1222 920 1247 meus
934 1221 1072 1247 servus
1085 1222 1092 1251 ;
1117 1211 1213 1256 quid
1231 1211 1448 1256 imperator
1458 1221 1594 1245 coram
1611 1209 1727 1244 Deo?

228 1272 288 1302 est
306 1266 345 1301 in
364 1267 505 1301 dextra
522 1277 612 1301 mea
629 1265 782 1300 fulmen
800 1263 1210 1300 excommunicandi.’'

302 1319 351 1354 Et
365 1326 462 1354 tunc
476 1319 557 1354 dixi
573 1319 640 1359 illi,
656 1318 904 1365 “Quomodo
919 1324 1034 1363 potes
1050 1317 1106 1352 ita
1120 1316 1320 1352 insanire?
1358 1316 1505 1352 Fueras
1520 1316 1559 1351 in
1575 1317 1728 1351 mundo

227 1372 358 1408 solum
373 1372 610 1413 canonicus;
632 1377 673 1407 et
687 1371 781 1418 quia
795 1370 1005 1417 phantasia
1015 1370 1214 1411 laborasti,
1227 1370 1334 1416 quod
1349 1369 1422 1405 tibi
1434 1369 1553 1405 etiam
1566 1368 1729 1404 fuerunt

227 1426 371 1466 claves,
391 1436 436 1460 ac
455 1426 547 1461 inde
568 1431 747 1471 potestas
772 1423 923 1471 ligandi
943 1430 985 1459 et
1006 1423 1199 1463 solvendi,
1214 1423 1396 1469 spiritum
1418 1429 1530 1458 tuum
1555 1422 1594 1457 in
1621 1422 1729 1458 hunc

227 1479 393 1525 gradum
412 1479 597 1514 vesaniae
615 1488 814 1518 evexeras,
832 1483 877 1512 ut
895 1487 1000 1512 nunc
1017 1476 1156 1512 credas
1174 1476 1282 1523 quod
1301 1476 1355 1511 sis
1373 1476 1456 1521 ipse
1477 1475 1621 1511 Deus.’'

300 1532 365 1567 Ad
393 1531 492 1567 haec
520 1531 749 1577 indignatus
769 1530 918 1576 juravit
939 1529 1046 1576 quod
1074 1530 1137 1570 sit,
1158 1536 1200 1564 et
1225 1529 1333 1575 quod
1365 1528 1541 1564 Domino
1568 1539 1649 1564 non
1675 1528 1728 1563 sit

228 1585 362 1631 aliqua
378 1592 557 1631 potestas
572 1585 611 1630 in
625 1584 748 1624 caelo,
764 1584 891 1629 “quia
904 1594 1064 1619 omnem
1078 1583 1339 1618 transtulerat
1358 1582 1397 1617 in
1412 1593 1504 1623 nos:
1530 1593 1611 1617 non
1626 1592 1727 1627 opus

230 1638 434 1678 habemus,
463 1648 583 1684 quam
612 1645 656 1673 ut
686 1638 932 1676 mandemus,
958 1647 1004 1672 ac
1029 1636 1182 1671 caelum
1208 1642 1249 1671 et
1275 1635 1473 1670 infernum
1500 1641 1728 1670 reverenter

228 1691 448 1732 obediunt;
474 1692 507 1726 si
527 1688 724 1726 inittimus
737 1691 910 1736 aliquem
927 1689 966 1724 in
986 1689 1195 1729 infernum,
1211 1689 1358 1724 diaboli
1376 1688 1510 1724 statim
1530 1689 1727 1735 recipiunt

229 1744 355 1784 illum,
374 1744 558 1779 similiter
574 1743 705 1790 angeli
728 1744 840 1779 illum
858 1754 976 1789 quern
997 1742 1193 1777 mittimus
1212 1742 1251 1777 in
1270 1741 1460 1777 caelum.''

300 1796 489 1844 Quaesivi
509 1808 639 1843 porro,
659 1796 803 1844 “Quot
820 1796 916 1832 estis
936 1795 974 1831 in
989 1795 1180 1831 societate
1199 1795 1380 1831 vestra?''

301 1850 424 1892 Dixit,
444 1850 676 1891 “Trecenti,
696 1857 738 1885 et
758 1860 898 1885 omnes
926 1849 979 1884 ibi
1006 1859 1143 1884 sumus
1165 1848 1232 1889 dii,
1254 1859 1329 1895 ego
1349 1854 1483 1884 autern
1507 1847 1604 1884 deus
1631 1849 1726 1883 deo-

230 1903 356 1939 rum.”

303 1956 402 1992 Post
418 1955 518 1991 haec
535 1956 690 2002 aperuit
709 1966 750 1991 se
768 1962 874 1991 terra
891 1955 966 1990 sub
987 1954 1156 2000 pedibus
1174 1954 1393 1999 utriusque.
1404 1961 1445 1990 et
1460 1954 1727 1990 subsederunt

230 2009 427 2056 profunde
458 2009 498 2044 in
528 2020 600 2045 sua
630 2008 805 2049 inferna;
835 2015 877 2044 et
901 2008 1040 2043 datum
1067 2014 1129 2043 est
1154 2008 1300 2047 videre,
1326 2008 1435 2053 quod
1460 2007 1535 2042 sub
1562 2006 1726 2043 infernis

230 2062 387 2098 illorum
406 2069 542 2098 essent
559 2062 772 2108 ergastula,
793 2061 832 2096 in
851 2072 953 2107 quae
971 2061 1204 2096 deciderent
1223 2060 1289 2100 illi,
1307 2060 1374 2106 qui
1393 2060 1540 2095 damna
1557 2059 1644 2095 aliis
1667 2060 1725 2094 in-
1781 2068 1787 2073 ·

230 2114 381 2156 ferunt;
406 2115 532 2151 cuivis
551 2115 656 2151 enirn
686 2115 725 2150 in
748 2114 903 2150 inferno
925 2113 1163 2160 relinquitur
1179 2124 1251 2148 sua
1268 2113 1488 2159 phantasia,
1507 2119 1548 2148 et
1565 2123 1725 2159 quoque

228 2168 414 2215 gloriatio
433 2169 471 2203 in
492 2169 568 2209 illa,
588 2169 656 2203 sed
677 2179 756 2203 non
778 2167 872 2203 licet
890 2168 1038 2202 malurn
1061 2166 1189 2202 facere
1207 2166 1334 2201 alteri.
1384 2165 1503 2213 Quod
1525 2166 1624 2202 tales
1645 2166 1725 2201 sint

230 2221 294 2261 ibi,
312 2228 374 2257 est
391 2221 484 2267 quia
501 2221 624 2256 homo
644 2228 741 2256 tunc
762 2227 823 2256 est
846 2220 885 2256 in
907 2231 982 2256 suo
1004 2220 1159 2266 spiritu,
1178 2230 1225 2254 ac
1242 2219 1415 2265 spiritus,
1434 2226 1645 2265 postquam
1665 2230 1724 2254 se—

230 2280 389 2320 paratus
407 2281 468 2309 est
485 2285 509 2309 a
528 2285 705 2320 corpore,
724 2274 835 2309 venit
854 2274 893 2308 in
915 2274 1073 2319 plenam
1094 2273 1317 2308 libertatem
1338 2271 1482 2319 agendi
1504 2272 1723 2308 secundum

229 2327 315 2373 ejus
332 2326 565 2363 affectiones
583 2334 624 2362 et
642 2327 734 2362 inde
752 2327 1030 2373 cogitationes.

303 2379 450 2416 Postea
467 2381 603 2415 datum
622 2387 683 2416 est
705 2380 898 2426 inspicere
921 2380 960 2415 in
987 2379 1144 2414 illorum
1164 2377 1338 2419 inferna;
1363 2389 1410 2413 ac
1428 2377 1638 2417 infernum,
1657 2377 1723 2412 ubi

230 2439 343 2468 erant
364 2432 622 2479 imperatores
644 2433 929 2478 imperatorum
955 2443 1001 2468 ac
1022 2443 1133 2478 reges
1152 2443 1300 2478 regum,
1319 2438 1404 2467 erat
1431 2431 1593 2476 plenum
1615 2430 1723 2465 omni

231 2485 494 2526 immunditie,
520 2496 566 2521 ac
594 2486 648 2521 illi
674 2486 749 2521 visi
776 2492 870 2522 sunt
896 2485 999 2521 sicut
1023 2485 1155 2520 variae
1184 2485 1289 2520 ferae
1314 2484 1551 2519 truculentis
1577 2483 1725 2518 oculis:

230 2538 412 2573 similiter
429 2538 469 2573 in
494 2539 622 2574 altero
649 2538 815 2579 inferno,
834 2538 901 2574 ubi
919 2545 1033 2574 erant
1054 2538 1109 2573 dii
1135 2544 1175 2573 et
1196 2538 1294 2573 deus
1316 2538 1504 2577 deorum3
1529 2543 1570 2572 et
1589 2536 1627 2571 in
1648 2535 1724 2570 hoc

229 2598 498 2636 apparuerunt
516 2591 624 2627 dirae
641 2602 734 2627 aves
752 2590 891 2632 noCtis,
905 2602 1007 2637 quae
1020 2597 1216 2626 vocantur
1232 2591 1354 2625 achim
1368 2596 1409 2625 et
1426 2591 1527 2635 ijim,
1541 2589 1724 2624 volantes

229 2643 378 2678 circum
397 2644 509 2684 illos;
535 2644 728 2690 imagines
749 2644 984 2690 phantasiae
1006 2644 1164 2679 illorum
1187 2643 1243 2679 ita
1263 2643 1360 2678 mihi
1378 2642 1487 2678 visae
1508 2648 1613 2677 sunt.
1665 2641 1722 2675 Ex

230 2695 293 2732 his
311 2697 451 2742 patuit,
470 2697 597 2743 qualis
615 2703 677 2733 est
694 2708 807 2732 amor
824 2697 883 2732 sui
903 2697 1100 2743 politicus,
1115 2703 1156 2732 et
1169 2696 1296 2742 qualis
1314 2702 1376 2731 est
1393 2706 1507 2731 amor
1519 2695 1579 2730 sui
1598 2694 1724 2729 eccle-

230 2748 423 2790 siasticus,
442 2750 551 2795 quod
578 2749 643 2785 hic
671 2749 723 2785 sit
748 2756 794 2784 ut
813 2750 939 2785 velint
964 2760 1050 2785 esse
1076 2749 1141 2790 dii,
1165 2749 1228 2784 ille
1253 2755 1388 2784 autem
1416 2754 1461 2783 ut
1485 2747 1611 2783 velint
1636 2757 1723 2782 esse

231 2800 509 2847 imperatores;
535 2808 576 2837 et
593 2803 700 2848 quod
720 2802 776 2838 ita
791 2802 928 2844 velint,
946 2808 987 2838 et
1004 2813 1164 2849 quoque
1182 2800 1381 2843 arefient,
1400 2807 1593 2848 quantum
1612 2798 1724 2835 frena

230 2854 431 2890 amoribus
450 2854 535 2890 istis
552 2855 788 2891 relaxantur.

301 2907 423 2953 265.
457 2907 603 2942 Postea
616 2914 796 2953 apertum
815 2914 876 2944 est
895 2907 1104 2948 infernum,
1123 2907 1190 2943 ubi
1209 2907 1290 2943 vidi
1309 2907 1421 2948 duos,
1439 2916 1562 2941 unum
1581 2905 1723 2941 seden-

231 2963 313 2994 tem
339 2969 458 3004 super
474 2970 649 3001 scamno,
667 2967 872 2996 tenentem
901 2962 1022 3006 pedes
1049 2961 1087 2996 in
1114 2960 1289 2996 canistro
1315 2960 1434 3006 pleno
1459 2958 1720 3004 serpentibus,

232 3010 300 3051 uui
326 3011 399 3048 visi
424 3019 518 3048 sunt
545 3024 700 3049 sursum
728 3024 797 3057 per
822 3012 959 3060 peftus
986 3023 1110 3060 usque
1132 3013 1181 3048 ad
1207 3012 1354 3049 collum
1376 3012 1654 3058 subrepentem
1680 3018 1721 3048 et
