2014 3386
0 1419 10 1486 ³2,

0 1489 9 1568 l·

416 362 483 400 DE
516 366 696 399 AMORE
728 363 1209 399 SCORTATOR10.—N.
1236 366 1484 407 444[prtm0].
1620 367 1701 408 339

275 482 353 519 Sed
379 489 476 518 tunc
502 481 785 527 quaesiverunt
811 480 892 515 duo
917 479 1059 526 angeli,
1083 478 1332 526 “Quomodo
1356 479 1488 525 potuit
1510 479 1633 515 homo
1660 491 1703 516 se

202 544 383 572 avertere
400 547 424 571 a
442 535 540 576 Deo,
559 542 600 570 et
617 540 851 569 convertere
869 533 920 568 ad
938 539 1076 573 semet,
1091 543 1181 567 cum
1200 539 1335 567 tamen
1356 533 1479 568 homo
1497 533 1597 567 nihil
1616 541 1705 579 pot-

202 596 264 626 est
284 589 397 631 velle,
415 588 593 635 cogitare
611 594 652 623 et
672 587 764 623 inde
783 586 913 622 facere
931 586 1008 622 nisi
1025 597 1049 621 a
1068 585 1155 621 Deo
1170 585 1186 622 ?
1237 585 1319 622 Cur
1337 585 1446 621 Deus
1464 586 1542 621 hoc
1560 587 1704 632 permi-

202 643 254 679 sit
264 642 305 679 ?”

274 695 354 732 Sed
373 694 574 741 respondi,
594 699 616 712 “
630 693 766 729 Homo
784 700 944 729 creatus
961 699 1033 734 est,
1052 698 1098 728 ut
1115 703 1235 728 omne
1253 693 1361 739 quod
1379 693 1477 734 vult,
1493 693 1646 740 cogitat
1664 699 1704 729 et

201 749 307 791 facit,
327 755 516 795 appareat
533 748 570 783 ei
589 736 693 783 sicut
711 747 751 782 in
770 758 822 786 se,
842 754 883 782 et
900 747 958 782 sic
975 757 1077 787 a-se:
1104 746 1227 782 homo
1245 747 1396 792 absque
1415 747 1490 782 hac
1509 758 1705 792 apparen-

201 803 269 843 tia,
288 813 369 838 non
397 802 501 837 foret
527 801 661 841 homo,
685 797 766 836 non
788 800 895 836 enim
921 799 1070 846 aliquid
1097 799 1192 835 boni
1219 806 1260 835 et
1285 799 1381 841 veri,
1400 811 1469 835 seu
1491 800 1638 835 amoris
1665 807 1704 835 et

202 855 431 902 sapientiae,
450 862 588 901 posset
606 854 791 900 recipere,
810 853 992 893 retinere,
1007 860 1048 888 et
1066 853 1141 888 sibi
1159 853 1271 899 quasi
1290 853 1546 899 appropriare
1563 865 1571 894 ;
1597 853 1704 888 unde

140 935 142 937 -
202 909 392 955 sequitur,
411 908 518 954 quod
545 908 695 953 absque
722 907 788 942 illa
808 906 1044 954 apparentia
1064 906 1170 942 sicut
1190 906 1292 947 viva,
1312 917 1392 941 non
1419 906 1524 942 foret
1550 906 1704 941 homini

201 961 434 1008 conjunftio
459 972 549 997 cum
578 960 676 1001 Deo,
703 967 744 996 et
770 960 862 996 inde
887 970 961 995 nec
986 960 1070 995 vita
1094 967 1269 995 aeterna.
1321 959 1470 995 Verum
1497 960 1529 995 si
1556 970 1605 995 ex
1631 959 1705 995 hac

201 1015 436 1061 apparentia
457 1014 612 1049 inducit
632 1014 706 1049 sibi
728 1013 848 1049 fidem
870 1013 978 1060 quod
999 1013 1107 1054 velit,
1119 1013 1289 1059 cogitet,
1312 1020 1352 1048 et
1379 1013 1471 1048 inde
1494 1013 1614 1048 faciat
1634 1014 1705 1048 bo-

202 1079 299 1103 num
320 1079 369 1104 ex
390 1079 443 1108 se,
462 1074 503 1103 et
524 1078 605 1103 non
627 1078 676 1102 ex
699 1066 886 1107 Domino,
905 1066 1065 1102 tametsi
1088 1067 1127 1101 in
1149 1064 1259 1102 omni
1278 1066 1513 1112 apparentia
1531 1066 1634 1102 sicut
1655 1077 1705 1102 ex

202 1133 256 1162 se,
273 1122 394 1157 vertit
412 1122 560 1156 bonum
582 1120 620 1155 in
640 1121 788 1156 malum
806 1121 912 1166 apud
931 1131 984 1160 se,
1003 1126 1044 1155 et
1064 1119 1121 1155 sic
1143 1120 1182 1155 in
1204 1131 1246 1155 se
1268 1119 1366 1155 facit
1383 1120 1579 1166 originem
1599 1120 1704 1155 mali.

204 1174 295 1210 Hoc
313 1174 387 1209 fuit
406 1174 552 1209 Adami
571 1180 792 1220 peccatum.
844 1173 923 1210 Sed
942 1173 1045 1208 hanc
1060 1184 1142 1208 rem
1157 1173 1406 1219 aliquantum
1425 1173 1598 1208 lucidius
1613 1184 1706 1219 ape-

203 1229 322 1263 riam:
349 1227 548 1263 Dominus
565 1227 709 1273 aspicit
726 1238 888 1262 omnem
907 1226 1112 1262 hominem
1132 1226 1171 1261 in
1190 1226 1442 1272 frontispicio
1461 1227 1560 1272 ejus,
1580 1233 1620 1262 et
1639 1226 1705 1262 hic

201 1280 387 1327 aspectus
407 1280 551 1316 transit
573 1280 613 1315 in
636 1279 869 1326 occipitium
891 1280 998 1326 ejus:
1029 1281 1102 1316 sub
1125 1279 1380 1325 frontispicio
1401 1287 1462 1315 est
1483 1281 1704 1321 cerebrum,

201 1342 243 1370 et
261 1335 335 1370 sub
349 1333 538 1380 occipitio
553 1340 615 1369 est
629 1333 870 1369 cerebellum
883 1345 890 1374 ;
918 1333 995 1368 hoc
1009 1333 1185 1368 dicatum
1200 1340 1262 1368 est
1276 1333 1403 1368 amori
1419 1340 1459 1368 et
1474 1334 1561 1379 ejus
1576 1333 1704 1374 bonis,

201 1395 242 1424 et
261 1388 357 1422 illud
376 1388 552 1422 dicatum
573 1393 635 1422 est
652 1386 872 1432 sapientiae
890 1393 931 1422 et
948 1387 1034 1432 ejus
1052 1387 1176 1427 veris;
1203 1397 1325 1432 quare
1344 1386 1411 1432 qui
1431 1386 1586 1432 spectat
1605 1386 1705 1422 facie

200 1441 251 1476 ad
280 1441 510 1478 Dominum.
533 1440 676 1486 recipit
697 1441 748 1476 ab
774 1439 867 1486 Ipso
889 1439 1126 1485 sapientiam
1153 1446 1194 1475 et
1221 1451 1291 1485 per
1313 1440 1415 1475 hanc
1436 1451 1636 1481 amorem;
1663 1447 1706 1475 at

201 1495 269 1541 qui
291 1502 398 1530 retro
419 1493 575 1540 spectat
600 1505 624 1530 a
651 1493 839 1534 Domino,
862 1487 1003 1540 recipit
1024 1505 1201 1529 amorem
1223 1501 1264 1529 et
1290 1505 1370 1530 non
1393 1494 1642 1540 sapientiam,
1666 1501 1707 1530 et

202 1559 315 1584 amor
327 1549 477 1594 absque
495 1547 692 1593 sapientia
702 1554 764 1583 est
780 1558 893 1583 amor
910 1548 959 1583 ab
977 1547 1140 1583 homine
1158 1554 1199 1583 et
1217 1558 1297 1582 non
1315 1558 1339 1582 a
1358 1547 1552 1588 Domino;
1578 1555 1619 1583 et
1640 1548 1707 1583 hic

203 1612 315 1636 amor
327 1601 421 1647 quia
439 1612 480 1636 se
499 1601 714 1648 conjungit
731 1612 821 1636 curn
838 1600 957 1641 falsis,
978 1612 1057 1636 non
1076 1601 1260 1647 agnoscit
1280 1600 1422 1640 Deum,
1436 1601 1504 1636 sed
1523 1601 1707 1646 agnoscit

202 1666 243 1690 se
270 1665 342 1700 pro
368 1655 455 1694 deo.
477 1661 518 1690 et
553 1654 633 1690 hoc
654 1655 774 1690 tacite
792 1654 1004 1690 confirmat
1030 1666 1101 1700 per
1127 1654 1358 1690 facultatem
1381 1655 1631 1701 intelligendi
1666 1661 1707 1690 et

201 1709 383 1754 sapiendi
397 1708 472 1744 sibi
487 1719 510 1743 a
523 1709 726 1744 creatione
742 1708 910 1744 inditam
929 1708 1032 1744 sicut
1049 1720 1072 1744 a
1090 1719 1151 1750 se;
1177 1719 1298 1754 quare
1312 1709 1378 1744 hic
1389 1719 1502 1743 amor
1515 1716 1576 1744 est
1591 1708 1707 1755 origo

202 1763 306 1799 mali.
358 1761 477 1810 Quod
498 1763 553 1798 ita
570 1763 632 1803 sit,
653 1763 918 1798 demonstrari
938 1770 1072 1809 potest
1089 1764 1138 1798 ad
1158 1763 1339 1804 oculum:
1365 1763 1520 1798 vocabo
1539 1763 1618 1798 huc
1635 1763 1707 1798 ali-

201 1827 320 1863 quem
343 1817 490 1851 malum
513 1816 710 1862 spiritum,
733 1817 801 1863 qui
825 1828 866 1852 se
895 1816 1041 1852 avertit
1067 1827 1091 1852 a
1117 1816 1215 1857 Deo,
1235 1824 1275 1852 et
1301 1817 1444 1863 loquar
1468 1817 1519 1852 ad
1547 1816 1658 1854 illum
1683 1827 1707 1852 a

201 1876 317 1916 tergo
338 1880 408 1906 seu
432 1870 470 1905 in
493 1870 739 1916 occipitium,
758 1877 800 1906 et
820 1870 975 1906 videbis
996 1870 1104 1917 quod
1127 1870 1194 1905 illa
1213 1881 1316 1916 quae
1338 1870 1528 1905 dicuntur
1547 1877 1708 1906 vertan-

203 1929 270 1958 tur
287 1923 326 1958 in
345 1923 579 1959 contraria.”

276 1975 326 2012 Et
343 1977 484 2012 vocavi
503 1988 626 2012 unum
646 1977 790 2018 talem;
816 1976 966 2017 aderat,
985 1982 1026 2012 et
1047 1976 1206 2012 locutus
1224 1987 1311 2012 sum
1330 1973 1381 2012 ad
1403 1976 1514 2011 illum
1536 1987 1560 2012 a
1579 1983 1706 2023 tergo,

202 2029 351 2071 dicens,
373 2029 576 2066 “Nostine
597 2030 748 2076 aliquid
770 2029 820 2065 de
843 2028 1009 2070 inferno,
1029 2030 1078 2065 de
1101 2030 1371 2069 damnatione,
1394 2037 1434 2065 et
1456 2030 1506 2065 de
1527 2029 1707 2065 cruciatu

203 2082 256 2118 ibi
267 2082 307 2118 ?”
359 2083 408 2118 Et
427 2094 519 2119 mox
533 2094 623 2118 cum
639 2094 856 2119 conversus
868 2089 930 2118 est
946 2083 994 2118 ad
1014 2094 1088 2124 me,
1103 2083 1292 2129 quaesivi,
1309 2088 1328 2101 ‘⁴
1342 2083 1451 2130 Quid
1464 2083 1652 2118 audivisti
1667 2082 1706 2118 ?'’

277 2135 511 2182 Respondit,
525 2142 545 2155 “
556 2136 705 2172 Audivi
720 2136 829 2176 haec.
845 2141 853 2155 ‘
865 2136 1035 2173 Nostine
1049 2136 1197 2183 aliquid
1213 2137 1263 2171 de
1275 2136 1398 2176 caelo,
1413 2136 1463 2171 de
1475 2136 1707 2176 salvatione,

202 2195 243 2226 et
262 2191 311 2226 de
330 2189 521 2226 felicitate
541 2190 592 2225 ibi
605 2189 620 2226 ?
632 2190 640 2202 ¹
653 2190 673 2203 ''
726 2190 776 2225 Et
794 2190 887 2226 dein
902 2201 993 2226 cum
1005 2190 1105 2226 haec
1124 2190 1179 2225 illi
1196 2197 1289 2237 post
1307 2197 1464 2237 tergum
1481 2189 1587 2225 dista
1601 2197 1706 2231 sunt,

202 2243 304 2279 dixit
322 2244 430 2290 quod
449 2244 647 2280 audiverit
666 2244 809 2290 priora.

276 2297 425 2333 Postea
443 2296 550 2332 dista
563 2304 657 2333 sunt
673 2308 697 2333 a
714 2304 829 2344 tergo
843 2297 928 2344 ejus
945 2297 1055 2338 haec,
1071 2302 1091 2315 “
1107 2296 1266 2333 Numne
1285 2297 1362 2333 scis
1378 2297 1486 2343 quod
1506 2296 1561 2331 illi
1580 2296 1647 2342 qui
1667 2296 1707 2332 in

203 2350 362 2386 inferno
379 2357 484 2390 sunt,
505 2350 706 2386 insaniant
727 2362 775 2386 ex
796 2350 905 2387 falsis
917 2350 957 2389 ?'’
1011 2350 1063 2386 Et
1084 2351 1134 2386 de
1156 2350 1217 2386 his
1238 2351 1444 2396 quaesitus
1469 2361 1492 2385 a
1518 2361 1591 2389 me,
1611 2350 1706 2396 quid

202 2403 367 2444 audivit,
387 2403 500 2443 dixit,
521 2408 541 2422 ¹⁴
553 2403 715 2444 Audivi,
730 2409 739 2422 ‘
752 2404 911 2439 Numne
929 2403 1006 2439 scis
1024 2404 1132 2450 quod
1153 2403 1207 2438 illi
1223 2404 1289 2449 qui
1311 2404 1350 2438 in
1369 2403 1480 2439 caelo
1495 2410 1589 2438 sunt
1603 2403 1706 2448 sapi-

202 2465 271 2493 ant
290 2469 338 2494 ex
355 2458 460 2493 veris
472 2456 500 2492 ?’
514 2457 534 2470 ''
587 2457 637 2493 Et
655 2469 745 2493 cum
761 2458 860 2494 haec
878 2457 932 2493 illi
952 2464 1044 2504 post
1061 2465 1219 2504 tergum
1235 2456 1342 2492 dicta
1356 2463 1461 2497 sunt,
1477 2456 1578 2491 dixit
1597 2457 1705 2502 quod

202 2511 412 2552 audiverit,
432 2510 623 2547 “Numne
649 2511 724 2547 scis
750 2511 858 2557 quod
887 2511 942 2547 illi
968 2512 1035 2558 qui
1064 2511 1102 2546 in
1126 2511 1281 2547 inferno
1302 2518 1407 2551 sunt,
1431 2511 1631 2546 insaniant
1657 2520 1706 2545 ex

203 2564 312 2600 falsis
323 2564 364 2600 ?’'
416 2564 467 2600 Et
488 2565 545 2599 sic
566 2575 697 2610 porro.
750 2565 780 2600 E
802 2565 947 2611 quibus
967 2565 1176 2600 evidenter
1197 2571 1319 2610 patet,
1340 2565 1449 2611 quod
1476 2565 1570 2599 dum
1594 2573 1706 2598 mens

202 2628 244 2653 se
265 2617 411 2654 avertit
431 2628 455 2653 a
477 2617 664 2658 Domino.
683 2625 893 2654 convertat
914 2629 956 2654 se
976 2619 1027 2654 ad
1049 2624 1187 2659 semet,
1209 2625 1251 2654 et
1272 2625 1369 2653 tunc
1395 2617 1587 2663 percipiat
1609 2627 1705 2652 con-

203 2670 335 2706 traria.

274 2729 294 2741 ‘¹
307 2723 419 2759 Haec
430 2734 550 2759 causa
560 2729 631 2764 est,
643 2723 764 2769 quod,
775 2729 820 2759 ut
831 2724 969 2763 nostis,
983 2724 1022 2759 in
1035 2724 1186 2759 mundo
1198 2723 1276 2759 hoc
1287 2723 1481 2769 spirituali
1496 2733 1574 2757 non
1587 2722 1706 2756 liceat

203 2782 308 2812 stare
326 2787 350 2812 a
366 2782 482 2823 tergo
500 2776 673 2817 alterius,
693 2783 735 2812 et
751 2777 801 2812 ad
821 2776 930 2812 illum
951 2777 1071 2823 loqui,
1091 2777 1147 2812 sic
1165 2777 1271 2812 enim
1290 2777 1325 2812 ei
1346 2777 1562 2822 inspiratur
1578 2786 1702 2815 amor,

203 2828 267 2864 eui
286 2829 553 2876 intelligentia
570 2829 730 2875 propria
747 2836 909 2876 propter
925 2830 1008 2877 ejus
1021 2830 1244 2876 jucundum
1261 2829 1369 2865 favet
1387 2836 1427 2865 et
1445 2829 1583 2864 obedit
1598 2840 1606 2869 ;
1633 2828 1703 2863 sed

204 2881 298 2927 quia
325 2882 376 2917 ab
406 2882 568 2918 homine
596 2889 668 2923 est,
687 2889 728 2918 et
756 2893 837 2918 non
867 2893 891 2918 a
921 2883 1019 2923 Deo,
1038 2889 1100 2919 est
1126 2893 1239 2918 amor
1257 2883 1359 2921 mali,
1379 2889 1448 2917 aut
1474 2892 1587 2916 amor
1604 2880 1705 2917 falsi.

207 2934 374 2970 Praeter
390 2935 468 2971 hoc
486 2935 653 2971 referam
668 2935 782 2971 vobis
800 2935 925 2972 simile
941 2936 1060 2975 aliud,
1076 2947 1232 2981 nempe,
1246 2936 1354 2982 quod
1367 2935 1580 2981 aliquoties
1593 2934 1706 2970 audi-

207 2989 330 3023 verim
349 2988 454 3023 bona
470 2996 511 3024 et
528 2999 622 3024 vera
639 2988 801 3034 delapsa
817 2999 839 3024 e
856 2988 968 3025 caelo
987 2989 1026 3023 in
1046 2988 1254 3029 infernum,
1273 2995 1313 3024 et
1330 2989 1438 3034 quod
1458 2988 1525 3023 illa
1543 2987 1594 3022 ibi
1615 2998 1706 3033 pro-

203 3040 379 3086 gressive
399 3052 513 3077 versa
534 3040 682 3077 fuerint
708 3041 748 3076 in
774 3044 972 3088 opposita.
999 3042 1150 3077 bonum
1177 3041 1217 3076 in
1244 3041 1404 3082 malum,
1431 3047 1472 3076 et
1498 3051 1634 3076 verum
1664 3040 1703 3075 in
