2014 3386
310 348 396 392 410
719 345 786 378 DE
818 344 996 378 AMORE
1028 343 1403 378 SCORTATORIO.

308 458 594 505 jucunditates,
613 469 714 505 quae
732 469 899 505 usquam
918 457 1089 494 conferri
1108 463 1276 504 possunt
1295 468 1319 493 a
1341 456 1537 498 Domino;
1563 462 1603 493 et
1619 457 1728 503 quod
1749 468 1810 494 re-

309 512 561 558 ceptaculum
589 511 743 547 illarum
770 512 822 547 sit
847 522 960 547 amor
983 522 1076 547 vere
1097 510 1344 558 conjugialis‚
1366 510 1435 557 qui
1460 510 1511 546 ad
1538 510 1700 557 plenum
1721 521 1809 548 sen·

311 575 400 601 sum
420 571 555 611 potest
573 564 659 600 illas
676 564 851 610 recipere
869 571 909 600 et
926 564 1128 610 percipere
1139 563 1181 599 ?''

383 617 599 664 Respondi,
618 618 727 663 quod
754 617 832 653 hoc
858 628 938 652 non
964 617 1102 657 sciant,
1121 616 1214 663 quia
1239 627 1319 652 non
1342 615 1555 652 adiverunt
1578 615 1808 658 Dominum,

310 677 351 706 et
368 671 555 706 vixerunt
572 671 792 706 secundum
812 677 1025 716 praecepta
1044 670 1172 715 Ipsius
1190 669 1381 716 fugiendo
1399 669 1504 704 mala
1517 675 1561 704 ut
1579 676 1755 715 peccata,
1769 675 1810 705 et

310 723 496 759 faciendo
517 724 641 764 bona3
667 729 708 759 et
727 734 840 758 amor
856 734 949 758 vere
970 723 1208 769 conjugialis
1229 733 1319 758 curn
1341 722 1424 758 suis
1441 722 1596 758 deliciis
1613 723 1731 758 unice
1749 729 1810 758 est

310 787 333 812 a
355 776 541 817 Domino,
560 783 601 812 et
622 777 740 811 datur
758 776 834 811 illis
855 776 923 822 qui
943 775 1086 811 vivunt
1106 775 1329 811 secundum
1349 782 1560 821 praecepta
1579 775 1728 821 Ipsius;
1754 775 1811 812 ita

309 830 419 875 quod
441 829 559 865 detur
577 829 665 867 illis,
686 829 754 875 qui
777 829 1024 874 recipiuntur
1049 828 1089 863 in
1111 839 1256 864 novam
1281 828 1445 863 Domini
1465 828 1686 870 ecclesiam,
1707 839 1808 875 quae

310 882 350 917 in
362 883 599 928 Apocahtpsi
612 893 682 928 per
695 887 715 901 “
728 882 882 918 Novam
901 882 1221 928 Hierosolymam
1238 881 1256 894 ''
1270 881 1514 928 intelligitur.
1565 881 1641 918 His
1657 882 1807 923 addidi,

310 935 419 980 quod
445 935 486 970 in
513 935 636 970 dubio
657 935 743 976 sim,
762 946 857 970 num
878 935 1006 971 velint
1032 935 1071 970 in
1098 934 1250 970 mundo
1276 934 1397 970 hodie
1418 935 1590 976 credere,
1607 935 1714 981 quod
1742 935 1809 972 ille

309 998 422 1023 amor
447 987 487 1022 in
513 999 555 1024 se
581 988 633 1023 sit
650 999 764 1023 amor
781 988 1007 1033 spiritualis,
1027 994 1068 1023 et
1094 987 1187 1023 inde
1211 998 1261 1023 ex
1286 987 1488 1034 religione,
1505 998 1556 1024 ex
1579 999 1700 1024 causa
1715 988 1810 1035 quia

310 1040 361 1076 de
380 1040 449 1076 illo
467 1039 607 1076 fovent
625 1041 748 1076 modo
767 1041 897 1076 ideam
916 1051 1161 1086 corpoream.

381 1094 495 1129 Tunc
517 1093 703 1129 dixerunt
723 1094 774 1128 ad
797 1105 871 1134 me,
895 1093 1063 1129 “Scribe
1085 1094 1135 1128 de
1157 1093 1237 1134 illo,
1259 1099 1300 1128 et
1325 1088 1491 1139 sequere
1512 1093 1808 1134 revelationem,

310 1152 351 1182 et
369 1153 510 1193 postea
526 1147 626 1182 liber
642 1147 692 1182 de
714 1147 782 1183 illo
800 1147 969 1193 scriptus
988 1147 1222 1183 demittetur
1240 1158 1264 1183 a
1284 1147 1400 1182 nobis
1418 1158 1440 1182 e
1454 1148 1576 1187 caelo,
1595 1154 1635 1183 et
1655 1147 1816 1185 videbi-—

310 1210 399 1235 mus
413 1211 507 1235 num
523 1200 767 1246 recipiantur
782 1200 962 1246 illa·quae
977 1200 1074 1235 inibi
1088 1206 1204 1241 sunt;
1230 1206 1270 1235 et
1284 1200 1400 1235 simul
1416 1211 1511 1235 num
1525 1200 1651 1236 velint
1666 1205 1810 1247 ag'nos-

309 1262 409 1292 cere,
427 1253 536 1299 quod
558 1252 623 1288 ille
641 1264 754 1288 amor
775 1253 827 1288 sit
845 1253 1064 1288 secundum
1083 1253 1315 1299 religionem
1333 1253 1440 1298 apud
1459 1253 1676 1294 hominem,
1695 1253 1809 1300 spiri-

309 1305 429 1341 tualis
457 1305 563 1351 apud
593 1306 831 1351 spirituales,
854 1306 1046 1342 naturalis
1071 1307 1177 1352 apud
1203 1306 1415 1347 naturales,
1435 1313 1477 1342 et
1504 1317 1611 1342 mere
1637 1306 1809 1344 carnalis

310 1358 418 1404 apud
436 1358 677 1394 adulteros.’'

380 1419 500 1459 535.
535 1412 634 1448 Post
653 1413 751 1448 haec
765 1412 898 1448 audivi
915 1412 1104 1448 infestum
1119 1424 1299 1448 murmur
1315 1423 1364 1448 ex
1382 1411 1526 1454 inferis,
1541 1418 1583 1449 et
1599 1411 1717 1449 simul
1735 1413 1808 1450 has

309 1474 441 1505 voces,
461 1470 481 1484 “
496 1465 575 1501 Fac
596 1465 788 1501 miracula
804 1472 845 1501 et
863 1466 1109 1502 credemus.”

383 1517 435 1553 Et
452 1518 642 1564 quaesivi,
658 1523 678 1537 ‘¹
695 1518 854 1554 Numne
874 1519 940 1554 illa
957 1525 1052 1554 sunt
1070 1519 1260 1555 miracula
1271 1518 1313 1556 ?''

384 1570 436 1605 Et
452 1582 689 1616 responsum
709 1578 781 1612 est,
802 1576 822 1590 ‘⁶
837 1570 929 1607 Non
947 1571 1079 1607 sunt.''

384 1623 435 1659 Et
452 1624 640 1669 quaesivi,
661 1629 679 1643 “
693 1623 806 1671 Quae
824 1635 920 1670 ergo
939 1621 1129 1660 miracula
1141 1623 1181 1660 ?”

384 1675 434 1711 Et
452 1675 602 1712 dictum
621 1684 693 1718 est,
709 1682 729 1695 “
743 1677 957 1713 Manifesta
974 1684 1014 1713 et
1032 1677 1164 1713 revela
1182 1677 1325 1718 futura,
1341 1684 1382 1714 et
1399 1677 1520 1713 fidem
1538 1677 1808 1714 habebimus.”

384 1728 463 1765 Sed
478 1730 677 1775 respondi,
692 1731 837 1766 “Talia
850 1741 872 1766 e
885 1731 997 1766 caelo
1011 1741 1091 1765 non
1106 1731 1262 1771 dantur,
1275 1731 1463 1776 quoniam
1477 1737 1670 1776 quantum
1685 1730 1808 1766 homo

311 1781 387 1818 scit
408 1781 552 1823 futura,
574 1789 731 1818 tantum
753 1783 839 1829 ejus
861 1783 963 1819 ratio
983 1790 1024 1819 et
1047 1782 1272 1819 intellec‘tus
1293 1794 1384 1819 cum
1406 1783 1618 1830 prudentia
1638 1789 1679 1819 et
1703 1783 1808 1830 sapi-

312 1835 432 1875 entia,
451 1835 558 1871 cadit
578 1836 617 1870 in
636 1836 775 1876 otium,
793 1843 939 1882 torpet,
958 1843 999 1872 et
1017 1836 1314 1872 labefa&atur.”

385 1888 435 1924 Et
453 1888 596 1924 iterum
619 1889 809 1935 quaesivi,
829 1894 849 1908 ‘⁴
861 1889 974 1936 Quae
991 1890 1070 1925 alia
1088 1890 1278 1925 miracula
1295 1889 1435 1925 faciam
1449 1888 1490 1925 ?’'

386 1941 437 1976 Et
454 1948 551 1976 tunc
568 1942 787 1977 clamatum
802 1949 874 1982 est,
895 1947 915 1961 “
929 1942 1008 1978 Fac
1025 1943 1171 1978 similia
1187 1953 1291 1988 quae
1311 1942 1446 1978 Moses
1464 1941 1503 1976 in
1523 1940 1748 1988 Aegypto.”

385 1994 450 2029 Ad
481 1994 559 2029 hoc
580 1994 822 2040 respondi„“
836 1994 957 2031 Forte
985 1996 1036 2031 ad
1067 1996 1135 2031 illa
1157 1995 1390 2031 obduraturi
1411 1994 1507 2031 estis
1532 1995 1654 2030 corda
1673 2001 1809 2030 vestra

312 2046 417 2083 sicut
437 2046 592 2082 Pharao
602 2053 650 2082 et
665 2047 889 2094 Aegyptii.”

387 2099 438 2135 Et
455 2110 691 2145 responsum
710 2107 784 2140 est,
803 2100 911 2146 quod
931 2111 1023 2136 non.

386 2152 443 2188 At
458 2152 601 2188 iterum
616 2153 708 2194 dixi,
727 2154 997 2188 “Asseverate
1015 2153 1123 2194 mihi,
1142 2153 1249 2199 quod
1269 2163 1349 2188 non
1362 2152 1542 2188 saltaturi
1557 2152 1645 2188 sitis
1658 2152 1807 2188 circum

313 2204 484 2241 vitulum
502 2216 677 2246 aureum,
699 2213 740 2241 et
765 2206 969 2241 adoraturi
988 2206 1098 2240 illum
1120 2206 1223 2241 sicut
1245 2206 1393 2251 posteri
1410 2205 1560 2252 Jacobi,
1579 2206 1687 2251 quod
1705 2205 1808 2241 fece-

315 2264 408 2293 runt
424 2269 449 2294 a
462 2258 609 2294 mensis
623 2259 753 2304 spatio
767 2266 977 2305 postquam
991 2258 1180 2294 viderunt
1197 2265 1327 2294 totum
1344 2259 1522 2294 Montem
1540 2258 1647 2293 Sinai
1665 2259 1807 2293 arden-

314 2318 409 2351 tem,
435 2317 477 2346 et
502 2311 741 2347 audiverunt
763 2311 897 2357 Ipsum
923 2311 1116 2358 Jehovam
1143 2322 1191 2346 ex
1226 2311 1316 2357 igne
1342 2311 1594 2357 loquentem;
1633 2311 1689 2346 ita
1714 2317 1808 2357 post

316 2364 561 2405 miraculum,
585 2365 693 2410 quod
723 2371 809 2400 erat
838 2364 1017 2400 omnium
1048 2364 1302 2400 maximum.”
1352 2364 1544 2400 “Vitulus
1573 2375 1714 2400 aureus
1727 2363 1747 2378 ''
1766 2363 1804 2399 in

315 2417 511 2463 spirituali
530 2428 648 2452 sensu
668 2424 729 2453 est
747 2418 932 2463 voluptas
949 2417 1090 2452 carnis.

389 2469 439 2505 Et
457 2480 691 2516 responsum
710 2477 772 2506 est
793 2481 841 2506 ex
860 2469 1005 2509 inferis,
1026 2474 1046 2488 ‘¹
1062 2469 1152 2505 Non
1171 2469 1318 2505 erimus
1336 2469 1439 2505 sicut
1457 2470 1605 2516 posteri
1620 2468 1796 2516 Jacobi.”

388 2522 444 2557 At
455 2529 552 2557 tunc
565 2523 700 2558 audivi
715 2524 792 2558 hoc
805 2534 826 2558 e
841 2523 951 2558 caelo
967 2523 1042 2558 illis
1057 2521 1231 2558 dictum:
1254 2522 1324 2557 “Si
1341 2534 1421 2558 non
1435 2522 1596 2558 creditis
1612 2523 1752 2558 Mosen
1767 2528 1808 2558 et

318 2573 552 2620 Prophetas,
572 2576 649 2611 hoc
667 2583 739 2616 est,
758 2576 935 2611 Verbum
956 2575 1130 2615 Domini,
1148 2586 1229 2610 non
1247 2576 1418 2610 credetis
1437 2586 1485 2610 ex
1503 2575 1701 2610 miraculis
1719 2575 1808 2621 plus

317 2638 436 2673 quam
451 2628 520 2663 filii
533 2629 671 2676 Jacobi
687 2629 725 2664 in
739 2630 916 2670 deserto;
931 2640 1030 2664 neve
1043 2629 1131 2674 plus
1142 2640 1259 2674 quam
1273 2629 1326 2663 illi
1337 2629 1602 2668 crediderunt,
1617 2628 1712 2663 dum
1727 2628 1808 2664 suis

318 2681 445 2717 oculis
453 2681 640 2718 viderunt
653 2682 842 2718 miracula
853 2683 902 2718 ab
916 2682 1009 2729 Ipso
1022 2681 1208 2723 Domino,
1220 2682 1313 2717 dum
1326 2681 1401 2717 fuit
1412 2681 1450 2717 in
1461 2681 1622 2722 mundo,
1634 2679 1774 2717 factal·
